3004 4768
353 307 605 378 HISTORIAE
628 309 717 378 LlB.
740 309 839 378 vlu.
1067 317 1133 382 478

94 479 263 560 habebant,
282 482 384 566 copiis
406 483 440 548 in
460 495 579 549 terrem
599 484 750 568 expositis
772 483 813 550 ed
838 482 1045 562 Panormunr,
1059 487 1135 570 agri
1169 502 1230 572 nat

95 564 212 632 Milesii
227 571 382 652 oppidum,
399 568 606 636 Chalcidenm
624 569 902 636 Lacedaemonium
918 569 1043 650 ducem,
1053 591 1132 646 ⁴cum
1157 557 1240 630 Peto„

92 655 202 736 prucis
215 667 434 722 occurrentem
455 657 497 722 sd
520 658 584 720 rim
607 657 789 734 arcendam,
805 654 1046 722 interfeceruntt
1073 669 1132 722 met
1147 633 1246 767 3ῗῖζὲ

92 740 188 804 tertio
211 755 281 825 post
306 741 368 820 die,
391 753 499 806 erecto
525 755 661 828 tropoeo,
685 743 855 810 abierunt*
887 741 987 818 Quod
1013 741 1132 808 Milesii
1160 766 1223 824 ng

93 825 299 904 sustulerunt,
315 841 352 894 ut
373 830 413 892 ab
435 827 498 892 illis
520 842 669 908 erectum,
708 829 741 894 ui
759 850 872 915 agrum
893 829 925 892 in
949 851 1040 904 susm
1060 843 1132 914 pct-
1159 821 1234 915 3¹0,

88 924 221 976 estatem
234 935 432 1001 nequaquam
445 913 520 980 rede
543 914 647 980 'ssent
748 937 770 979 n
785 928 891 981 autem
902 914 1132 980 etDiomedon
1157 931 1234 981 vm.

90 1019 164 1062 cum
187 998 432 1066 Atheniensium
453 937 600 1090 baridos,
624 1023 703 1088 quas
726 1023 765 1066 ex
792 999 897 1066 Lesbo
920 1022 1027 1066 secum
1050 1003 1133 1066 dux·
1167 995 1224 1062 ³41·

88 1097 191 1162 erant,
215 1107 255 1150 ex
284 1085 437 1151 OEnussis
456 1085 568 1152 insulis
589 1086 673 1152 Chio
692 1085 920 1174 adjacentibus,
939 1108 981 1151 ex
1004 1087 1134 1152 Sidusss

88 1191 228 1256 quoque,
243 1184 276 1236 et
292 1170 413 1249 Pteleo‚
431 1176 543 1258 (¹¹quas
565 1173 658 1240 urbes
676 1175 711 1237 in
730 1195 806 1258 agro
822 1171 994 1258 Erythroeo
1007 1171 1132 1242 obtine·

88 1254 180 1338 hant)
205 1269 300 1344 atque
325 1280 367 1322 ex
390 1257 497 1324 Lesbo
521 1257 764 1343 proficiscentes,
788 1280 829 1323 ex
854 1259 987 1328 navibus
1014 1257 1131 1326 bellum

85 1341 239 1409 adversus
256 1341 356 1409 Chios
370 1344 644 1412 administrabant.
687 1344 886 1410 ⁰Habebant
907 1357 1014 1423 autern
1028 1347 1133 1434 gravis

85 1441 260 1494 armatura
275 1429 390 1496 milites
405 1430 606 1518 legionarios,
623 1454 702 1516 quos
717 1453 813 1496 naves
835 1433 1045 1498 conscendere
1059 1435 1132 1499 cot·

83 1527 263 1603 gerantut
283 1537 394 1582 earum
416 1528 519 1582 essent
539 1517 729 1584 defensores.
775 1516 819 1582 Et
839 1517 881 1584 ad
904 1516 1131 1603 Cardamylsnr

8 1671 9 1674 Ἴ
84 1601 238 1686 expositis
264 1603 297 1666 in
323 1615 440 1668 terram
464 1603 574 1688 copiis,
596 1616 629 1668 et
657 1603 698 1670 ad
722 1602 881 1669 Bolissnm
902 1601 992 1668 Chiis
1014 1604 1133 1688 proelio

83 1688 188 1766 victis,
204 1687 374 1776 multisque
387 1689 488 1769 caesis,
505 1690 559 1776 qui
582 1691 621 1756 sd
644 1691 707 1756 vim
730 1689 901 1756 arcardsm
923 1689 1049 1759 obviam
1070 1690 1132 1756 aibi

8 1815 9 1852 ,
81 1788 317 1859 processerant,
340 1791 383 1840 Ρο
430 1775 483 1842 ida
512 1777 545 1840 in
571 1775 631 1841 hac
653 1789 744 1862 perte
767 1777 826 1842 site
851 1788 1042 1845 everterunt.
1088 1776 1132 1843 Et

79 1863 201 1926 eosdem
218 1859 310 1928 Chios
324 1861 367 1926 ad
383 1798 511 1928 l’hanm
534 1883 643 1927 rursus
664 1863 767 1928 altero
788 1862 912 1948 praelio,
927 1875 959 1928 et
980 1863 1074 1927 tertio
1088 1863 1130 1928 ed

8 1993 9 2026 3
81 1945 287 2012 Leuconium
308 1947 464 2014 vicerunt.
509 1948 625 2014 Postea
645 1969 720 2016 vero
742 1947 819 2014 Chii
841 1949 970 2036 quidem
988 1949 1058 2034 jem
1073 1947 1128 2014 ad-

79 2053 194 2113 yersus
220 2033 422 2100 Athenienses
447 2033 533 2100 hnud
559 2033 696 2121 amplius
717 2035 848 2120 prodire
869 2049 944 2098 sunt
965 2033 1049 2098 ausi:
1083 2034 1129 2098 illi

79 2141 162 2185 vero
175 2119 337 2207 regionem
358 2143 377 2184 e
416 2121 486 2209 egie
500 2121 697 2200 instructam,
713 2135 744 2184 et
757 2144 778 2186 a
792 2121 876 2186 bello
893 2119 1025 2186 Medico
1038 2120 1078 2184 ad
1095 2120 1128 2186 id

8 2247 9 2258 κ
78 2227 184 2290 usque
205 2219 331 2292 tempos
353 2206 375 2270 il
387 2228 495 2285 aesam,
517 2206 731 2292 diripuerunt.
777 2205 852 2271 Chii
873 2207 958 2271 enim
980 2205 1039 2286 soli
1063 2229 1128 2272 om-

8 2365 9 2370 ,
76 2294 177 2368 nium,
205 2313 285 2379 quos
313 2314 376 2381 ego
400 2293 547 2393 cognovi,
570 2303 660 2377 apost
682 2291 955 2372 Lacedaemonios,
977 2291 1072 2358 simul
1097 2304 1129 2360 et

8 2403 9 2412 ¹
75 2377 166 2444 beati
181 2390 213 2444 et
227 2378 361 2444 modesti
380 2391 583 2455 exstiterunt,
599 2393 631 2444 et
675 2401 717 2442 uo
738 2379 839 2467 tnagis
860 2379 1002 2464 ipsorum
1018 2379 1128 2446 civitas

8 2511 10 2552 ,
73 2462 253 2544 crescebat,
276 2486 315 2530 eo
342 2464 443 2553 magis
468 2464 565 2530 etiam
590 2402 755 2530 modestis
780 2486 912 2549 operam
936 2464 1066 2542 dabant,
1091 2479 1127 2534 ut

8 2615 10 2634 ‚
73 2549 183 2637 magis
205 2562 307 2619 essent
333 2552 458 2616 muniti.
504 2551 547 2616 Et
572 2572 613 2614 ne
637 2550 737 2636 ipsam
763 2551 891 2636 quidem
914 2549 1124 2616 delectionem

71 2637 118 2720 (si
133 2647 255 2720 preter
269 2635 313 2714 id,
329 2635 415 2725 quod
438 2639 516 2720 ipsu
537 2649 651 2702 tutum-
663 2647 741 2714 erat,
757 2635 819 2702 hoc
840 2635 948 2704 fecisse
962 2635 1124 2720 videntur)

69 2721 183 2788 fecere
192 2722 282 2808 prius
296 2736 369 2788 sunt
383 2722 461 2800 ausi,
475 2745 570 2810 quam
588 2745 651 2788 uns
666 2744 740 2788 curn
755 2723 862 2789 multis
876 2721 977 2809 risque
988 2721 1124 2790 sortibus

8 2877 9 2900 χ
69 2807 220 2874 sociisse
235 2807 308 2873 belli
325 2811 487 2875 fortunam
506 2809 739 2894 periditaturos
754 2811 986 2887 existimarunt,
1001 2820 1034 2876 et
1052 2813 1124 2894 pri·
1236 2873 1243 2893 ,

68 2915 205 2980 usquam
219 2893 453 2972 intellexerunt,
465 2917 507 2958 ne
520 2897 605 2980 ipsos
621 2895 751 2981 quidem
763 2896 973 2974 Athenienses
987 2897 1123 2982 amplius

8 2975 9 2988 ¹
68 3001 206 3068 negare,
231 2994 304 3064 post
328 2980 451 3046 cladem
478 2981 511 3045 in
534 2981 642 3045 Sicilia
663 2993 837 3065 acceptam,
861 2983 955 3066 plane
980 3004 1030 3046 res
1052 3001 1124 3048 suae

8 3139 9 3142 Ἴ
66 3067 215 3150 pessime
229 3089 264 3132 se
279 3067 406 3132 babere.
452 3065 550 3142 Quod
566 3067 592 3130 si
607 3088 670 3153 qua
685 3068 716 3130 in
734 3089 768 3130 re
782 3079 900 3152 praeter
914 3089 1005 3132 ruam
1020 3067 1124 3153 opini-

8 3155 10 3230 ᾗ
66 3173 172 3216 onem
187 3151 267 3236 lapsi
282 3166 366 3231 sunt,
383 3157 434 3238 (ut
446 3151 631 3217 humanitus
645 3153 830 3240 contingere
843 3152 934 3234 solet)
951 3175 1025 3218 cum
1041 3151 1124 3218 mul-

8 3239 9 3248 ’
65 3238 112 3302 tis
138 3236 204 3302 hoc
229 3251 394 3324 peccatum
416 3242 501 3304 altro
521 3238 759 3316 commiserunt,
804 3237 848 3316 ui,
872 3261 923 3304 res
946 3237 1124 3303 Athenien-

8 3327 9 3410 }
64 3324 159 3390 sium
176 3346 193 3386 a
208 3324 315 3390 multis
329 3324 474 3390 celeriter
488 3345 632 3389 eversum
647 3325 698 3402 iri,
714 3260 880 3410 putahant.
924 3323 1008 3402 Cum
1025 3325 1123 3426 igitur

8 3415 9 3422 ’
62 3409 118 3474 illi
138 3411 234 3474 maris
250 3433 307 3476 usu
323 3411 582 3495 prohiberentur,
598 3423 630 3474 et
650 3423 736 3476 terra
749 3410 974 3496 diriperentur,
990 3411 1121 3496 quidam

8 3563 9 3574 ,
62 3519 108 3560 ea:
134 3497 270 3578 ipsorum
291 3497 406 3562 civibus
428 3495 538 3561 urbem
557 3495 805 3561 Atheniensibus
827 3496 953 3561 tradere
974 3508 1048 3561 sunt
1067 3520 1121 3562 co-

8 3591 9 3598 ’
60 3580 153 3666 neti.
200 3580 410 3670 Magistratus
425 3594 543 3660 autem,
558 3583 703 3668 quamvis
724 3579 839 3646 borum
862 3581 994 3647 consilia
1008 3583 1120 3648 sensis·

8 3715 28 3770 Ε-
60 3679 154 3745 sent,
170 3666 232 3752 ipsi
253 3683 359 3734 tamen
383 3669 587 3753 quieverunt:
611 3666 666 3733 sed
690 3667 890 3755 Astyochum
913 3667 1118 3747 nauarchum,

99 3844 124 3872 ¹³
136 3839 172 3887 Et
184 3842 255 3890 tertla
265 3844 415 3890 discedentes
426 3843 476 3900 die,
491 3843 628 3902 tropheum
640 3849 780 3904 posuerunt·
814 3842 922 3890 Acnrr'ar.

101 3909 119 3938 ¹¹
129 3905 201 3959 Quos
211 3919 295 3953 muros
306 3908 332 3952 in
343 3907 472 3966 Erythraea
483 3907 614 3965 habebant,
627 3907 762 3954 diruerunt.
798 3907 873 3952 Valla.

98 3973 117 4004 ⁰
130 3969 263 4016 nubebant
274 3977 356 4017 antem
369 3970 485 4030 Eplbatm
496 3983 510 4016 e
522 3983 624 4017 numero
634 3977 796 4029 armatorum,
808 3983 870 4031 quor
880 3983 912 4018 ax
922 3971 1027 4018 formula
1037 3977 1118 4020 extor-

57 4041 164 4084 seram.
189 4033 263 4080 Valla.
296 4034 415 4081 classicos
426 4034 516 4080 milites
526 4048 557 4080 ex
568 4035 663 4082 delectu
673 4042 769 4082 coactor
779 4036 908 4082 habebant.
943 4037 1029 4084 Hune.

96 4103 115 4144 Ρ
127 4097 222 4144 omniu
231 4099 295 4144 circa
306 4098 395 4158 oppida
405 4098 430 4143 in
443 4098 522 4144 officio
533 4103 672 4146 tenumuut.
704 4099 778 4154 Valla.

98 4167 117 4206 ‘t
129 4162 271 4208 Secundum
295 4161 493 4208 Lacedaemonioa
514 4162 609 4223 egregio
632 4163 714 4210 felices
737 4163 906 4224 florentesque,
928 4166 1118 4212 moderationem

57 4225 147 4278 simul
159 4239 218 4271 cum
229 4225 327 4272 fortuna
334 4221 480 4288 junxerunt,
492 4233 631 4288 quantoque
648 4222 780 4288 majoribus
791 4241 875 4274 corum
887 4241 950 4290 resp.
962 4229 1119 4278 incrementis

58 4289 228 4352 augescebat,
240 4293 309 4336 tauto
320 4290 414 4337 firmius
425 4290 547 4350 regionem
560 4290 735 4339 instruxerunt.
768 4289 877 4339 Aemus.
966 4287 969 4296 ’
