2996 4782
251 305 257 317 ·
354 297 396 354 80
704 287 1027 356 structurum

397 469 448 528 59.
474 463 516 524 At
530 459 660 544 triginta
675 460 917 524 Atheniensium
934 483 1029 525 naves
1044 461 1076 525 iu
1092 459 1266 526 'lhraciam
1282 483 1392 547 perve-

353 561 481 624 nerunt,
498 560 530 611 et
549 547 735 622 Potidaeam,
751 548 891 632 aliasque
906 547 1047 611 civitates
1056 547 1128 630 jam
1141 546 1391 634 deiecisserepe·

353 647 473 697 rerunt.
519 633 628 697 Duces
644 653 719 694 vero
744 633 961 696 existimantes
975 655 1009 695 se
1022 653 1095 696 curn
1111 634 1323 716 proesentibus
1338 657 1392 701 co·

353 719 414 804 piis
428 739 494 782 non
510 739 604 803 posse
617 719 708 781 simul
716 739 833 864 gerere
846 717 963 782 bellum
980 731 1012 782 et
1025 717 1174 782 adversus
1192 719 1389 800 Perdiccam,

351 816 384 868 et
406 804 559 884 civitates,
586 825 657 889 quoe
674 803 865 882 decuerant,
886 804 917 866 in
944 802 1179 881 Macedoniam,
1205 827 1269 890 quo
1292 805 1390 872 etiam

351 904 425 954 ente
437 890 521 954 missi
533 889 668 966 fuerant,
684 909 719 952 se
728 901 961 953 converterunt.
1007 888 1083 965 Quo
1095 903 1262 975 postquam
1278 911 1390 975 perre-

350 991 477 1053 nerunt,
494 996 566 1040 cum
584 974 745 1058 Philippo,
762 987 793 1039 et
808 973 1091 1052 Derdoefmtribus,
1107 976 1161 1060 qui
1177 996 1217 1039 ex
1234 976 1312 1040 locis
1323 997 1390 1042 me·

350 1063 535 1126 diterraneis
550 1064 584 1126 in
611 1061 828 1124 Macedoniam
843 1081 915 1124 cum
931 1060 1070 1125 exercitu
1092 1061 1282 1146 irruperant,
1298 1083 1390 1128 arma

345 1149 535 1234 junxerunt,
551 1159 587 1211 ut
601 1145 718 1210 bellum
737 1147 891 1210 Perdiccas
905 1145 1053 1210 facerent.

393 1243 446 1298 60.
469 1233 595 1297 Interea
613 1253 687 1295 vero
703 1229 874 1309 Corinthii,
891 1253 965 1294 cum
984 1230 1129 1295 Potidaea
1149 1232 1338 1310 descivisset,
1356 1248 1390 1301 et

351 1319 467 1382 Atticm
480 1339 574 1382 naves
585 1317 670 1380 circa
682 1317 904 1380 Macedoniam
917 1329 1030 1392 essent,
1043 1316 1086 1380 illi
1099 1317 1219 1401 oppido
1229 1319 1387 1399 timentes,

350 1420 382 1467 et
403 1404 610 1469 domesticum
635 1401 849 1466 existimantes
872 1400 1060 1486 periculum,
1076 1402 1228 1468 miserunt
1249 1426 1323 1469 cum
1346 1406 1389 1471 de

349 1491 414 1553 suis
427 1489 631 1565 voluntarios,
647 1499 714 1551 tum
735 1488 829 1551 etiem
845 1487 886 1551 de
900 1488 1022 1552 caeteris
1045 1488 1283 1572 Peloponnesiis
1305 1513 1389 1556 mer-

349 1574 427 1639 cede
441 1575 623 1652 conductos,
634 1573 723 1638 mille
737 1588 768 1638 et
781 1587 955 1648 sexcentos,
972 1594 1082 1637 omnes
1096 1577 1203 1658 gravis
1217 1589 1388 1642 armaturea

264 1737 268 1746 .
348 1661 474 1737 milites,
490 1675 521 1725 ct
535 1659 785 1747 quadringentos
800 1658 909 1723 leviter
922 1672 1071 1722 armatos.
1098 1659 1166 1722 lllis
1180 1673 1285 1724 autem
1301 1683 1387 1746 pras·

349 1759 416 1810 erat
440 1747 582 1810 Aristeus
603 1745 765 1810 Adimanti
777 1747 891 1827 filius,-
912 1757 944 1808 et
968 1757 1101 1892 propter
1123 1747 1189 1830 ejus
1213 1747 1385 1812 amicitiam

348 1831 557 1916 potissimum,
579 1831 709 1915 plurimi
730 1830 899 1895 voluntarii
923 1829 965 1892 mi
981 1831 1038 1894 ites
1061 1830 1219 1895 Corintho
1241 1854 1315 1897 eum
1338 1856 1386 1898 se·

371 1919 438 1982 uuti
454 1929 538 1982 sunt.
585 1916 716 2001 Semper
732 1917 818 1980 enim
834 1914 1083 1979 Potidoeaturum
1097 1915 1256 1982 studiosus
1270 1916 1385 1984 luerat.

382 2017 394 2066 t
408 2003 650 2090 quadragesimo
670 2002 723 2067 die
741 2014 815 2088 post
830 2000 984 2066 Potidaeae
998 2000 1206 2067 delectionem
1229 2004 1261 2067 in
1278 2003 1385 2069 Thra·

348 2089 429 2152 cium
446 2101 668 2174 pervenerunt.

390 2184 444 2240 61.
469 2175 609 2240 Nuntius
642 2187 746 2239 autem
777 2173 818 2237 de
848 2173 980 2238 istarum
1014 2173 1177 2239 civitatum
1205 2173 1384 2241 defectione

347 2258 594 2325 Atheniensibus
615 2261 719 2324 stetim
742 2271 789 2323 est
811 2258 927 2324 illatus.
972 2261 1047 2340 Qui,
1064 2281 1135 2324 cum
1159 2259 1385 2326 intellexissent

346 2343 417 2408 illos
432 2346 538 2426 etiam,
552 2347 606 2432 qui
625 2367 697 2409 cum
715 2345 839 2410 Aristeo
861 2357 961 2421 erant,
978 2367 1012 2408 eo
1032 2358 1188 2492 praeterea
1209 2345 1382 2424 advenisse,

346 2452 385 2496 ex
405 2431 469 2495 suis
490 2430 538 2495 bis
563 2430 649 2495 mille
669 2431 773 2517 gravis
794 2443 965 2494 armaturae
988 2431 1030 2492 mi
1045 2431 1111 2510 ites‚
1127 2444 1158 2496 et
1172 2431 1384 2517 quadraginta

345 2537 453 2593 naves,
476 2517 674 2602 Calliemque
698 2514 849 2580 Calliadis
860 2517 969 2597 filium
994 2537 1067 2578 cum
1093 2531 1231 2601 quatuor
1253 2516 1383 2604 collegis

344 2602 540 2686 praelectum,
557 2605 588 2666 in
604 2603 685 2677 loca,
702 2623 774 2688 quae
788 2601 976 2674 defecerant,
993 2601 1157 2666 miserunt.
1193 2601 1270 2678 Qui,
1287 2605 1382 2668 simul

344 2709 381 2750 ac
392 2690 422 2752 in
434 2687 657 2752 Macedoniam
711 2685 1065 2762 rvenerunt,illosmille
1096 2689 1266 2772 rioresjum
1277 2687 1381 2753 Ther·

344 2793 396 2836 ma
418 2709 756 2858 potitos‚erPyd1iam
779 2769 957 2834 obsidentes
977 2770 1059 2834 offen
1084 2785 1188 2836 erunt.
1236 2773 1381 2857 Pydnam

344 2872 496 2922 autemst
517 2859 577 2942 ipsi
599 2859 718 2934 castris,
734 2857 896 2942 copiisque
914 2857 1033 2942 junctis
1056 2873 1301 2946 oppugnarunt:
1325 2859 1381 2924 sed

341 2957 463 3027 postea,
474 2947 556 3008 iacta
568 2965 646 3028 pace
655 2957 687 3007 et
697 2944 846 3006 societate
857 2943 1030 3005 necessaria
1041 2943 1119 3006 inita
1130 2965 1203 3007 cum
1216 2943 1379 3022 Perdicca,

342 3029 427 3112 quod
447 3030 591 3094 Potidaea
606 3043 638 3093 et
653 3031 765 3092 Aristei
781 3027 934 3091 adventus
949 3049 1001 3090 eos
1017 3043 1153 3128 urgeret,
1170 3051 1208 3093 ex
1225 3028 1380 3094 Macedo-

342 3115 394 3177 nin
415 3129 621 3180 recesserunt.
668 3113 710 3178 Et
729 3113 919 3177 Berrhoeam
942 3111 1087 3196 proiecti,
1102 3130 1134 3178 et
1157 3115 1228 3178 inde
1251 3118 1378 3190 reversi,

339 3221 442 3286 eoque
456 3201 576 3286 oppido
591 3201 677 3286 prius
688 3211 820 3276 tentato,
833 3219 891 3261 nec
906 3213 1100 3282 expugnato,
1114 3199 1225 3264 itinere
1239 3201 1379 3284 pedestri

343 3285 517 3351 Potidaenm
541 3308 648 3352 versus
677 3287 811 3361 iverunt,
839 3305 912 3347 cum
943 3283 1043 3348 tribus
1073 3285 1211 3349 millibus
1240 3285 1378 3352 militum

338 3375 444 3457 graus
460 3385 630 3436 srmaturoe
645 3392 684 3435 ex
700 3372 775 3447 suis,
790 3383 946 3453 praeterea
960 3389 1034 3432 vero
1053 3389 1126 3434 cum
1146 3371 1253 3434 multis
1274 3373 1377 3448 sociis,

338 3473 370 3520 et
385 3458 538 3522 sexcentis
551 3456 767 3523 Macedonum
779 3455 946 3540 equitibus,
958 3455 1012 3540 qui
1027 3477 1099 3518 cum
1114 3454 1275 3541 Philippo,
1291 3457 1378 3522 Pau-

338 3541 489 3630 saniuque
503 3557 608 3607 erant:
633 3542 725 3606 simul
744 3541 837 3604 etiam
853 3540 1053 3626 septuaginta
1068 3563 1161 3604 naves
1176 3561 1263 3606 oram
1280 3545 1377 3608 msri-

338 3627 448 3692 timam
472 3627 627 3714 legebant.
673 3627 716 3690 Et
735 3625 819 3691 lente
843 3626 1012 3710 progressi,
1029 3626 1122 3690 tertio
1141 3626 1193 3690 die
1208 3627 1377 3714 Gigonum

338 3726 563 3796 pervenerunt,
578 3713 685 3798 ibique
699 3725 803 3776 castra
817 3725 999 3794 posuerunt.

380 3805 434 3863 62.
458 3800 500 3863 At
528 3798 724 3875 Potidaestae,
749 3812 782 3861 et
809 3795 1041 3881 Peloponnesii,
1065 3799 1120 3882 qui
1149 3819 1221 3860 curn
1249 3799 1376 3864 Aristeo

335 3896 436 3959 eraut,
467 3883 709 3948 Atheniensium
739 3882 910 3946 adventum
940 3894 1151 3967 expectentes,
1178 3883 1211 3946 in
1240 3884 1373 3963 lsthmo,

358 3988 437 4052 rope
451 3968 629 4055 Olynthum
651 3983 753 4033 castra
777 3979 956 4052 posuerant,
973 3979 1003 4032 et
1025 3983 1197 4031 mercatum
1213 3983 1304 4033 extra
1318 3991 1375 4034 ur·

334 3989 407 4117 hem
423 4055 567 4141 egebant.
610 4055 693 4119 Socii
710 4067 815 4119 autem
830 4054 928 4117 totius
942 4052 1069 4139 quidem
1086 4053 1243 4136 peditatus
1258 4056 1372 4120 ducem

334 4138 498 4227 elegerunt
515 4141 696 4216 Aristeum;
716 4141 874 4225 equitatus
888 4160 972 4214 vero,
990 4137 1184 4203 Perdiccam.
1220 4139 1374 4206 Protinus

334 4226 416 4289 enim
438 4225 479 4290 ab
496 4225 741 4292 Atheniensibus
763 4227 877 4306 iterum
899 4223 1065 4305 defecerat,
1080 4237 1122 4304 et,
1138 4225 1225 4290 lolno
1240 4225 1371 4291 ducein
