<?xml version="1.0" encoding="UTF-8"?>
<!DOCTYPE html PUBLIC "-//W3C//DTD XHTML 1.0 Transitional//EN"
    "http://www.w3.org/TR/xhtml1/DTD/xhtml1-transitional.dtd">
<html xmlns="http://www.w3.org/1999/xhtml" xml:lang="en" lang="en">
 <head>
  <title>
</title>
<meta http-equiv="Content-Type" content="text/html;charset=utf-8" />
  <meta name='ocr-system' content='tesseract 3.04.00' />
  <meta name='ocr-capabilities' content='ocr_page ocr_carea ocr_par ocr_line ocrx_word'/>
</head>
<body>
  <div class='ocr_page' id='page_1' title='image "./thucydidisdebel00wassgoog_0449.png"; bbox 0 0 3004 4768; ppageno 0'>
   <div class='ocr_carea' id='block_1_1' title="bbox 415 269 1170 340">
    <p class='ocr_par' dir='ltr' id='par_1_1' title="bbox 415 269 1170 340">
     <span class='ocr_line' id='line_1_1' title="bbox 415 269 1170 340; baseline 0.005 -4"><span class='ocrx_word' id='word_1_1' title='bbox 415 269 663 340; x_wconf 83' lang='lat' dir='ltr'>HISTORIAE</span> <span class='ocrx_word' id='word_1_2' title='bbox 688 271 775 338; x_wconf 91' lang='lat' dir='ltr'><strong>LlB.</strong></span> <span class='ocrx_word' id='word_1_3' title='bbox 798 272 876 339; x_wconf 87' lang='lat' dir='ltr'><strong>Vll.</strong></span> <span class='ocrx_word' id='word_1_4' title='bbox 1108 282 1170 340; x_wconf 72' lang='lat' dir='ltr'><strong>stt</strong></span> 
     </span>
    </p>
   </div>
   <div class='ocr_carea' id='block_1_2' title="bbox 129 428 1285 788">
    <p class='ocr_par' dir='ltr' id='par_1_2' title="bbox 129 428 1285 788">
     <span class='ocr_line' id='line_1_2' title="bbox 129 428 1268 529; baseline 0.009 -27"><span class='ocrx_word' id='word_1_5' title='bbox 129 437 204 504; x_wconf 86' lang='lat' dir='ltr'><strong>illos</strong></span> <span class='ocrx_word' id='word_1_6' title='bbox 218 440 260 504; x_wconf 87' lang='lat' dir='ltr'><strong>ab</strong></span> <span class='ocrx_word' id='word_1_7' title='bbox 274 451 408 529; x_wconf 80' lang='lat' dir='ltr'><strong>utraque</strong></span> <span class='ocrx_word' id='word_1_8' title='bbox 429 428 530 529; x_wconf 74' lang='lat' dir='ltr'><strong>parte,</strong></span> <span class='ocrx_word' id='word_1_9' title='bbox 546 457 578 510; x_wconf 90' lang='lat' dir='ltr'><strong>et</strong></span> <span class='ocrx_word' id='word_1_10' title='bbox 590 446 671 509; x_wconf 90' lang='lat' dir='ltr'><strong>mari</strong></span> <span class='ocrx_word' id='word_1_11' title='bbox 692 458 723 508; x_wconf 87' lang='lat' dir='ltr'><strong>et</strong></span> <span class='ocrx_word' id='word_1_12' title='bbox 743 455 838 522; x_wconf 87' lang='lat' dir='ltr'><strong>terra,</strong></span> <span class='ocrx_word' id='word_1_13' title='bbox 853 443 917 509; x_wconf 83' lang='lat' dir='ltr'><strong>ellit</strong></span> <span class='ocrx_word' id='word_1_14' title='bbox 959 463 1003 520; x_wconf 90' lang='lat' dir='ltr'><strong>re,</strong></span> <span class='ocrx_word' id='word_1_15' title='bbox 1019 443 1174 528; x_wconf 89' lang='lat' dir='ltr'><strong>prohibu·</strong></span> <span class='ocrx_word' id='word_1_16' title='bbox 1197 467 1268 528; x_wconf 60' lang='grc' dir='ltr'><strong>Μ</strong></span> 
     </span>
     <span class='ocr_line' id='line_1_3' title="bbox 132 517 1280 620; baseline 0.003 -31"><span class='ocrx_word' id='word_1_17' title='bbox 132 517 265 589; x_wconf 76' lang='lat' dir='ltr'><strong>issent&#39;</strong></span> <span class='ocrx_word' id='word_1_18' title='bbox 286 528 399 616; x_wconf 85' lang='lat' dir='ltr'><strong>ltaque</strong></span> <span class='ocrx_word' id='word_1_19' title='bbox 413 531 566 595; x_wconf 87' lang='lat' dir='ltr'><strong>continuo</strong></span> <span class='ocrx_word' id='word_1_20' title='bbox 587 551 739 618; x_wconf 86' lang='lat' dir='ltr'><strong>magnum</strong></span> <span class='ocrx_word' id='word_1_21' title='bbox 760 545 923 616; x_wconf 84' lang='lat' dir='ltr'><strong>portame</strong></span> <span class='ocrx_word' id='word_1_22' title='bbox 957 532 1053 596; x_wconf 82' lang='lat' dir='ltr'><strong>odere</strong></span> <span class='ocrx_word' id='word_1_23' title='bbox 1066 553 1173 620; x_wconf 84' lang='lat' dir='ltr'><strong>coepe-</strong></span> <span class='ocrx_word' id='word_1_24' title='bbox 1195 545 1280 606; x_wconf 70' lang='lat' dir='ltr'><strong>Petop</strong></span> 
     </span>
     <span class='ocr_line' id='line_1_4' title="bbox 133 609 1282 720; baseline 0.01 -46"><span class='ocrx_word' id='word_1_25' title='bbox 133 625 220 689; x_wconf 86' lang='lat' dir='ltr'><strong>runt,</strong></span> <span class='ocrx_word' id='word_1_26' title='bbox 234 615 290 698; x_wconf 89' lang='lat' dir='ltr'><strong>qui</strong></span> <span class='ocrx_word' id='word_1_27' title='bbox 302 628 379 679; x_wconf 90' lang='lat' dir='ltr'><strong>octo</strong></span> <span class='ocrx_word' id='word_1_28' title='bbox 393 614 492 680; x_wconf 86' lang='lat' dir='ltr'><strong>ferme</strong></span> <span class='ocrx_word' id='word_1_29' title='bbox 506 616 680 682; x_wconf 87' lang='lat' dir='ltr'><strong>stadiorum</strong></span> <span class='ocrx_word' id='word_1_30' title='bbox 696 617 811 682; x_wconf 87' lang='lat' dir='ltr'><strong>ostium</strong></span> <span class='ocrx_word' id='word_1_31' title='bbox 828 616 976 694; x_wconf 83' lang='lat' dir='ltr'><strong>habebat,</strong></span> <span class='ocrx_word' id='word_1_32' title='bbox 988 620 1172 684; x_wconf 85' lang='lat' dir='ltr'><strong>transversis</strong></span> <span class='ocrx_word' id='word_1_33' title='bbox 1187 623 1231 720; x_wconf 63' lang='lat'>3¹¹³·</span> <span class='ocrx_word' id='word_1_34' title='bbox 1242 609 1282 658; x_wconf 78' lang='lat'><strong>¹⁹·</strong></span> 
     </span>
     <span class='ocr_line' id='line_1_5' title="bbox 134 687 1285 788; baseline 0.009 -27"><span class='ocrx_word' id='word_1_35' title='bbox 134 697 323 778; x_wconf 78' lang='lat' dir='ltr'>triremibus,</span> <span class='ocrx_word' id='word_1_36' title='bbox 336 714 370 766; x_wconf 90' lang='lat' dir='ltr'><strong>et</strong></span> <span class='ocrx_word' id='word_1_37' title='bbox 391 700 537 788; x_wconf 82' lang='lat' dir='ltr'><strong>navigiis,</strong></span> <span class='ocrx_word' id='word_1_38' title='bbox 553 715 586 768; x_wconf 89' lang='lat' dir='ltr'><strong>et</strong></span> <span class='ocrx_word' id='word_1_39' title='bbox 600 701 734 786; x_wconf 86' lang='lat' dir='ltr'><strong>scaphis,</strong></span> <span class='ocrx_word' id='word_1_40' title='bbox 751 725 804 767; x_wconf 84' lang='lat' dir='ltr'><strong>eas</strong></span> <span class='ocrx_word' id='word_1_41' title='bbox 826 705 948 768; x_wconf 88' lang='lat' dir='ltr'><strong>ancoris</strong></span> <span class='ocrx_word' id='word_1_42' title='bbox 959 703 1171 777; x_wconf 75' lang='lat' dir='ltr'><strong>stabilientes.</strong></span> <span class='ocrx_word' id='word_1_43' title='bbox 1200 687 1285 788; x_wconf 50' lang='lat' dir='ltr'><strong>affl*</strong></span> 
     </span>
    </p>
   </div>
   <div class='ocr_carea' id='block_1_3' title="bbox 0 782 1276 4322">
    <p class='ocr_par' dir='ltr' id='par_1_3' title="bbox 0 782 1276 4322">
     <span class='ocr_line' id='line_1_6' title="bbox 136 782 1275 873; baseline 0.005 -27"><span class='ocrx_word' id='word_1_44' title='bbox 136 782 180 847; x_wconf 80' lang='lat' dir='ltr'><strong>Et</strong></span> <span class='ocrx_word' id='word_1_45' title='bbox 194 799 320 865; x_wconf 80' lang='lat' dir='ltr'><strong>caetera,</strong></span> <span class='ocrx_word' id='word_1_46' title='bbox 336 787 363 850; x_wconf 90' lang='lat' dir='ltr'><strong>si</strong></span> <span class='ocrx_word' id='word_1_47' title='bbox 379 787 589 852; x_wconf 77' lang='lat' dir='ltr'><strong>Athenienses</strong></span> <span class='ocrx_word' id='word_1_48' title='bbox 605 788 716 852; x_wconf 82' lang='lat' dir='ltr'><strong>navale</strong></span> <span class='ocrx_word' id='word_1_49' title='bbox 732 789 885 873; x_wconf 81' lang='lat' dir='ltr'><strong>proelium</strong></span> <span class='ocrx_word' id='word_1_50' title='bbox 908 789 1013 854; x_wconf 89' lang='lat' dir='ltr'><strong>adhuc</strong></span> <span class='ocrx_word' id='word_1_51' title='bbox 1027 791 1174 859; x_wconf 88' lang='lat' dir='ltr'><strong>commit·</strong></span> <span class='ocrx_word' id='word_1_52' title='bbox 1204 801 1234 850; x_wconf 83' lang='lat' dir='ltr'><strong>tt.</strong></span> <span class='ocrx_word' id='word_1_53' title='bbox 1245 805 1275 852; x_wconf 86' lang='lat' dir='ltr'><strong>c.</strong></span> 
     </span>
     <span class='ocr_line' id='line_1_7' title="bbox 133 866 1276 979; baseline 0.007 -45"><span class='ocrx_word' id='word_1_54' title='bbox 133 872 380 962; x_wconf 75' lang='lat' dir='ltr'><strong>tereauderent,</strong></span> <span class='ocrx_word' id='word_1_55' title='bbox 392 874 633 960; x_wconf 80' lang='lat' dir='ltr'><strong>proeparabantr</strong></span> <span class='ocrx_word' id='word_1_56' title='bbox 648 887 697 938; x_wconf 67' lang='lat' dir='ltr'><strong>‘et</strong></span> <span class='ocrx_word' id='word_1_57' title='bbox 711 875 745 938; x_wconf 87' lang='lat' dir='ltr'><strong>in</strong></span> <span class='ocrx_word' id='word_1_58' title='bbox 757 875 1024 962; x_wconf 85' lang='lat' dir='ltr'><strong>nulloquicquatn</strong></span> <span class='ocrx_word' id='word_1_59' title='bbox 1041 873 1174 962; x_wconf 66' lang='lat' dir='ltr'><strong>parvum</strong></span> <span class='ocrx_word' id='word_1_60' title='bbox 1200 866 1276 979; x_wconf 52' lang='grc' dir='ltr'><strong>ξπ·</strong></span> 
     </span>
     <span class='ocr_line' id='line_1_8' title="bbox 133 955 1267 1044; baseline 0.006 -25"><span class='ocrx_word' id='word_1_61' title='bbox 133 955 242 1020; x_wconf 90' lang='lat' dir='ltr'><strong>auimo</strong></span> <span class='ocrx_word' id='word_1_62' title='bbox 256 960 431 1044; x_wconf 81' lang='lat' dir='ltr'><strong>agitabant.</strong></span> <span class='ocrx_word' id='word_1_63' title='bbox 572 993 576 1000; x_wconf 89' lang='lat'><strong>·</strong></span> <span class='ocrx_word' id='word_1_64' title='bbox 1159 987 1163 996; x_wconf 94' lang='lat'>·</span> <span class='ocrx_word' id='word_1_65' title='bbox 1259 960 1267 976; x_wconf 83' lang='grc'>’</span> 
     </span>
     <span class='ocr_line' id='line_1_9' title="bbox 177 1043 1176 1127; baseline 0.007 -20"><span class='ocrx_word' id='word_1_66' title='bbox 177 1051 231 1107; x_wconf 86' lang='grc'><strong>60.</strong></span> <span class='ocrx_word' id='word_1_67' title='bbox 255 1043 464 1109; x_wconf 80' lang='lat' dir='ltr'><strong>Athenienses</strong></span> <span class='ocrx_word' id='word_1_68' title='bbox 478 1057 596 1120; x_wconf 83' lang='lat' dir='ltr'><strong>autem,</strong></span> <span class='ocrx_word' id='word_1_69' title='bbox 612 1067 684 1110; x_wconf 87' lang='lat' dir='ltr'><strong>cam</strong></span> <span class='ocrx_word' id='word_1_70' title='bbox 699 1044 783 1108; x_wconf 90' lang='lat' dir='ltr'><strong>hanc</strong></span> <span class='ocrx_word' id='word_1_71' title='bbox 799 1053 911 1127; x_wconf 75' lang='lat' dir='ltr'><strong>portus</strong></span> <span class='ocrx_word' id='word_1_72' title='bbox 925 1045 1176 1116; x_wconf 82' lang='lat' dir='ltr'><strong>abstractionem</strong></span> 
     </span>
     <span class='ocr_line' id='line_1_10' title="bbox 134 1127 1176 1220; baseline 0.005 -29"><span class='ocrx_word' id='word_1_73' title='bbox 134 1127 289 1205; x_wconf 82' lang='lat' dir='ltr'><strong>riderent,</strong></span> <span class='ocrx_word' id='word_1_74' title='bbox 320 1143 351 1194; x_wconf 92' lang='lat' dir='ltr'><strong>et</strong></span> <span class='ocrx_word' id='word_1_75' title='bbox 379 1145 510 1194; x_wconf 80' lang='lat' dir='ltr'><strong>caeteras</strong></span> <span class='ocrx_word' id='word_1_76' title='bbox 541 1130 668 1196; x_wconf 90' lang='lat' dir='ltr'><strong>illorum</strong></span> <span class='ocrx_word' id='word_1_77' title='bbox 698 1131 907 1220; x_wconf 82' lang='lat' dir='ltr'><strong>cogitationes</strong></span> <span class='ocrx_word' id='word_1_78' title='bbox 937 1149 1176 1220; x_wconf 83' lang='lat' dir='ltr'><strong>cognoscerent,</strong></span> 
     </span>
     <span class='ocr_line' id='line_1_11' title="bbox 127 1213 1178 1292; baseline 0.009 -15"><span class='ocrx_word' id='word_1_79' title='bbox 127 1213 380 1279; x_wconf 81' lang='lat' dir='ltr'><strong>consultandum</strong></span> <span class='ocrx_word' id='word_1_80' title='bbox 411 1237 479 1280; x_wconf 85' lang='lat' dir='ltr'><strong>esse</strong></span> <span class='ocrx_word' id='word_1_81' title='bbox 507 1227 709 1282; x_wconf 87' lang='lat' dir='ltr'><strong>censuerunt.</strong></span> <span class='ocrx_word' id='word_1_82' title='bbox 755 1218 866 1292; x_wconf 80' lang='lat' dir='ltr'><strong>Quare</strong></span> <span class='ocrx_word' id='word_1_83' title='bbox 889 1217 986 1284; x_wconf 88' lang='lat' dir='ltr'><strong>duces</strong></span> <span class='ocrx_word' id='word_1_84' title='bbox 1011 1231 1043 1284; x_wconf 91' lang='lat' dir='ltr'><strong>et</strong></span> <span class='ocrx_word' id='word_1_85' title='bbox 1067 1233 1178 1286; x_wconf 87' lang='lat' dir='ltr'><strong>centu·</strong></span> 
     </span>
     <span class='ocr_line' id='line_1_12' title="bbox 135 1301 1178 1390; baseline 0.004 -26"><span class='ocrx_word' id='word_1_86' title='bbox 135 1301 241 1365; x_wconf 81' lang='lat' dir='ltr'><strong>tiones</strong></span> <span class='ocrx_word' id='word_1_87' title='bbox 255 1304 451 1390; x_wconf 81' lang='lat' dir='ltr'><strong>cougregati,</strong></span> <span class='ocrx_word' id='word_1_88' title='bbox 465 1313 597 1388; x_wconf 86' lang='lat' dir='ltr'><strong>propter</strong></span> <span class='ocrx_word' id='word_1_89' title='bbox 611 1316 782 1387; x_wconf 84' lang='lat' dir='ltr'><strong>praesentes</strong></span> <span class='ocrx_word' id='word_1_90' title='bbox 796 1303 997 1368; x_wconf 88' lang='lat' dir='ltr'><strong>difficultates</strong></span> <span class='ocrx_word' id='word_1_91' title='bbox 1012 1325 1085 1368; x_wconf 90' lang='lat' dir='ltr'><strong>cum</strong></span> <span class='ocrx_word' id='word_1_92' title='bbox 1101 1304 1178 1369; x_wconf 86' lang='lat' dir='ltr'><strong>alia-</strong></span> 
     </span>
     <span class='ocr_line' id='line_1_13' title="bbox 136 1389 1178 1474; baseline 0.007 -26"><span class='ocrx_word' id='word_1_93' title='bbox 136 1399 209 1449; x_wconf 82' lang='lat' dir='ltr'><strong>rum</strong></span> <span class='ocrx_word' id='word_1_94' title='bbox 234 1407 351 1466; x_wconf 91' lang='lat' dir='ltr'><strong>rerum,</strong></span> <span class='ocrx_word' id='word_1_95' title='bbox 368 1400 442 1452; x_wconf 89' lang='lat' dir='ltr'><strong>&#39;tum</strong></span> <span class='ocrx_word' id='word_1_96' title='bbox 469 1409 546 1452; x_wconf 87' lang='lat' dir='ltr'><strong>vero</strong></span> <span class='ocrx_word' id='word_1_97' title='bbox 566 1392 735 1471; x_wconf 64' lang='lat' dir='ltr'><strong>praciam,</strong></span> <span class='ocrx_word' id='word_1_98' title='bbox 752 1389 840 1474; x_wconf 93' lang='lat' dir='ltr'><strong>quod</strong></span> <span class='ocrx_word' id='word_1_99' title='bbox 865 1411 925 1452; x_wconf 92' lang='lat' dir='ltr'><strong>nec</strong></span> <span class='ocrx_word' id='word_1_100' title='bbox 947 1389 980 1452; x_wconf 87' lang='lat' dir='ltr'><strong>in</strong></span> <span class='ocrx_word' id='word_1_101' title='bbox 1007 1391 1178 1474; x_wconf 73' lang='lat' dir='ltr'><strong>praesentia</strong></span> 
     </span>
     <span class='ocr_line' id='line_1_14' title="bbox 129 1473 1177 1564; baseline 0.007 -29"><span class='ocrx_word' id='word_1_102' title='bbox 129 1487 332 1550; x_wconf 84' lang='lat' dir='ltr'><strong>commeatus</strong></span> <span class='ocrx_word' id='word_1_103' title='bbox 347 1473 483 1558; x_wconf 86' lang='lat' dir='ltr'><strong>amplias</strong></span> <span class='ocrx_word' id='word_1_104' title='bbox 498 1473 664 1553; x_wconf 84' lang='lat' dir='ltr'><strong>haberent,</strong></span> <span class='ocrx_word' id='word_1_105' title='bbox 680 1484 768 1558; x_wconf 85' lang='lat' dir='ltr'><strong>(narn</strong></span> <span class='ocrx_word' id='word_1_106' title='bbox 782 1477 902 1539; x_wconf 75' lang='lat' dir='ltr'><strong>nuntiis</strong></span> <span class='ocrx_word' id='word_1_107' title='bbox 918 1475 1071 1540; x_wconf 87' lang='lat' dir='ltr'><strong>Catanam</strong></span> <span class='ocrx_word' id='word_1_108' title='bbox 1094 1499 1177 1564; x_wconf 84' lang='lat' dir='ltr'><strong>prae·</strong></span> 
     </span>
     <span class='ocr_line' id='line_1_15' title="bbox 135 1557 1178 1648; baseline 0.008 -28"><span class='ocrx_word' id='word_1_109' title='bbox 135 1557 250 1638; x_wconf 85' lang='lat' dir='ltr'><strong>missis,</strong></span> <span class='ocrx_word' id='word_1_110' title='bbox 273 1557 359 1648; x_wconf 84' lang='lat' dir='ltr'><strong>quod</strong></span> <span class='ocrx_word' id='word_1_111' title='bbox 383 1561 473 1624; x_wconf 82' lang='lat' dir='ltr'><strong>illinc</strong></span> <span class='ocrx_word' id='word_1_112' title='bbox 493 1557 656 1626; x_wconf 81' lang='lat' dir='ltr'><strong>discedere</strong></span> <span class='ocrx_word' id='word_1_113' title='bbox 677 1559 869 1636; x_wconf 79' lang='lat' dir='ltr'><strong>statuissent,</strong></span> <span class='ocrx_word' id='word_1_114' title='bbox 895 1563 1056 1627; x_wconf 72' lang='lat' dir='ltr'><strong>Calamis</strong></span> <span class='ocrx_word' id='word_1_115' title='bbox 1079 1563 1178 1628; x_wconf 87' lang='lat' dir='ltr'><strong>inter-</strong></span> 
     </span>
     <span class='ocr_line' id='line_1_16' title="bbox 134 1643 1177 1730; baseline 0.005 -22"><span class='ocrx_word' id='word_1_116' title='bbox 134 1643 295 1723; x_wconf 85' lang='lat' dir='ltr'><strong>dixerant,</strong></span> <span class='ocrx_word' id='word_1_117' title='bbox 311 1665 352 1709; x_wconf 89' lang='lat' dir='ltr'><strong>ue</strong></span> <span class='ocrx_word' id='word_1_118' title='bbox 367 1645 574 1728; x_wconf 80' lang='lat' dir='ltr'><strong>adveherent)</strong></span> <span class='ocrx_word' id='word_1_119' title='bbox 589 1645 694 1710; x_wconf 90' lang='lat' dir='ltr'><strong>necin</strong></span> <span class='ocrx_word' id='word_1_120' title='bbox 718 1659 881 1730; x_wconf 87' lang='lat' dir='ltr'><strong>posterum</strong></span> <span class='ocrx_word' id='word_1_121' title='bbox 906 1645 1048 1714; x_wconf 88' lang='lat' dir='ltr'><strong>habituri</strong></span> <span class='ocrx_word' id='word_1_122' title='bbox 1063 1661 1177 1727; x_wconf 87' lang='lat' dir='ltr'><strong>essent,</strong></span> 
     </span>
     <span class='ocr_line' id='line_1_17' title="bbox 0 1725 1179 1820; baseline 0.004 -26"><span class='ocrx_word' id='word_1_123' title='bbox 0 1725 1 1732; x_wconf 54' lang='lat'><em>&#39;</em></span> <span class='ocrx_word' id='word_1_124' title='bbox 131 1729 196 1794; x_wconf 85' lang='lat' dir='ltr'><strong>nisi</strong></span> <span class='ocrx_word' id='word_1_125' title='bbox 218 1729 316 1796; x_wconf 87' lang='lat' dir='ltr'><strong>classe</strong></span> <span class='ocrx_word' id='word_1_126' title='bbox 330 1733 536 1817; x_wconf 70' lang='lat' dir='ltr'><strong>syracusam</strong></span> <span class='ocrx_word' id='word_1_127' title='bbox 559 1747 756 1816; x_wconf 83' lang='lat' dir='ltr'><strong>superarent,</strong></span> <span class='ocrx_word' id='word_1_128' title='bbox 778 1747 980 1810; x_wconf 83' lang='lat' dir='ltr'><strong>censuerunt,</strong></span> <span class='ocrx_word' id='word_1_129' title='bbox 1002 1735 1179 1820; x_wconf 81' lang='lat' dir='ltr'><strong>superiores</strong></span> 
     </span>
     <span class='ocr_line' id='line_1_18' title="bbox 5 1817 1179 1908; baseline 0.005 -28"><span class='ocrx_word' id='word_1_130' title='bbox 5 1822 6 1831; x_wconf 78' lang='grc'>’</span> <span class='ocrx_word' id='word_1_131' title='bbox 136 1817 330 1882; x_wconf 85' lang='lat' dir='ltr'><strong>munitiones</strong></span> <span class='ocrx_word' id='word_1_132' title='bbox 343 1839 412 1883; x_wconf 87' lang='lat' dir='ltr'><strong>esse</strong></span> <span class='ocrx_word' id='word_1_133' title='bbox 430 1817 628 1895; x_wconf 77' lang='lat' dir='ltr'><strong>deserendas,</strong></span> <span class='ocrx_word' id='word_1_134' title='bbox 645 1831 676 1882; x_wconf 90' lang='lat' dir='ltr'><strong>et</strong></span> <span class='ocrx_word' id='word_1_135' title='bbox 697 1818 803 1882; x_wconf 89' lang='lat' dir='ltr'><strong>locum</strong></span> <span class='ocrx_word' id='word_1_136' title='bbox 820 1819 955 1905; x_wconf 81' lang='lat' dir='ltr'><strong>aliquem</strong></span> <span class='ocrx_word' id='word_1_137' title='bbox 978 1840 1080 1906; x_wconf 89' lang='lat' dir='ltr'><strong>prope</strong></span> <span class='ocrx_word' id='word_1_138' title='bbox 1094 1819 1179 1908; x_wconf 79' lang='lat' dir='ltr'><strong>ipsas</strong></span> 
     </span>
     <span class='ocr_line' id='line_1_19' title="bbox 128 1903 1179 1990; baseline 0.005 -24"><span class='ocrx_word' id='word_1_139' title='bbox 128 1923 231 1966; x_wconf 78' lang='lat' dir='ltr'><strong>mares</strong></span> <span class='ocrx_word' id='word_1_140' title='bbox 252 1903 485 1988; x_wconf 85' lang='lat' dir='ltr'><strong>occupandum,</strong></span> <span class='ocrx_word' id='word_1_141' title='bbox 501 1915 533 1970; x_wconf 91' lang='lat' dir='ltr'><strong>et</strong></span> <span class='ocrx_word' id='word_1_142' title='bbox 555 1903 754 1984; x_wconf 88' lang='lat' dir='ltr'><strong>munimento</strong></span> <span class='ocrx_word' id='word_1_143' title='bbox 773 1925 867 1990; x_wconf 83' lang='lat' dir='ltr'><strong>quam</strong></span> <span class='ocrx_word' id='word_1_144' title='bbox 892 1906 1025 1969; x_wconf 88' lang='lat' dir='ltr'><strong>minimo</strong></span> <span class='ocrx_word' id='word_1_145' title='bbox 1051 1920 1179 1989; x_wconf 84' lang='lat' dir='ltr'><strong>possent</strong></span> 
     </span>
     <span class='ocr_line' id='line_1_20' title="bbox 131 1989 1179 2076; baseline 0.005 -24"><span class='ocrx_word' id='word_1_146' title='bbox 131 1989 404 2065; x_wconf 79' lang='lat' dir='ltr'><strong>concludendum,</strong></span> <span class='ocrx_word' id='word_1_147' title='bbox 420 2001 544 2055; x_wconf 89' lang='lat' dir='ltr'><strong>tantum</strong></span> <span class='ocrx_word' id='word_1_148' title='bbox 567 1991 654 2076; x_wconf 92' lang='lat' dir='ltr'><strong>quod</strong></span> <span class='ocrx_word' id='word_1_149' title='bbox 680 1992 720 2054; x_wconf 83' lang='lat' dir='ltr'><strong>ad</strong></span> <span class='ocrx_word' id='word_1_150' title='bbox 745 1991 891 2055; x_wconf 80' lang='lat' dir='ltr'><strong>utensilia</strong></span> <span class='ocrx_word' id='word_1_151' title='bbox 912 2003 945 2055; x_wconf 89' lang='lat' dir='ltr'><strong>et</strong></span> <span class='ocrx_word' id='word_1_152' title='bbox 965 2003 1104 2076; x_wconf 60' lang='lat' dir='ltr'><strong>remotos</strong></span> <span class='ocrx_word' id='word_1_153' title='bbox 1126 2013 1179 2057; x_wconf 79' lang='lat' dir='ltr'><strong>ca·</strong></span> 
     </span>
     <span class='ocr_line' id='line_1_21' title="bbox 135 2075 1177 2162; baseline 0.003 -24"><span class='ocrx_word' id='word_1_154' title='bbox 135 2075 271 2160; x_wconf 77' lang='lat' dir='ltr'><strong>piendm</strong></span> <span class='ocrx_word' id='word_1_155' title='bbox 286 2076 362 2141; x_wconf 82' lang='lat' dir='ltr'><strong>satia</strong></span> <span class='ocrx_word' id='word_1_156' title='bbox 376 2089 466 2152; x_wconf 86' lang='lat' dir='ltr'><strong>estet,</strong></span> <span class='ocrx_word' id='word_1_157' title='bbox 483 2089 578 2162; x_wconf 88' lang='lat' dir='ltr'><strong>atque</strong></span> <span class='ocrx_word' id='word_1_158' title='bbox 594 2075 657 2140; x_wconf 87' lang='lat' dir='ltr'><strong>hoc</strong></span> <span class='ocrx_word' id='word_1_159' title='bbox 677 2075 806 2162; x_wconf 79' lang='lat' dir='ltr'><strong>quidem</strong></span> <span class='ocrx_word' id='word_1_160' title='bbox 828 2075 980 2160; x_wconf 73' lang='lat' dir='ltr'><strong>praesidio</strong></span> <span class='ocrx_word' id='word_1_161' title='bbox 1001 2077 1177 2144; x_wconf 80' lang='lat' dir='ltr'><strong>tuendumt</strong></span> 
     </span>
     <span class='ocr_line' id='line_1_22' title="bbox 136 2160 1180 2248; baseline 0.003 -24"><span class='ocrx_word' id='word_1_162' title='bbox 136 2160 264 2246; x_wconf 88' lang='lat' dir='ltr'><strong>reliquo</strong></span> <span class='ocrx_word' id='word_1_163' title='bbox 277 2183 354 2226; x_wconf 85' lang='lat' dir='ltr'><strong>vero</strong></span> <span class='ocrx_word' id='word_1_164' title='bbox 374 2162 516 2247; x_wconf 75' lang='lat' dir='ltr'><strong>peditatu</strong></span> <span class='ocrx_word' id='word_1_165' title='bbox 532 2183 628 2227; x_wconf 85' lang='lat' dir='ltr'><strong>naves</strong></span> <span class='ocrx_word' id='word_1_166' title='bbox 644 2183 764 2239; x_wconf 87' lang='lat' dir='ltr'><strong>omnes,</strong></span> <span class='ocrx_word' id='word_1_167' title='bbox 780 2174 845 2226; x_wconf 81' lang='lat' dir='ltr'><strong>tam</strong></span> <span class='ocrx_word' id='word_1_168' title='bbox 869 2185 931 2240; x_wconf 86' lang='lat' dir='ltr'><strong>aas,</strong></span> <span class='ocrx_word' id='word_1_169' title='bbox 947 2167 1020 2248; x_wconf 74' lang='lat' dir='ltr'><strong>quat</strong></span> <span class='ocrx_word' id='word_1_170' title='bbox 1034 2163 1074 2227; x_wconf 88' lang='lat' dir='ltr'><strong>ad</strong></span> <span class='ocrx_word' id='word_1_171' title='bbox 1092 2163 1180 2228; x_wconf 83' lang='lat' dir='ltr'><strong>nari·</strong></span> 
     </span>
     <span class='ocr_line' id='line_1_23' title="bbox 135 2247 1181 2334; baseline 0.003 -24"><span class='ocrx_word' id='word_1_172' title='bbox 135 2247 299 2334; x_wconf 83' lang='lat' dir='ltr'><strong>gationetn</strong></span> <span class='ocrx_word' id='word_1_173' title='bbox 314 2262 418 2314; x_wconf 87' lang='lat' dir='ltr'><strong>essent</strong></span> <span class='ocrx_word' id='word_1_174' title='bbox 438 2248 575 2325; x_wconf 83' lang='lat' dir='ltr'><strong>idoneae,</strong></span> <span class='ocrx_word' id='word_1_175' title='bbox 590 2269 684 2334; x_wconf 82' lang='lat' dir='ltr'><strong>quma</strong></span> <span class='ocrx_word' id='word_1_176' title='bbox 701 2269 762 2325; x_wconf 78' lang='lat' dir='ltr'><strong>aas,</strong></span> <span class='ocrx_word' id='word_1_177' title='bbox 778 2268 850 2334; x_wconf 80' lang='lat' dir='ltr'><strong>quae</strong></span> <span class='ocrx_word' id='word_1_178' title='bbox 865 2269 929 2314; x_wconf 88' lang='lat' dir='ltr'><strong>nou</strong></span> <span class='ocrx_word' id='word_1_179' title='bbox 945 2260 1048 2316; x_wconf 84' lang='lat' dir='ltr'><strong>essent</strong></span> <span class='ocrx_word' id='word_1_180' title='bbox 1062 2251 1181 2316; x_wconf 80' lang='lat' dir='ltr'><strong>idoneae</strong></span> 
     </span>
     <span class='ocr_line' id='line_1_24' title="bbox 128 2334 1180 2422; baseline 0.002 -24"><span class='ocrx_word' id='word_1_181' title='bbox 128 2336 185 2398; x_wconf 78' lang='lat' dir='ltr'><strong>od</strong></span> <span class='ocrx_word' id='word_1_182' title='bbox 204 2336 425 2419; x_wconf 74' lang='lat' dir='ltr'><strong>navigandum,</strong></span> <span class='ocrx_word' id='word_1_183' title='bbox 442 2334 626 2419; x_wconf 86' lang='lat' dir='ltr'><strong>explendas,</strong></span> <span class='ocrx_word' id='word_1_184' title='bbox 642 2334 706 2398; x_wconf 66' lang='lat' dir='ltr'><strong>‘ita</strong></span> <span class='ocrx_word' id='word_1_185' title='bbox 726 2349 762 2398; x_wconf 94' lang='lat' dir='ltr'><strong>ut</strong></span> <span class='ocrx_word' id='word_1_186' title='bbox 776 2334 931 2420; x_wconf 91' lang='lat' dir='ltr'><strong>quoslibet</strong></span> <span class='ocrx_word' id='word_1_187' title='bbox 954 2337 988 2399; x_wconf 80' lang='lat' dir='ltr'><strong>in</strong></span> <span class='ocrx_word' id='word_1_188' title='bbox 1002 2358 1055 2400; x_wconf 85' lang='lat' dir='ltr'><strong>eoa</strong></span> <span class='ocrx_word' id='word_1_189' title='bbox 1076 2335 1180 2422; x_wconf 88' lang='lat' dir='ltr'><strong>impo-</strong></span> 
     </span>
     <span class='ocr_line' id='line_1_25' title="bbox 134 2419 1178 2505; baseline 0.003 -21"><span class='ocrx_word' id='word_1_190' title='bbox 134 2431 266 2484; x_wconf 85' lang='lat' dir='ltr'><strong>nerent:</strong></span> <span class='ocrx_word' id='word_1_191' title='bbox 288 2431 321 2485; x_wconf 89' lang='lat' dir='ltr'><strong>et</strong></span> <span class='ocrx_word' id='word_1_192' title='bbox 335 2421 440 2485; x_wconf 81' lang='lat' dir='ltr'><strong>nauali</strong></span> <span class='ocrx_word' id='word_1_193' title='bbox 462 2421 578 2505; x_wconf 89' lang='lat' dir='ltr'><strong>proelio</strong></span> <span class='ocrx_word' id='word_1_194' title='bbox 592 2419 771 2497; x_wconf 88' lang='lat' dir='ltr'><strong>commisso,</strong></span> <span class='ocrx_word' id='word_1_195' title='bbox 787 2421 813 2483; x_wconf 89' lang='lat' dir='ltr'><strong>si</strong></span> <span class='ocrx_word' id='word_1_196' title='bbox 828 2421 1003 2497; x_wconf 88' lang='lat' dir='ltr'><strong>vincerent,</strong></span> <span class='ocrx_word' id='word_1_197' title='bbox 1019 2421 1178 2486; x_wconf 87' lang='lat' dir='ltr'><strong>Catanam</strong></span> 
     </span>
     <span class='ocr_line' id='line_1_26' title="bbox 132 2505 1180 2591; baseline 0.003 -22"><span class='ocrx_word' id='word_1_198' title='bbox 132 2527 170 2569; x_wconf 84' lang='lat' dir='ltr'><strong>se</strong></span> <span class='ocrx_word' id='word_1_199' title='bbox 185 2505 374 2590; x_wconf 80' lang='lat' dir='ltr'><strong>reciperent3</strong></span> <span class='ocrx_word' id='word_1_200' title='bbox 391 2509 438 2570; x_wconf 91' lang='lat' dir='ltr'><strong>sin</strong></span> <span class='ocrx_word' id='word_1_201' title='bbox 451 2527 551 2588; x_wconf 86' lang='lat' dir='ltr'><strong>secus,</strong></span> <span class='ocrx_word' id='word_1_202' title='bbox 566 2507 693 2571; x_wconf 90' lang='lat' dir='ltr'><strong>incensa</strong></span> <span class='ocrx_word' id='word_1_203' title='bbox 704 2506 812 2584; x_wconf 86' lang='lat' dir='ltr'><strong>classe,</strong></span> <span class='ocrx_word' id='word_1_204' title='bbox 825 2507 964 2591; x_wconf 84' lang='lat' dir='ltr'><strong>pedestri</strong></span> <span class='ocrx_word' id='word_1_205' title='bbox 978 2506 1102 2584; x_wconf 86' lang='lat' dir='ltr'><strong>itinere,</strong></span> <span class='ocrx_word' id='word_1_206' title='bbox 1112 2509 1180 2572; x_wconf 85' lang='lat' dir='ltr'><strong>acie</strong></span> 
     </span>
     <span class='ocr_line' id='line_1_27' title="bbox 135 2591 1180 2678; baseline 0.004 -24"><span class='ocrx_word' id='word_1_207' title='bbox 135 2591 296 2656; x_wconf 88' lang='lat' dir='ltr'><strong>instructa</strong></span> <span class='ocrx_word' id='word_1_208' title='bbox 315 2594 449 2668; x_wconf 88' lang='lat' dir='ltr'><strong>abirent,</strong></span> <span class='ocrx_word' id='word_1_209' title='bbox 465 2613 530 2678; x_wconf 87' lang='lat' dir='ltr'><strong>qua</strong></span> <span class='ocrx_word' id='word_1_210' title='bbox 549 2603 641 2677; x_wconf 89' lang='lat' dir='ltr'><strong>parte</strong></span> <span class='ocrx_word' id='word_1_211' title='bbox 655 2592 816 2656; x_wconf 87' lang='lat' dir='ltr'><strong>celerrime</strong></span> <span class='ocrx_word' id='word_1_212' title='bbox 838 2592 943 2656; x_wconf 87' lang='lat' dir='ltr'><strong>locum</strong></span> <span class='ocrx_word' id='word_1_213' title='bbox 960 2591 1108 2678; x_wconf 88' lang='lat' dir='ltr'><strong>aliquem,</strong></span> <span class='ocrx_word' id='word_1_214' title='bbox 1124 2605 1180 2658; x_wconf 87' lang='lat' dir='ltr'><strong>aut</strong></span> 
     </span>
     <span class='ocr_line' id='line_1_28' title="bbox 135 2677 1180 2764; baseline 0.001 -22"><span class='ocrx_word' id='word_1_215' title='bbox 135 2677 341 2742; x_wconf 68' lang='lat' dir='ltr'><strong>barbaricum</strong></span> <span class='ocrx_word' id='word_1_216' title='bbox 365 2693 420 2744; x_wconf 83' lang='lat' dir='ltr'><strong>aut</strong></span> <span class='ocrx_word' id='word_1_217' title='bbox 440 2679 606 2756; x_wconf 78' lang='lat' dir='ltr'><strong>Graecum,</strong></span> <span class='ocrx_word' id='word_1_218' title='bbox 623 2679 677 2764; x_wconf 88' lang='lat' dir='ltr'><strong>qui</strong></span> <span class='ocrx_word' id='word_1_219' title='bbox 704 2679 823 2742; x_wconf 79' lang='lat' dir='ltr'><strong>aniic‘us</strong></span> <span class='ocrx_word' id='word_1_220' title='bbox 845 2693 936 2755; x_wconf 85' lang='lat' dir='ltr'><strong>esset,</strong></span> <span class='ocrx_word' id='word_1_221' title='bbox 952 2677 1004 2742; x_wconf 83' lang='lat' dir='ltr'><strong>adi</strong></span> <span class='ocrx_word' id='word_1_222' title='bbox 1030 2679 1085 2743; x_wconf 84' lang='lat' dir='ltr'><strong>iaci</strong></span> <span class='ocrx_word' id='word_1_223' title='bbox 1106 2701 1180 2764; x_wconf 86' lang='lat' dir='ltr'><strong>pos·</strong></span> 
     </span>
     <span class='ocr_line' id='line_1_29' title="bbox 135 2699 1182 2850; baseline -0.002 -18"><span class='ocrx_word' id='word_1_224' title='bbox 135 2776 222 2833; x_wconf 73' lang='lat' dir='ltr'><strong>tent.</strong></span> <span class='ocrx_word' id='word_1_225' title='bbox 267 2766 375 2850; x_wconf 83' lang='lat' dir='ltr'><strong>Atque</strong></span> <span class='ocrx_word' id='word_1_226' title='bbox 401 2765 434 2828; x_wconf 87' lang='lat' dir='ltr'><strong>bi</strong></span> <span class='ocrx_word' id='word_1_227' title='bbox 459 2763 598 2849; x_wconf 90' lang='lat' dir='ltr'><strong>quidem,</strong></span> <span class='ocrx_word' id='word_1_228' title='bbox 622 2777 659 2830; x_wconf 92' lang='lat' dir='ltr'><strong>ut</strong></span> <span class='ocrx_word' id='word_1_229' title='bbox 684 2763 754 2829; x_wconf 80' lang='lat' dir='ltr'><strong>haec</strong></span> <span class='ocrx_word' id='word_1_230' title='bbox 777 2764 854 2849; x_wconf 87' lang='lat' dir='ltr'><strong>ipsis</strong></span> <span class='ocrx_word' id='word_1_231' title='bbox 868 2767 951 2850; x_wconf 60' lang='grc' dir='ltr'><strong>βοή</strong></span> <span class='ocrx_word' id='word_1_232' title='bbox 978 2699 1110 2848; x_wconf 66' lang='lat' dir='ltr'><strong>phenit,</strong></span> <span class='ocrx_word' id='word_1_233' title='bbox 1136 2765 1182 2831; x_wconf 87' lang='lat' dir='ltr'><strong>sic</strong></span> 
     </span>
     <span class='ocr_line' id='line_1_30' title="bbox 136 2849 1183 2936; baseline 0.001 -23"><span class='ocrx_word' id='word_1_234' title='bbox 136 2849 237 2920; x_wconf 85' lang='lat' dir='ltr'><strong>etiam</strong></span> <span class='ocrx_word' id='word_1_235' title='bbox 259 2851 343 2914; x_wconf 86' lang='lat' dir='ltr'><strong>illico</strong></span> <span class='ocrx_word' id='word_1_236' title='bbox 364 2849 518 2915; x_wconf 80' lang='lat' dir='ltr'><strong>fecerunt.</strong></span> <span class='ocrx_word' id='word_1_237' title='bbox 566 2851 648 2914; x_wconf 89' lang='lat' dir='ltr'><strong>Nam</strong></span> <span class='ocrx_word' id='word_1_238' title='bbox 664 2861 750 2915; x_wconf 86' lang='lat' dir='ltr'><strong>etex</strong></span> <span class='ocrx_word' id='word_1_239' title='bbox 766 2851 982 2936; x_wconf 87' lang='lat' dir='ltr'><strong>superioribus</strong></span> <span class='ocrx_word' id='word_1_240' title='bbox 997 2850 1183 2916; x_wconf 86' lang='lat' dir='ltr'><strong>munitioni-</strong></span> 
     </span>
     <span class='ocr_line' id='line_1_31' title="bbox 136 2935 1182 3021; baseline 0.003 -22"><span class='ocrx_word' id='word_1_241' title='bbox 136 2935 203 2999; x_wconf 88' lang='lat' dir='ltr'><strong>bus</strong></span> <span class='ocrx_word' id='word_1_242' title='bbox 217 2937 256 2998; x_wconf 92' lang='lat' dir='ltr'><strong>ad</strong></span> <span class='ocrx_word' id='word_1_243' title='bbox 272 2937 361 3000; x_wconf 88' lang='lat' dir='ltr'><strong>littus</strong></span> <span class='ocrx_word' id='word_1_244' title='bbox 376 2936 617 3015; x_wconf 89' lang='lat' dir='ltr'><strong>descenderunt,</strong></span> <span class='ocrx_word' id='word_1_245' title='bbox 629 2957 802 3021; x_wconf 89' lang='lat' dir='ltr'><strong>omnesque</strong></span> <span class='ocrx_word' id='word_1_246' title='bbox 816 2957 911 3000; x_wconf 84' lang='lat' dir='ltr'><strong>naves</strong></span> <span class='ocrx_word' id='word_1_247' title='bbox 925 2935 1182 3020; x_wconf 81' lang='lat' dir='ltr'><strong>compleverunt3</strong></span> 
     </span>
     <span class='ocr_line' id='line_1_32' title="bbox 136 3021 1183 3110; baseline 0.002 -24"><span class='ocrx_word' id='word_1_248' title='bbox 136 3021 264 3086; x_wconf 85' lang='lat' dir='ltr'><strong>eunctis</strong></span> <span class='ocrx_word' id='word_1_249' title='bbox 278 3043 331 3088; x_wconf 85' lang='lat' dir='ltr'><strong>eas</strong></span> <span class='ocrx_word' id='word_1_250' title='bbox 347 3022 470 3108; x_wconf 81' lang='lat' dir='ltr'><strong>ingredi</strong></span> <span class='ocrx_word' id='word_1_251' title='bbox 492 3023 617 3099; x_wconf 87' lang='lat' dir='ltr'><strong>coactis,</strong></span> <span class='ocrx_word' id='word_1_252' title='bbox 635 3022 817 3107; x_wconf 89' lang='lat' dir='ltr'><strong>quicunque</strong></span> <span class='ocrx_word' id='word_1_253' title='bbox 836 3043 892 3106; x_wconf 92' lang='lat' dir='ltr'><strong>per</strong></span> <span class='ocrx_word' id='word_1_254' title='bbox 912 3033 1037 3085; x_wconf 87' lang='lat' dir='ltr'><strong>aetatem</strong></span> <span class='ocrx_word' id='word_1_255' title='bbox 1053 3045 1183 3110; x_wconf 91' lang='lat' dir='ltr'><strong>quoquo</strong></span> 
     </span>
     <span class='ocr_line' id='line_1_33' title="bbox 137 3106 1182 3191; baseline 0.001 -19"><span class='ocrx_word' id='word_1_256' title='bbox 137 3106 240 3172; x_wconf 87' lang='lat' dir='ltr'><strong>modo</strong></span> <span class='ocrx_word' id='word_1_257' title='bbox 254 3109 298 3170; x_wconf 85' lang='lat' dir='ltr'><strong>od</strong></span> <span class='ocrx_word' id='word_1_258' title='bbox 311 3110 442 3191; x_wconf 82' lang='lat' dir='ltr'><strong>aliquem</strong></span> <span class='ocrx_word' id='word_1_259' title='bbox 457 3111 506 3172; x_wconf 79' lang='lat' dir='ltr'><strong>rei</strong></span> <span class='ocrx_word' id='word_1_260' title='bbox 526 3110 650 3172; x_wconf 82' lang='lat' dir='ltr'><strong>travalir</strong></span> <span class='ocrx_word' id='word_1_261' title='bbox 668 3127 753 3170; x_wconf 69' lang='lat' dir='ltr'><strong>umen</strong></span> <span class='ocrx_word' id='word_1_262' title='bbox 775 3107 879 3170; x_wconf 91' lang='lat' dir='ltr'><strong>idonei</strong></span> <span class='ocrx_word' id='word_1_263' title='bbox 901 3129 968 3172; x_wconf 86' lang='lat' dir='ltr'><strong>esse</strong></span> <span class='ocrx_word' id='word_1_264' title='bbox 984 3107 1182 3173; x_wconf 86' lang='lat' dir='ltr'><strong>ridebantur.</strong></span> 
     </span>
     <span class='ocr_line' id='line_1_34' title="bbox 142 3191 1184 3278; baseline 0 -21"><span class='ocrx_word' id='word_1_265' title='bbox 142 3193 314 3257; x_wconf 86' lang='lat' dir='ltr'><strong>Univeraoe</strong></span> <span class='ocrx_word' id='word_1_266' title='bbox 339 3204 445 3257; x_wconf 89' lang='lat' dir='ltr'><strong>autem</strong></span> <span class='ocrx_word' id='word_1_267' title='bbox 471 3213 566 3257; x_wconf 87' lang='lat' dir='ltr'><strong>naves</strong></span> <span class='ocrx_word' id='word_1_268' title='bbox 591 3194 631 3257; x_wconf 88' lang='lat' dir='ltr'><strong>ad</strong></span> <span class='ocrx_word' id='word_1_269' title='bbox 661 3204 789 3255; x_wconf 88' lang='lat' dir='ltr'><strong>centum</strong></span> <span class='ocrx_word' id='word_1_270' title='bbox 817 3214 854 3256; x_wconf 87' lang='lat' dir='ltr'><strong>ac</strong></span> <span class='ocrx_word' id='word_1_271' title='bbox 880 3191 988 3256; x_wconf 90' lang='lat' dir='ltr'><strong>decem</strong></span> <span class='ocrx_word' id='word_1_272' title='bbox 1015 3197 1184 3278; x_wconf 78' lang='lat' dir='ltr'><strong>completae</strong></span> 
     </span>
     <span class='ocr_line' id='line_1_35' title="bbox 135 3277 1184 3382; baseline 0.001 -40"><span class='ocrx_word' id='word_1_273' title='bbox 135 3277 280 3344; x_wconf 78' lang='lat' dir='ltr'><strong>suerunt.</strong></span> <span class='ocrx_word' id='word_1_274' title='bbox 320 3279 443 3343; x_wconf 89' lang='lat' dir='ltr'><strong>Multos</strong></span> <span class='ocrx_word' id='word_1_275' title='bbox 458 3293 563 3344; x_wconf 89' lang='lat' dir='ltr'><strong>autem</strong></span> <span class='ocrx_word' id='word_1_276' title='bbox 581 3279 760 3382; x_wconf 72' lang='lat' dir='ltr'><strong>sagittarios</strong></span> <span class='ocrx_word' id='word_1_277' title='bbox 775 3291 806 3341; x_wconf 90' lang='lat' dir='ltr'><strong>et</strong></span> <span class='ocrx_word' id='word_1_278' title='bbox 816 3277 1019 3363; x_wconf 86' lang='lat' dir='ltr'><strong>jaculatores,</strong></span> <span class='ocrx_word' id='word_1_279' title='bbox 1033 3292 1066 3343; x_wconf 85' lang='lat' dir='ltr'><strong>et</strong></span> <span class='ocrx_word' id='word_1_280' title='bbox 1082 3281 1184 3345; x_wconf 89' lang='lat' dir='ltr'><strong>Acar-</strong></span> 
     </span>
     <span class='ocr_line' id='line_1_36' title="bbox 136 3363 1185 3512; baseline -0.001 -83"><span class='ocrx_word' id='word_1_281' title='bbox 136 3383 275 3442; x_wconf 85' lang='lat' dir='ltr'><strong>nanum,</strong></span> <span class='ocrx_word' id='word_1_282' title='bbox 291 3377 324 3429; x_wconf 89' lang='lat' dir='ltr'><strong>et</strong></span> <span class='ocrx_word' id='word_1_283' title='bbox 345 3363 478 3430; x_wconf 88' lang='lat' dir='ltr'><strong>aliorum</strong></span> <span class='ocrx_word' id='word_1_284' title='bbox 502 3385 753 3453; x_wconf 77' lang='lat' dir='ltr'><strong>peregrinorum,</strong></span> <span class='ocrx_word' id='word_1_285' title='bbox 768 3365 802 3427; x_wconf 95' lang='lat' dir='ltr'><strong>in</strong></span> <span class='ocrx_word' id='word_1_286' title='bbox 818 3385 869 3428; x_wconf 85' lang='lat' dir='ltr'><strong>eas</strong></span> <span class='ocrx_word' id='word_1_287' title='bbox 891 3367 1128 3512; x_wconf 88' lang='lat' dir='ltr'><strong>imposuerunt;</strong></span> <span class='ocrx_word' id='word_1_288' title='bbox 1153 3373 1185 3428; x_wconf 88' lang='lat' dir='ltr'><strong>e&#39;t</strong></span> 
     </span>
     <span class='ocr_line' id='line_1_37' title="bbox 137 3449 1185 3539; baseline -0.001 -24"><span class='ocrx_word' id='word_1_289' title='bbox 137 3461 268 3525; x_wconf 77' lang='lat' dir='ltr'><strong>caetera,</strong></span> <span class='ocrx_word' id='word_1_290' title='bbox 283 3463 380 3535; x_wconf 90' lang='lat' dir='ltr'><strong>prout</strong></span> <span class='ocrx_word' id='word_1_291' title='bbox 405 3453 489 3536; x_wconf 89' lang='lat' dir='ltr'><strong>ipsis,</strong></span> <span class='ocrx_word' id='word_1_292' title='bbox 506 3453 538 3514; x_wconf 92' lang='lat' dir='ltr'><strong>in</strong></span> <span class='ocrx_word' id='word_1_293' title='bbox 564 3471 616 3515; x_wconf 84' lang='lat' dir='ltr'><strong>eas</strong></span> <span class='ocrx_word' id='word_1_294' title='bbox 640 3450 800 3539; x_wconf 85' lang='lat' dir='ltr'><strong>angustias</strong></span> <span class='ocrx_word' id='word_1_295' title='bbox 817 3453 935 3532; x_wconf 79' lang='lat' dir='ltr'><strong>‘compu</strong></span> <span class='ocrx_word' id='word_1_296' title='bbox 949 3449 1002 3531; x_wconf 86' lang='lat' dir='ltr'><strong>sis,</strong></span> <span class='ocrx_word' id='word_1_297' title='bbox 1023 3464 1054 3515; x_wconf 90' lang='lat' dir='ltr'><strong>et</strong></span> <span class='ocrx_word' id='word_1_298' title='bbox 1075 3450 1185 3538; x_wconf 88' lang='lat' dir='ltr'><strong>hujus·</strong></span> 
     </span>
     <span class='ocr_line' id='line_1_38' title="bbox 136 3535 1184 3623; baseline 0.001 -23"><span class='ocrx_word' id='word_1_299' title='bbox 136 3535 234 3600; x_wconf 89' lang='lat' dir='ltr'><strong>modi</strong></span> <span class='ocrx_word' id='word_1_300' title='bbox 252 3538 459 3623; x_wconf 80' lang='lat' dir='ltr'><strong>cogitationes</strong></span> <span class='ocrx_word' id='word_1_301' title='bbox 482 3537 683 3614; x_wconf 88' lang='lat' dir='ltr'><strong>habentibus,</strong></span> <span class='ocrx_word' id='word_1_302' title='bbox 699 3536 825 3613; x_wconf 86' lang='lat' dir='ltr'><strong>licebat,</strong></span> <span class='ocrx_word' id='word_1_303' title='bbox 842 3551 1079 3620; x_wconf 87' lang='lat' dir='ltr'><strong>compararunt.</strong></span> <span class='ocrx_word' id='word_1_304' title='bbox 1125 3535 1184 3601; x_wconf 85' lang='lat' dir='ltr'><strong>Ni·</strong></span> 
     </span>
     <span class='ocr_line' id='line_1_39' title="bbox 128 3621 1183 3710; baseline -0.001 -24"><span class='ocrx_word' id='word_1_305' title='bbox 128 3623 209 3686; x_wconf 85' lang='lat' dir='ltr'><strong>·cius</strong></span> <span class='ocrx_word' id='word_1_306' title='bbox 224 3635 342 3704; x_wconf 82' lang='lat' dir='ltr'><strong>autem,</strong></span> <span class='ocrx_word' id='word_1_307' title='bbox 359 3624 452 3688; x_wconf 88' lang='lat' dir='ltr'><strong>rebus</strong></span> <span class='ocrx_word' id='word_1_308' title='bbox 474 3645 591 3710; x_wconf 81' lang='lat' dir='ltr'><strong>magna</strong></span> <span class='ocrx_word' id='word_1_309' title='bbox 605 3646 644 3688; x_wconf 85' lang='lat' dir='ltr'><strong>ex</strong></span> <span class='ocrx_word' id='word_1_310' title='bbox 658 3634 749 3708; x_wconf 90' lang='lat' dir='ltr'><strong>parte</strong></span> <span class='ocrx_word' id='word_1_311' title='bbox 769 3623 830 3686; x_wconf 83' lang='lat' dir='ltr'><strong>‘arn</strong></span> <span class='ocrx_word' id='word_1_312' title='bbox 847 3621 972 3706; x_wconf 88' lang='lat' dir='ltr'><strong>paratis,</strong></span> <span class='ocrx_word' id='word_1_313' title='bbox 988 3621 1108 3703; x_wconf 77' lang='lat' dir='ltr'><strong>uidene,</strong></span> <span class='ocrx_word' id='word_1_314' title='bbox 1125 3624 1183 3688; x_wconf 88' lang='lat' dir='ltr'><strong>mi·</strong></span> 
     </span>
     <span class='ocr_line' id='line_1_40' title="bbox 138 3646 1186 3795; baseline 0.001 -23"><span class='ocrx_word' id='word_1_315' title='bbox 138 3709 216 3776; x_wconf 82' lang='lat' dir='ltr'><strong>lites</strong></span> <span class='ocrx_word' id='word_1_316' title='bbox 229 3709 337 3774; x_wconf 87' lang='lat' dir='ltr'><strong>animo</strong></span> <span class='ocrx_word' id='word_1_317' title='bbox 359 3723 576 3774; x_wconf 88' lang='lat' dir='ltr'><strong>consternatos</strong></span> <span class='ocrx_word' id='word_1_318' title='bbox 591 3731 668 3789; x_wconf 89' lang='lat' dir='ltr'><strong>esse,</strong></span> <span class='ocrx_word' id='word_1_319' title='bbox 683 3646 777 3795; x_wconf 75' lang='lat' dir='ltr'><strong>quod</strong></span> <span class='ocrx_word' id='word_1_320' title='bbox 793 3721 907 3792; x_wconf 82' lang='lat' dir='ltr'><strong>praeter</strong></span> <span class='ocrx_word' id='word_1_321' title='bbox 929 3705 1057 3772; x_wconf 86' lang='lat' dir='ltr'><strong>solitum</strong></span> <span class='ocrx_word' id='word_1_322' title='bbox 1079 3708 1186 3773; x_wconf 85' lang='lat' dir='ltr'><strong>navali</strong></span> 
     </span>
     <span class='ocr_line' id='line_1_41' title="bbox 136 3793 1184 3882; baseline 0.001 -25"><span class='ocrx_word' id='word_1_323' title='bbox 136 3793 263 3882; x_wconf 85' lang='lat' dir='ltr'><strong>proelio</strong></span> <span class='ocrx_word' id='word_1_324' title='bbox 277 3795 373 3881; x_wconf 78' lang='lat' dir='ltr'><strong>longe</strong></span> <span class='ocrx_word' id='word_1_325' title='bbox 388 3796 527 3879; x_wconf 88' lang='lat' dir='ltr'><strong>superati</strong></span> <span class='ocrx_word' id='word_1_326' title='bbox 542 3793 681 3872; x_wconf 88' lang='lat' dir='ltr'><strong>fuissent,</strong></span> <span class='ocrx_word' id='word_1_327' title='bbox 694 3806 726 3858; x_wconf 91' lang='lat' dir='ltr'><strong>et</strong></span> <span class='ocrx_word' id='word_1_328' title='bbox 740 3807 874 3879; x_wconf 88' lang='lat' dir='ltr'><strong>propter</strong></span> <span class='ocrx_word' id='word_1_329' title='bbox 888 3809 1120 3860; x_wconf 87' lang='lat' dir='ltr'><strong>commeatuum</strong></span> <span class='ocrx_word' id='word_1_330' title='bbox 1136 3797 1184 3859; x_wconf 87' lang='lat' dir='ltr'><strong>in-</strong></span> 
     </span>
     <span class='ocr_line' id='line_1_42' title="bbox 137 3880 1185 3967; baseline -0.001 -20"><span class='ocrx_word' id='word_1_331' title='bbox 137 3881 251 3967; x_wconf 87' lang='lat' dir='ltr'><strong>opiam</strong></span> <span class='ocrx_word' id='word_1_332' title='bbox 268 3881 346 3945; x_wconf 79' lang='lat' dir='ltr'><strong>velle</strong></span> <span class='ocrx_word' id='word_1_333' title='bbox 361 3903 455 3967; x_wconf 82' lang='lat' dir='ltr'><strong>quarn</strong></span> <span class='ocrx_word' id='word_1_334' title='bbox 472 3880 634 3944; x_wconf 85' lang='lat' dir='ltr'><strong>celerrime</strong></span> <span class='ocrx_word' id='word_1_335' title='bbox 650 3883 723 3944; x_wconf 76' lang='lat' dir='ltr'><strong>betti</strong></span> <span class='ocrx_word' id='word_1_336' title='bbox 730 3883 898 3966; x_wconf 76' lang='lat' dir='ltr'><strong>firrtunam</strong></span> <span class='ocrx_word' id='word_1_337' title='bbox 920 3881 1101 3966; x_wconf 86' lang='lat' dir='ltr'><strong>periclitari,</strong></span> <span class='ocrx_word' id='word_1_338' title='bbox 1116 3903 1185 3946; x_wconf 88' lang='lat' dir='ltr'><strong>om-</strong></span> 
     </span>
     <span class='ocr_line' id='line_1_43' title="bbox 3 3965 1187 4050; baseline -0.002 -18"><span class='ocrx_word' id='word_1_339' title='bbox 3 3975 7 3996; x_wconf 88' lang='lat'><em>¹</em></span> <span class='ocrx_word' id='word_1_340' title='bbox 125 3989 201 4032; x_wconf 78' lang='lat' dir='ltr'><strong>nes</strong></span> <span class='ocrx_word' id='word_1_341' title='bbox 215 3982 415 4043; x_wconf 73' lang='lat' dir='ltr'><strong>conmeatus,</strong></span> <span class='ocrx_word' id='word_1_342' title='bbox 431 3979 507 4031; x_wconf 90' lang='lat' dir='ltr'><strong>tunc</strong></span> <span class='ocrx_word' id='word_1_343' title='bbox 527 3966 667 4050; x_wconf 87' lang='lat' dir='ltr'><strong>primum</strong></span> <span class='ocrx_word' id='word_1_344' title='bbox 682 3980 728 4030; x_wconf 88' lang='lat' dir='ltr'><strong>est</strong></span> <span class='ocrx_word' id='word_1_345' title='bbox 743 3965 939 4044; x_wconf 73' lang='lat' dir='ltr'><strong>adhortatus,</strong></span> <span class='ocrx_word' id='word_1_346' title='bbox 955 3983 986 4032; x_wconf 91' lang='lat' dir='ltr'><strong>et</strong></span> <span class='ocrx_word' id='word_1_347' title='bbox 1005 3967 1075 4033; x_wconf 88' lang='lat' dir='ltr'><strong>haec</strong></span> <span class='ocrx_word' id='word_1_348' title='bbox 1091 3967 1187 4033; x_wconf 87' lang='lat' dir='ltr'><strong>verba</strong></span> 
     </span>
     <span class='ocr_line' id='line_1_44' title="bbox 138 4053 235 4118; baseline -0.021 0"><span class='ocrx_word' id='word_1_349' title='bbox 138 4053 235 4118; x_wconf 83' lang='lat' dir='ltr'><strong>fecit:</strong></span> 
     </span>
     <span class='ocr_line' id='line_1_45' title="bbox 342 4195 960 4322; baseline -0.003 -13"><span class='ocrx_word' id='word_1_350' title='bbox 342 4199 355 4296; x_wconf 56' lang='grc' dir='ltr'>Σ</span> <span class='ocrx_word' id='word_1_351' title='bbox 371 4195 960 4322; x_wconf 45' lang='grc' dir='ltr'><strong>ἒίξιίιιίζιῑιξιῗεδρέἶιιιιἛωμοῖηἰςῗεοέξυῃιὶῑαὶἶώ</strong></span> 
     </span>
    </p>
   </div>
   <div class='ocr_carea' id='block_1_4' title="bbox 0 0 1524 4768">
    <p class='ocr_par' dir='ltr' id='par_1_4' title="bbox 0 0 1524 4768">
     <span class='ocr_line' id='line_1_46' title="bbox 0 0 1524 4768; baseline 0 0"><span class='ocrx_word' id='word_1_352' title='bbox 0 0 1524 4768; x_wconf 95' lang='lat' dir='ltr'><strong> </strong></span> 
     </span>
    </p>
   </div>
  </div>
 </body>
</html>
