2990 4792
426 294 675 398 H'ISTORIAE
698 307 788 374 Lm.
813 299 859 372 11.
906 372 908 378 ,
1114 311 1176 374 rot

128 477 287 557 morior,
318 479 463 566 tangenti
491 499 560 544 non
590 493 659 545 erat
687 478 862 546 admodum
893 477 1044 557 calidum,
1074 501 1178 568 neque
1210 505 1271 556 aen.
1395 519 1400 528 ·

130 563 301 650 pallidum,
318 564 372 630 aed
394 565 602 647 subrubrom‚
623 565 767 645 lividum,
786 565 893 652 parnis
914 566 1051 653 pustulis
1073 579 1106 632 et
1128 566 1177 632 ul·
1198 571 1282 636 relega

132 651 263 718 ceribus
292 651 501 718 efflorescens.
556 652 715 720 Interiora
744 675 821 718 vero
848 653 894 718 ita
921 653 1111 743 flagrabant,
1140 668 1178 720 ut
1191 639 1292 768 gffi

132 759 240 824 neque
262 739 519 806 tenuirsimorum
542 741 813 819 vestimentorum,
829 755 885 806 aut
905 739 1076 806 linteorum
1098 742 1176 832 inje·
1201 767 1279 832 sqq,

132 825 256 890 etiones
282 827 484 904 sustinerent,
509 847 615 912 neque
638 826 727 892 aliud
749 829 914 930 quippiam
940 839 1059 914 preater
1085 829 1178 894 nudi·
1206 833 1234 880 U·
1247 835 1275 882 0·

133 923 250 977 tatem:
274 925 307 978 et
318 912 528 978 libentissime
542 913 576 976 in
591 935 690 1002 aquea
704 914 824 1000 gelidas
838 935 871 979 se
885 916 1087 1002 conjicerent.
1134 916 1178 983 Et
1205 897 1275 1036 ’ἐξ

134 998 230 1066 multi
245 1021 368 1078 eornm,
380 1001 436 1087 qui
450 999 587 1088 neglecti
601 1005 702 1078 erant,
715 999 777 1084 boo
790 1000 897 1088 ipsum
910 1003 1008 1070 etiarn
1022 1001 1175 1082 fecerunt,

133 1087 214 1150 etin
232 1103 345 1171 puteos
359 1111 393 1151 re
406 1087 592 1174 dejecerunt
603 1089 655 1152 siti
669 1085 846 1154 insedabili.
889 1087 933 1153 Et
946 1088 1067 1176 largior
1082 1103 1177 1176 potus

133 1172 269 1258 perinde
290 1187 359 1241 erat
380 1195 418 1238 ac
440 1174 579 1260 parcior.
624 1173 668 1238 Et
690 1175 834 1260 corporis
855 1177 992 1256 vexatio,
1011 1197 1084 1262 quae
1107 1178 1177 1264 qui·

134 1259 261 1326 meandi
278 1259 458 1326 facultatem
473 1261 647 1339 adimebat,
659 1275 692 1326 et
706 1273 871 1348 perpetum
886 1260 1003 1350 uigilia
1018 1285 1069 1328 eor
1083 1285 1177 1356 urge-

134 1345 224 1411 bant.
280 1347 408 1432 Corpus
432 1348 529 1412 etiam
558 1349 674 1434 ipsum,
702 1349 854 1450 quamdiu
881 1350 1013 1414 morbus
1039 1350 1176 1438 vigebat,

133 1455 201 1498 non
216 1433 407 1521 languebat:
429 1435 485 1498 sed
499 1449 619 1520 praeter
631 1436 817 1520 opinionem
832 1437 987 1502 cruciatui
1003 1438 1176 1503 resistebat.

135 1517 252 1606 Itaque
271 1521 417 1609 plerique
436 1522 523 1586 iutra
543 1537 749 1600 nommant
769 1524 865 1588 etiam
887 1525 1056 1608 septimum
1079 1523 1176 1602 diem,

132 1621 270 1757 propter
290 1610 452 1674 internum
475 1608 623 1673 ardorem
646 1609 828 1687 interibant,
843 1609 965 1697 aliquid
982 1610 1098 1676 virium
1121 1611 1178 1678 ad-

160 1716 202 1759 uc
222 1695 406 1773 retinentes,
419 1709 487 1773 aut,
503 1695 539 1771 si,
555 1696 611 1760 koe
624 1699 771 1780 terporis
788 1699 892 1780 spatio
907 1701 1081 1782 preterito,
1097 1721 1178 1763 mor-

132 1791 194 1846 mn
209 1782 377 1859 ritareeut3
398 1793 512 1860 taram,
529 1781 604 1868 quia
625 1783 757 1853 morbus
778 1785 810 1848 in
830 1796 972 1850 ventrem
995 1784 1177 1850 inferiorem

132 1867 358 1946 descerrdebat,
373 1883 407 1934 et
421 1869 618 1934 exulceratio
637 1869 806 1935 vehemens
827 1871 860 1934 in
883 1871 954 1958 ipso
976 1873 1176 1951 nascebatur,

133 1954 232 2019 simul
262 1956 370 2035 etiam,
397 1956 476 2042 quia
501 1955 748 2022 immoderatum
779 1956 842 2021 alni
870 1957 1062 2042 profluvium
1088 1961 1179 2024 inva-

1 2099 2 2102 ,
133 2041 242 2121 debat,
272 2042 418 2130 plerique
446 2055 558 2129 postea
596 2056 726 2129 propter
762 2043 959 2110 debilitatem
996 2045 1179 2111 interirent.

136 2127 279 2194 Morbus
296 2130 395 2210 cuim,
411 2131 465 2216 qui
487 2130 608 2214 primas
630 2131 664 2194 iu
686 2132 790 2216 eapite
811 2129 901 2196 aeder
924 2131 1106 2211 collocarat,
1122 2155 1180 2218 per

133 2229 239 2282 totum
269 2237 399 2301 corpus,
425 2215 519 2281 initio
546 2239 568 2280 a
593 2219 725 2282 summis
753 2217 898 2302 partibus
927 2218 1036 2297 ducto,
1067 2239 1180 2306 perra-

134 2303 244 2370 debat.
301 2303 344 2369 Et
362 2305 398 2367 ,si
428 2304 499 2390 quis
524 2325 564 2368 ex
592 2304 739 2368 maximis
764 2302 825 2369 illis
849 2303 1000 2388 periodis
1023 2308 1178 2385 erasisset,

1 2396 2 2400 ’
132 2403 313 2455 ¹³extremos
334 2403 442 2455 tamen
455 2390 608 2476 corporis
620 2405 829 2477 purten-qum
843 2406 946 2481 captae
964 2392 1113 2480 leaeque
1129 2415 1179 2457 re·

132 2480 318 2554 manebant,
340 2497 414 2542 eom
437 2475 499 2541 boc
523 2477 637 2542 morbo
658 2477 817 2544 laborasse
839 2479 1047 2544 testabantur.
1093 2479 1178 2546 Nam

120 2564 168 2628 «in
184 2565 256 2650 ipsa
270 2567 400 2654 quoque
413 2564 573 2648 pudenda,
586 2576 619 2627 et
634 2565 666 2628 in
683 2585 821 2630 sommas
836 2585 960 2643 manus,
976 2587 1180 2654 summosque

132 2651 232 2736 pedes
254 2652 495 2736 prorumpebat,
518 2649 677 2737 multique
703 2651 752 2715 his
772 2651 925 2716 membris
947 2654 1032 2737 capti
1055 2665 1180 2720 mortem

132 2738 293 2814 vitarun13
319 2735 463 2803 nonnulli
480 2737 693 2803 etiamoculis
707 2739 839 2804 arnissis.
874 2737 1056 2804 Nonnullos
1071 2740 1177 2818 etiam,

132 2825 228 2892 simol
252 2847 291 2889 ac
313 2847 355 2889 ex
380 2825 494 2889 morbo
516 2823 755 2901 convaluerunt,
771 2826 879 2888 statim
902 2826 1046 2891 omnium
1069 2847 1179 2892 rerum

1 2975 2 2986 ,
132 2911 256 2977 oblivio
276 2913 397 2997 pariter
411 2912 506 2998 cepit,
524 2913 568 2976 ita
583 2921 620 2975 ut
634 2931 737 2998 neque
752 2933 786 2976 se
808 2911 904 2996 ipsos,
920 2932 1024 3000 neque
1040 2935 1181 2979 necem-
1239 2907 1240 2912 ¹

133 3000 199 3064 rice
214 3011 435 3087 agnoscerent.
849 3029 851 3034 ¹

179 3097 234 3152 50.
258 3085 445 3151 cumcuim
463 3083 643 3149 hocmorbi
665 3105 767 3172 genus
788 3083 892 3150 multo
913 3083 1009 3148 fuerit
1030 3086 1178 3164 atrocius,

134 3193 233 3260 quam
255 3173 341 3258 quod
364 3173 509 3236 oratione
531 3171 632 3257 possit
653 3169 801 3255 exprimi,
818 3184 850 3234 et
864 3169 933 3234 aliis
946 3171 980 3233 in
997 3171 1092 3236 rebus
1105 3193 1181 3258 gra·

135 3260 216 3338 rius,
228 3279 327 3347 qoam
339 3272 376 3323 ut
388 3257 532 3342 bumana
545 3268 659 3328 natura
674 3256 757 3321 ferre
770 3257 882 3341 possit,
897 3257 1040 3344 singulos
1055 3260 1179 3337 invasit,

133 3369 173 3412 ao
186 3346 285 3412 etiam
308 3343 371 3413 hoc
393 3347 511 3410 indicio
532 3343 673 3408 maxime
697 3342 879 3425 declaravit,
896 3367 930 3409 se
951 3343 1075 3432 aliquid
1092 3345 1179 3410 aliud

133 3455 215 3512 esee,
231 3451 329 3520 quom
351 3431 482 3518 almuod
504 3430 718 3495 familiarium.
765 3429 851 3495 Nam
874 3430 975 3509 alites,
991 3445 1023 3496 et
1038 3430 1181 3518 quadru-

133 3521 244 3607 pedes,
273 3530 431 3606 quotquot
459 3517 609 3582 hnmanis
631 3517 835 3583 cadaveribus
859 3520 942 3584 vesci
969 3517 1082 3596 solent,
1106 3539 1180 3584 oum

135 3607 239 3678 multa
255 3605 400 3692 jacerent
419 3603 590 3689 insepulta,
606 3615 661 3669 aut
682 3625 747 3670 non
770 3604 974 3683 accedebant,
990 3617 1055 3683 aut,
1071 3605 1099 3672 si
1121 3627 1181 3693 gu-

134 3707 282 3772 stassent,
312 3691 495 3759 interibant.
550 3694 751 3780 Argumento
779 3704 885 3756 autem
915 3691 978 3757 boc
1006 3706 1064 3770 est,
1094 3693 1182 3778 qnod

134 3779 322 3846 ltu'usnrodi
347 3779 454 3843 avium
482 3776 667 3843 maniteam
694 3775 756 3844 tuit
781 3777 940 3860 delectum
970 3799 1030 3844 nec
1055 3780 1181 3866 uspiam

136 3805 222 3946 abbi,
253 3887 315 3934 nec
343 3866 465 3931 mcum
494 3863 561 3929 ulla
588 3863 772 3952 hujusmodi
804 3865 959 3931 cadauera
988 3865 1181 3938 uisebantur.

138 3955 242 4022 canes
269 3975 355 4031 vero,
385 3964 520 4039 propter
544 3951 817 4031 consuetudinem,
848 3973 944 4039 quam
972 3973 1047 4016 cum
1078 3952 1184 4017 homi·

1 4105 2 4108 ,
140 4043 232 4108 aibna
246 4040 419 4117 habebant,
435 4040 587 4126 majorem
602 4053 733 4104 eventus
747 4038 1012 4128 significationem
1027 4036 1161 4104 dabant.

180 4137 236 4196 tl.
262 4127 330 4194 lsre
344 4127 444 4218 igitur
456 4125 590 4192 morbus
601 4127 652 4212 (ut
666 4127 812 4192 omittam
830 4125 931 4192 multa
944 4125 1006 4190 alia
1020 4125 1182 4190 inusitatae

204 4327 224 4366 t
236 4321 412 4370 Extremum
422 4318 587 4382 mahemtott
597 4318 756 4445 rignlflpab'at.
789 4317 847 4366 Feb.
860 4317 984 4365 Poelirrrrr.
1020 4315 1104 4364 linos.

631 4402 656 4446 ll
