2990 4792
329 317 392 378 164
698 301 1004 372 THUCYDlDlS

237 502 291 552 usu
331 478 674 554 memmatensis,
690 485 778 564 'quse
797 499 836 543 ex
857 476 1028 562 improviso
1046 476 1209 555 dicuntur,
1224 495 1290 540 non
1312 475 1365 540 mi-

228 568 312 630 Petop
332 590 393 632 nus
416 568 479 631 siut
504 577 667 650 suspectae,
693 586 789 649 quarn
820 561 912 634 mulie
940 573 971 627 et
993 566 1196 647 pemieiosoe:
1228 564 1311 628 adeo
1336 578 1367 630 ut

230 633 308 681 Μ·
333 665 479 737 oporteat
507 653 636 737 pariter,
667 661 734 716 tarn
765 648 867 726 illurn,
898 651 953 734 qui
982 649 1170 735 reipublicae
1200 651 1367 735 pessimm

219 697 318 823 Ἢ
332 738 500 820 consilium
522 752 569 803 est
590 737 735 816 daturus,
751 757 848 821 quam
871 735 973 812 illum,
995 736 1051 822 qui
1072 736 1224 821 optimam
1247 749 1369 800 senten·

234 825 305 874 Μ
333 827 415 894 tiam·
426 825 579 900 dicturus,
595 822 834 888 multitudinem
853 820 930 886 dolo
952 822 1012 887 sibi
1033 821 1214 901 conciliare,
1229 836 1263 886 ct
1286 844 1369 886 men·

234 890 304 1004 {2¹²⁵
334 911 426 978 dacio
451 931 540 976 susm
562 929 692 975 causam
716 907 864 993 probare.
913 907 958 972 Et
986 909 1087 973 solam
1116 911 1197 972 dane
1221 909 1369 993 rempub-

277 955 300 1018 ι
333 998 438 1074 licam,
460 1009 592 1081 propter
616 993 797 1081 hujusmodi
820 993 1024 1078 suspiciones,
1047 1015 1144 1060 nemo
1168 1007 1290 1078 aperte,
1314 995 1370 1057 nisi
1488 997 1489 1000 ’

333 1083 446 1150 fraude
459 1083 609 1168 decipiat,
621 1081 782 1146 boneficiis
796 1079 921 1146 allicere
934 1092 1048 1164 potest.
1082 1080 1150 1156 Qui
1164 1082 1249 1144 enim
1265 1093 1372 1166 aperte

333 1169 523 1238 beneficium
546 1170 607 1254 ipsi
628 1167 696 1243 dat,
717 1167 751 1230 in
773 1177 912 1252 quaestus
933 1167 1063 1232 obscuri
1087 1167 1299 1251 suspicionem
1325 1167 1370 1230 in·
1487 1191 1489 1208 ·

332 1255 420 1332 cidit,
444 1258 533 1339 qrtnsr'
551 1275 615 1338 pro
638 1252 782 1333 beneficio
804 1252 981 1334 reipublice
1003 1255 1087 1331 dcto,
1110 1255 1177 1336 ipre
1200 1253 1372 1335 benfficium
1488 1321 1489 1344 ξ

259 1410 264 1415 ,
332 1344 461 1426 aliquod
481 1344 571 1425 louge
591 1339 689 1424 majia
710 1338 750 1402 ud
771 1361 810 1402 ea
830 1341 909 1402 elom
930 1340 973 1403 sit
993 1350 1180 1422 acceptae-us.
1235 1337 1372 1423 Oportet

333 1441 440 1492 autem
463 1426 497 1490 in
518 1427 630 1490 ‘rebus
653 1425 810 1501 maximis,
833 1435 866 1488 et
891 1424 924 1488 in
947 1435 1037 1489 tanta
1058 1427 1184 1509 imperti
1207 1423 1373 1514 dignitate,
1488 1449 1489 1452 ¹

334 1535 404 1591 nos,
420 1513 475 1598 qui
489 1511 586 1576 verba
606 1509 751 1587 facimus,
768 1509 894 1598 longius
916 1511 1107 1596 prospicere,
1123 1532 1220 1597 quam
1236 1533 1304 1588 vos,
1320 1511 1373 1598 qui
1487 1519 1489 1524 ’

333 1621 400 1664 non
423 1598 517 1686 longe
538 1596 735 1682 prospicitis3
758 1597 935 1680 praesertim
956 1619 1030 1664 curu
1051 1619 1121 1678 uos,
1136 1600 1192 1682 qui
1205 1597 1372 1662 consilium
1488 1657 1489 1670 ,

334 1685 458 1761 damus,
474 1683 629 1748 rationem
652 1681 786 1748 reddere
807 1703 961 1770 cogamur
976 1683 1077 1761 robis,
1092 1683 1148 1784 qui
1167 1705 1226 1747 nos
1248 1683 1372 1759 cuditis,
1488 1701 1489 1718 t

334 1773 436 1857 etqui
451 1768 546 1834 nullis
561 1768 735 1834 rationibus
750 1767 930 1845 reddendis,
949 1768 1090 1856 nullique
1102 1769 1225 1855 Judieio
1238 1769 1374 1834 obnoxii

334 1856 419 1922 estis.
464 1857 498 1921 Si
524 1856 608 1922 enim
632 1867 665 1919 et
686 1853 748 1930 ille,
773 1853 827 1940 qui
849 1853 968 1941 aliquid
991 1855 1159 1939 percussit,
1182 1868 1215 1920 et
1235 1855 1300 1932 ille,
1323 1854 1374 1920 cui
1488 1919 1489 1926 q

333 1939 396 2007 boc
410 1963 594 2027 persuasum
610 1939 679 2017 fuit,
692 1961 783 2026 aeque
797 1939 1015 2019 mulctaretur,
1031 1941 1173 2026 prolecto
1187 1941 1376 2027 prudentius
1488 2009 1489 2028 ἢ

329 2026 526 2114 judicaretis.
571 2027 668 2092 Nunc
684 2048 762 2091 rero
782 2024 823 2089 ad
846 2027 1019 2112 quemlibet
1039 2027 1137 2093 animi
1159 2043 1295 2104 motum,
1311 2049 1375 2113 qno
1488 2067 1489 2108 3

335 2136 352 2178 r
412 2127 466 2179 nte
479 2112 602 2179 fueritis
615 2112 749 2196 abrepti,
762 2111 931 2196 siquando
943 2111 1026 2179 forte
1040 2116 1074 2179 iu
1089 2114 1184 2179 rebus
1192 2113 1376 2200 judicandis

335 2199 365 2264 la
390 2201 496 2277 amini,
523 2199 618 2276 illius,
644 2198 700 2346 qui
728 2199 928 2282 persuaserit,
958 2221 1054 2264 unam
1084 2200 1285 2276 sententiam,
1317 2221 1375 2264 uec
1488 2239 1489 2278 3

334 2299 455 2350 vestras
476 2287 618 2369 ipsorum
640 2285 787 2368 pectitis,
804 2284 948 2370 quemvis
970 2285 1079 2351 multre
1101 2287 1176 2364 sint,
1192 2307 1267 2371 qum
1281 2285 1375 2349 simul

334 2372 507 2457 peccarint.

379 2467 432 2522 44.
456 2455 562 2544 “Ego
578 2478 651 2522 vero
674 2456 708 2520 in
731 2456 870 2522 medium
893 2457 1050 2542 processi;
1073 2479 1175 2545 neque
1196 2479 1258 2543 pro
1274 2457 1375 2544 Mity·
1488 2495 1489 2510 i

334 2541 443 2608 lenaeis
471 2545 621 2630 cuiquam
651 2543 838 2608 senteutiam
869 2544 1061 2608 contrariam
1090 2545 1246 2620 dicturus,
1271 2566 1376 2631 neque

335 2631 518 2716 quempiam
540 2641 756 2694 accusaturus.
801 2629 877 2694 Non
903 2629 988 2695 enim
1014 2629 1055 2694 de
1079 2629 1207 2696 illorum
1233 2630 1376 2696 facinore
1488 2653 1489 2712 i

335 2716 428 2780 nobis
443 2728 491 2780 est
504 2728 677 2794 certarnen,
693 2716 717 2778 ri
733 2716 889 2800 sapimus3
912 2715 967 2780 sed
984 2714 1026 2779 de
1047 2717 1183 2782 utilitate
1206 2730 1325 2794 nostra,
1341 2730 1377 2782 ut
1487 2745 1489 2788 t

335 2801 428 2866 nobis
455 2813 542 2865 recte
571 2799 782 2866 consulamus.
828 2800 984 2878 Quamvis
1012 2803 1096 2866 enirn
1124 2805 1210 2888 ipsos
1235 2803 1376 2889 injustis-

335 2886 451 2952 simum
477 2885 598 2951 fucinus
619 2885 728 2951 fecisse
750 2887 966 2970 pronuntiem,
991 2900 1183 2954 nontamen
1206 2903 1377 2975 propterca
1487 2909 1489 2922 ⁴

335 2994 390 3038 eos
405 2971 500 3038 etiam
523 2972 715 3037 occidendos
736 2973 923 3050 censuerim,
939 2972 1001 3038 nisi
1023 2975 1079 3038 doc
1098 2975 1279 3059 reipublice
1300 2998 1378 3041 con·
1487 2965 1489 3036 ἶ

335 3057 442 3124 ducat.
471 3080 575 3145 neque
596 3061 702 3136 etiam,
726 3060 754 3123 si
774 3080 839 3143 qua
863 3060 954 3125 venia
975 3070 1049 3125 sunt
1069 3060 1172 3210 dipui,
1195 3062 1275 3126 banc
1299 3064 1378 3146 apsis
1488 3121 1489 3140 ,

334 3147 470 3210 dandum
484 3166 598 3220 censeo,
614 3145 675 3208 nisi
690 3146 745 3208 lior
760 3147 858 3227 ipsum
879 3168 898 3210 ε
920 3144 1084 3231 republica
1117 3168 1173 3212 ore
1187 3149 1377 3213 constiterit.
1488 3153 1489 3176 ¹

336 3231 418 3296 Nam
443 3231 484 3296 de
505 3229 601 3294 rebus
621 3229 746 3308 futuris,
770 3231 994 3317 potiusquam
1018 3230 1059 3296 de
1082 3232 1293 3318 praesentibus
1319 3257 1378 3299 nos
1488 3271 1489 3286 ι

334 3316 515 3382 consultare
543 3329 633 3401 puto.
687 3317 795 3402 Atque
825 3317 858 3380 in
887 3339 936 3395 oo,
966 3315 1054 3404 quod
1083 3318 1183 3383 Cleon
1237 3321 1379 3404 roecipue

335 3401 511 3480 contendit,
527 3403 568 3466 ad
582 3401 684 3467 socios
699 3402 732 3466 in
747 3401 851 3468 officio
865 3403 1087 3483 continendos,
1102 3427 1145 3470 ne
1164 3405 1185 3470 d
1219 3407 1377 3471 cntionem

335 3488 369 3552 in
395 3501 558 3572 posterum
582 3488 708 3565 saciant,
735 3489 818 3554 uobis
841 3488 917 3554 utile
941 3489 1019 3568 lore,
1046 3491 1072 3556 si
1096 3490 1232 3576 ospitale
1256 3492 1378 3579 suppli·
1488 3493 1489 3528 ³

336 3573 421 3636 cium
444 3575 521 3659 ipsis
541 3575 738 3660 proponetis,
754 3576 789 3638 in
810 3597 856 3654 eo,
872 3577 1045 3660 dequarius
1061 3577 1173 3643 aeone
1190 3579 1380 3643 uehementer

337 3660 493 3738 dissentio,
516 3672 548 3724 et
569 3682 629 3747 ego
651 3681 778 3746 quoque
799 3659 841 3724 de
863 3683 911 3738 eo,
935 3661 1021 3748 quod
1042 3663 1076 3727 in
1098 3676 1263 3748 posterum
1286 3663 1377 3728 robis

339 3743 416 3808 utile
437 3760 485 3810 est
504 3744 658 3824 futurum,
674 3759 786 3811 contra
806 3748 1011 3824 contendens,
1032 3747 1128 3835 longe
1148 3749 1242 3814 aliter
1263 3751 1376 3815 sentio.

338 3828 383 3894 Et
397 3853 417 3894 a
430 3831 519 3896 vobis
532 3844 618 3918 peto,
634 3853 675 3896 ne
691 3832 833 3918 speciose
846 3833 945 3918 ipsius
959 3834 1112 3914 oratione,
1130 3855 1209 3900 rneae
1224 3836 1376 3902 orationis

337 3915 507 3983 utilitatem
535 3917 705 4003 repellatis.
764 3917 850 3984 Nam
879 3921 945 4005 ejus
977 3919 1091 4000 oratio,
1121 3943 1193 4008 quoe
1223 3925 1374 4010 majorem

368 4073 378 4112 ¹
389 4081 472 4135 Quum
484 4091 550 4129 recta
560 4082 682 4130 dicuntur.
699 4082 731 4129 Id
741 4087 784 4142 est,
791 4085 844 4131 sine
855 4085 907 4132 ullo
918 4087 1047 4133 verborum
1058 4087 1171 4136 circuitu.
1187 4086 1270 4149 Steph-
1291 4087 1373 4134 Hune

371 4142 386 4180 ¹²
398 4147 427 4192 lu
438 4147 511 4192 rebus
521 4147 645 4202 mulmis,
657 4153 682 4194 et
693 4147 719 4193 iu
730 4149 873 4208 hujusmodl
883 4151 1007 4210 opinione,
1020 4152 1058 4198 vel
1067 4152 1228 4201 medone
1240 4157 1328 4210 restra,
1341 4149 1376 4204 (ll

337 4215 381 4268 ert,
397 4223 475 4269 quum
493 4210 528 4256 lta
541 4210 677 4271 surplcsoes
693 4210 756 4272 sitis,
766 4220 794 4260 ut
809 4214 891 4262 omniu
910 4215 934 4260 ln
951 4217 1043 4264 malam
1060 4223 1154 4277 partem
1171 4216 1374 4278 interpretemini)

339 4274 435 4332 longius
445 4278 490 4322 etc.
508 4273 586 4334 supr.
622 4276 703 4322 loun.
