2990 4792
415 295 661 368 nrslonnn
685 293 775 365 Lm.
799 299 846 364 11.
1069 308 1131 369 roc

109 470 221 551 eccidit,
236 485 271 537 ut
282 471 376 538 rebus
395 471 524 558 quidem
538 472 671 574 integris
692 471 811 538 bellum
826 471 1025 560 susciperetis
1040 487 1134 540 suto·
1164 487 1227 538 seu.
1248 434 1255 445 .

108 561 220 622 ritatem
235 581 334 624 meam
348 560 485 646 sequuti,
500 558 734 624 calamitatibus
747 581 824 624 vero
838 560 956 638 afflicti,
972 561 1132 646 poeniten-
1154 554 1237 666 “¹⁰2⁴

108 645 146 708 tin
162 643 335 722 ducemini3
358 647 483 732 meique
504 645 627 710 consilii
649 645 742 727 rstio,
757 660 890 732 proptor
904 647 998 711 vestri
1018 647 1130 733 judicii
1145 633 1246 744 ὢν,

108 731 349 808 imbecillitatem,
365 753 431 798 non
450 745 538 798 recte
552 732 714 798 videatur:
741 733 818 820 quis
831 731 865 797 id
887 733 1029 820 quidem,
1045 734 1131 820 quod
1155 749 1197 796 st.
1208 745 1234 794 s.

107 815 265 883 molcctism
295 818 396 897 effert,
423 818 465 883 ub
494 841 689 906 unoquoque
717 832 857 884 vescum
881 821 950 906 jem
979 822 1131 898 sentitnr3
1157 811 1232 922 30·

107 905 269 970 communis
291 927 366 970 vero
387 904 517 982 utilitas,
539 927 614 991 quae
636 905 742 972 adhuc
762 918 809 970 est
830 921 964 987 remote,
988 907 1132 972 noudum
1167 889 1233 991 ᾆξ’

106 1003 190 1074 putet.
231 993 343 1077 ltaque
361 992 440 1078 quin
458 992 555 1077 poulo
580 993 680 1078 mejor
704 1012 811 1059 rerum
833 993 1009 1068 conversio,
1032 1015 1134 1079 esque

106 1091 220 1161 repente
230 1079 354 1155 incidit,
369 1077 529 1143 imbecillo
540 1079 728 1166 abjectoque
738 1077 847 1144 auimo
862 1081 937 1144 estis
951 1079 992 1144 nd
1008 1093 1134 1145 senten-

106 1163 171 1226 tism
183 1176 316 1230 vestram
331 1164 493 1231 tuendam.
540 1164 739 1250 Repentinus
751 1165 835 1230 enin
852 1177 885 1230 et
898 1166 1133 1252 inexspectatus

106 1269 192 1326 ocsus,
207 1265 239 1317 et
281 1251 315 1314 ui
334 1251 475 1316 maximo
492 1265 610 1336 proeter
631 1251 815 1337 opinionem
838 1252 965 1328 eccidit,
988 1253 1132 1319 animum

105 1333 207 1422 dejicit.
250 1273 350 1416 ticon
372 1359 446 1403 curn
463 1338 531 1402 eliis
548 1337 583 1402 in
606 1337 714 1414 rebus,
729 1353 798 1403 tum
813 1360 891 1404 vero
912 1339 1077 1424 praecipue
1099 1341 1131 1403 in

106 1422 152 1486 boc
163 1423 271 1489 morbo
286 1425 377 1490 robis
397 1423 523 1490 eccidit.
568 1423 693 1489 Tamen
709 1447 783 1491 cum
805 1426 965 1490 civitatem
983 1447 1133 1514 magnam

104 1507 243 1589 incolatis,
258 1521 292 1574 et
306 1511 338 1575 in
355 1511 508 1577 institutis
523 1511 584 1596 ipsi
599 1512 731 1596 poribus
742 1512 809 1576 sitis
819 1512 954 1586 educati,
967 1533 1022 1577 ros
1037 1514 1134 1578 etism

106 1593 183 1662 decet
202 1597 316 1662 animis
330 1598 465 1662 excelsis
483 1598 685 1686 gravissimus
731 1619 849 1684 uosque
870 1597 1067 1664 calamitates
1081 1621 1135 1664 su·

104 1683 218 1764 ttinere,
241 1705 303 1748 nec
325 1684 515 1771 dignitatem
541 1683 667 1750 delere:
701 1620 856 1768 (iicrinde
877 1686 962 1749 enirn
988 1685 1134 1752 homines

103 1767 241 1836 dsrnnsre
250 1769 354 1836 solent
363 1793 448 1849 eum,
460 1773 514 1857 qui
523 1793 581 1857 per
590 1770 749 1857 ignsrinm
760 1771 878 1836 deserit
887 1793 975 1836 susm
985 1773 1133 1858 glorium,

104 1876 136 1918 sc
157 1879 225 1922 eum
249 1857 365 1934 odisse,
389 1860 445 1945 qui
472 1879 529 1943 por
552 1857 793 1934 confidentium,
819 1858 955 1922 alienum
982 1859 1134 1940 affectat.)

103 1941 174 2006 'Sed
194 1943 391 2030 deponentes
420 1965 527 2009 rerum
547 1946 744 2032 privatarum
770 1943 925 2022 dolorem,
949 1944 1135 2030 reipublice*

102 2050 282 2111 succurrere,
299 2032 429 2119 ejusque
443 2030 576 2097 salutm
592 2033 685 2099 tueri.

139 2125 188 2184 62.
210 2118 348 2196 “Quod
370 2131 476 2184 autem
497 2121 612 2185 attinet
635 2119 675 2183 ud
698 2117 772 2183 belli
799 2117 951 2196 laborem,
968 2131 999 2185 et
1019 2121 1065 2184 ad
1084 2141 1134 2184 ue·

101 2209 184 2268 strom
203 2208 390 2290 opinionon,
415 2227 477 2290 quta
491 2207 620 2272 adducti
643 2208 800 2283 ueremini,
824 2228 867 2270 ne
888 2206 928 2271 sit
948 2206 1133 2283 diuturnus,

12 2317 14 2330 =
101 2307 153 2352 nec
170 2303 274 2357 tamen
291 2293 362 2357 ideo
384 2291 485 2380 tnagis
499 2291 665 2357 victorium
688 2291 899 2369 obtineamus,
914 2292 1003 2358 vobis
1025 2306 1058 2358 et
1078 2291 1134 2357 ills

100 2374 256 2458 sufficiunt,
281 2379 317 2442 in
343 2378 460 2464 quibus
480 2379 548 2464 jem
572 2399 657 2462 saepe
678 2377 757 2442 elius
781 2379 1002 2456 demonstravi,
1028 2379 1132 2465 ipsum

101 2483 157 2526 nou
170 2477 254 2530 recte
269 2477 452 2549 suspectum
466 2487 544 2530 esse.
588 2463 774 2530 Declsrsbo
788 2479 895 2530 autern
910 2463 973 2530 hoc
993 2487 1132 2566 quoque,

100 2549 176 2634 quod
189 2573 295 2640 nsque
309 2573 365 2616 voe
384 2551 444 2636 ipsi
460 2573 602 2639 uuquam
625 2551 759 2616 antehoc
837 2552 932 2616 itssse
950 2552 1030 2614 mihi
1044 2551 1133 2616 rnle·

99 2635 178 2714 mini,
192 2638 270 2705 licet
293 2636 384 2702 vobis
405 2637 498 2715 adsit,
514 2637 556 2704 dc
577 2573 973 2726 magnitudin‘ffinqusm)
988 2638 1132 2722 imperii;

99 2741 192 2810 neque
204 2747 269 2812 ego
285 2723 318 2788 in
333 2723 549 2810 superioribus
565 2726 643 2790 meis
663 2723 862 2790 cretionibus
876 2725 1044 2789 declaravi.
1090 2722 1134 2790 Et

12 2837 14 2848 ι
98 2827 134 2872 ne
147 2832 230 2877 nuuc
244 2811 377 2898 quidem
393 2811 451 2875 buo
464 2813 606 2876 oratione
622 2823 740 2892 uterer,
755 2833 829 2895 ques
852 2809 1012 2896 quendem
1031 2811 1135 2897 jecte-

98 2895 184 2963 tionis
197 2899 336 2986 speciem
352 2897 459 2975 hebet,
474 2898 536 2962 nisi
551 2919 610 2962 vos
623 2911 742 2983 prester
755 2897 912 2962 rationem
928 2893 1043 2961 animis
1057 2919 1135 2962 con·

12 3037 13 3054 r
97 2996 242 3050 sternetur
268 2984 418 3050 viderem.
465 2983 663 3050 Existimstis
688 2984 773 3048 enim
804 3005 861 3049 vos
887 2984 979 3048 sociis
1008 2997 1134 3051 tentum

12 3085 14 3104 ¹
97 3067 256 3156 imperare,
303 3069 378 3159 Ego
395 3091 472 3136 vero
494 3072 681 3156 pronuntio,
704 3069 840 3136 duorum
864 3072 952 3134 orbis
974 3083 1134 3136 tetrorum

95 3157 239 3240 partium,
257 3167 354 3222 terme
367 3170 401 3223 et
416 3157 524 3240 meris,
539 3179 675 3244 querum
691 3178 767 3222 usus
781 3167 828 3221 est
842 3155 1041 3234 manifestus,
1058 3155 1135 3220 slte-

12 3231 14 3312 ἶ
97 3261 158 3308 rum
171 3257 274 3311 totam
293 3244 326 3308 in
341 3257 448 3310 rostro
460 3245 661 3330 potissimum
685 3255 841 3328 potestate
863 3265 939 3320 esse,
954 3264 1020 3308 non
1036 3242 1135 3306 modo

12 3325 13 3394 ἶ
97 3330 196 3480 iim
217 3353 309 3397 nunc
328 3331 450 3408 tenetis,
466 3352 577 3396 rerum
600 3330 696 3397 etiem
711 3329 817 3416 quoad
840 3329 992 3416 progredi
1013 3327 1134 3394 soletis.

126 3439 161 3482 ec
174 3421 257 3502 enim
279 3415 364 3483 ullus
387 3429 435 3484 ert
459 3418 542 3493 Rex,
558 3436 618 3482 nec
641 3415 706 3484 ulls
727 3417 791 3483 ulia
812 3437 892 3504 gens
913 3436 1035 3493 escunt,
1060 3435 1135 3502 quoe

12 3525 13 3530 ¹
96 3505 177 3569 nubc
189 3505 314 3583 sinunt,
330 3525 403 3590 quae
418 3525 473 3569 ros
488 3525 563 3569 cnm
584 3503 735 3590 praesenti
751 3502 860 3570 clessis
874 3514 1029 3588 epperstu
1045 3503 1135 3566 novi·

95 3603 200 3676 gentes
214 3589 388 3678 probibere
408 3591 518 3675 possit.
562 3590 678 3676 ltaque
697 3601 829 3665 constat,
845 3586 938 3655 istem
957 3588 1135 3673 potentium

95 3696 156 3740 non
170 3701 239 3744 esse
259 3675 484 3743 conferendsm
499 3698 572 3742 oum
590 3699 659 3754 usu,
675 3674 725 3740 vel
745 3674 966 3756 aedificiorum,
981 3674 1031 3740 rel
1052 3675 1133 3762 egri,

95 3763 204 3849 quibos
217 3764 309 3853 quusi
321 3763 446 3851 mugnis
460 3762 651 3851 quibusdum
665 3761 760 3828 rebus
769 3784 827 3827 ros
842 3760 983 3846 privatos
996 3761 1133 3848 putatis3

97 3869 195 3937 usque
209 3873 266 3916 ros
282 3851 375 3916 docet
396 3849 506 3936 iniquo
520 3849 637 3935 potius,
653 3871 744 3935 worn
766 3851 873 3914 sedato
894 3847 1003 3914 auimo
1024 3869 1132 3913 rerum

95 3935 222 4004 istorum
234 3937 396 4024 janitorem
409 3936 507 4004 ferre:
534 3935 590 4001 sed
605 3934 674 4002 leve
694 3935 856 4023 quoddam
872 3933 1055 4001 divitiarum
1077 3933 1134 4000 de-

126 4111 134 4144 i
151 4112 309 4173 depositoque
319 4112 470 4172 privaturum
481 4123 564 4158 rerum
575 4111 667 4165 dolore,
678 4112 796 4158 debemus
806 4111 912 4158 sulutem
924 4110 1046 4170 publicem
1056 4108 1136 4158 vindi-

95 4189 154 4231 ατε,
165 4177 226 4224 lruic
237 4177 294 4223 belli
304 4177 391 4234 labori,
400 4189 431 4223 ue
441 4189 547 4236 mugnus
556 4177 597 4230 sit,
609 4176 756 4222 resistentes.
791 4173 823 4220 Et
834 4174 893 4220 retis
904 4175 1005 4233 quidem
1015 4173 1057 4218 illc
1067 4177 1135 4226 sunl,
1226 4231 1231 4242 Ι

97 4240 120 4284 iu
131 4243 219 4300 quibus
230 4242 289 4288 clins
299 4255 366 4302 repe
374 4240 550 4295 demonstravi,
566 4253 607 4286 me
618 4253 667 4286 non
682 4236 739 4301 jure
751 4239 819 4285 vobis
835 4239 861 4284 ln
873 4237 1036 4298 suspicionem
1054 4237 1137 4282 verrin

95 4309 139 4351 otc.
158 4305 239 4364 Vulln,
246 4304 369 4360 divertam,
380 4309 408 4351 ni
419 4305 524 4363 uidetur,
533 4319 548 4352 a
558 4308 637 4354 nostra
647 4304 854 4365 murmurum
865 4315 967 4362 uma.
986 4303 1076 4351 fluns.
