2964 4786
324 275 387 338 ate
702 265 1010 338 THUCYDIDIS

230 451 293 502 aaa
327 439 428 503 boues
436 435 509 523 J'am
529 451 729 526 praeparatos
748 437 988 518 descenderent,
1011 449 1067 504 aut
1091 437 1205 503 itinere
1225 437 1367 502 terrant

219 516 304 630 ‘⁸¹32
326 535 439 590 cunta
452 525 491 590 ab
506 527 571 590 dlis
592 525 931 592 animadverterentur.
976 527 1052 592 Sum
1073 525 1159 590 enim
1182 523 1243 587 levi
1262 545 1367 587 arma·

210 593 312 706 33„ss
327 621 421 691 sure,
442 623 475 676 et
497 611 705 690 maresuan,
728 613 814 697 quoa
841 611 948 677 naua
973 612 1132 698 auratus
1157 609 1267 673 nuuc
1292 609 1366 692 spa

223 707 300 756 stt.
328 696 459 772 adesset,
494 697 767 782 Syracusanorum
803 699 990 784 equitatum,
1025 697 1081 782 qui
1116 715 1254 781 magnus
1291 709 1367 771 erat,

226 835 252 883 V

229 773 299 824 Μ·
328 801 446 868 magns
464 781 653 846 detrimenta
674 783 836 848 daturum.
882 784 1033 858 iussero,
1049 793 1084 847 ut
1105 779 1293 868 tpstfacere
1306 790 1368 844 tta·

325 953 468 1039 equitatu
484 953 608 1016 nulium
625 967 801 1033 memoratu
816 953 949 1040 dignum
969 954 1124 1018 damnum
1140 963 1244 1016 essent
1257 971 1368 1036 accep·

325 1038 400 1102 turri.
447 1039 539 1123 Ipsos
560 1051 666 1104 autem
684 1041 915 1104 Atheniensium
934 1041 1022 1104 daces
1041 1038 1083 1102 de
1101 1039 1280 1119 occupem
1298 1036 1367 1100 loeo

225 849 299 951 sii
326 876 462 943 Mam,
477 869 704 945 existimabant,
719 889 752 934 aa
773 869 878 933 locam
900 881 1061 953 capturos,
1077 865 1163 932 uude
1183 865 1225 929 ab
1239 865 1367 930 hostiam
1469 909 1470 918 κ

325 1125 365 1188 sd
381 1124 588 1210 Olympieum
605 1125 678 1206 sito,
693 1142 787 1209 quem
808 1127 904 1188 etiam
925 1133 1133 1208 occupanmt,
1150 1123 1367 1208 Syracusano-
1469 1147 1470 1154 ¹

325 1229 398 1274 rum
413 1210 547 1288 exsules,
564 1209 620 1295 qui
635 1211 720 1294 ipsos
736 1209 958 1296 sequebantur,
973 1213 1218 1274 admonuerunt.
1260 1207 1368 1272 Duces
1469 1209 1470 1224 ³

324 1296 450 1380 istqanm
471 1294 580 1381 igitur,
605 1307 640 1358 ut
660 1296 725 1360 voti
747 1309 908 1380 compotes
931 1295 1055 1370 fierent,
1077 1291 1260 1378 hujusmodi
1283 1313 1368 1356 eom·
1469 1351 1470 1362 ,

327 1395 469 1448 utentum
501 1379 672 1446 machinati
701 1393 786 1445 sunt.
843 1379 983 1444 Mittunt
1012 1379 1170 1466 quendam
1201 1377 1279 1444 fidei
1309 1378 1366 1442 sihi
1469 1395 1470 1452 j

322 1467 472 1550 probatae
500 1467 614 1542 virum,
641 1479 674 1531 et
704 1467 977 1552 Syracusanorum
1008 1464 1143 1529 ducibus
1168 1485 1233 1528 non
1263 1463 1367 1528 minus

325 1553 477 1630 amicum,
504 1565 540 1616 ut
570 1553 629 1637 ipsi
658 1552 882 1635 opinabantur,
908 1555 951 1616 ad
972 1571 1046 1636 quot
1074 1550 1271 1624 mittebam
1303 1563 1368 1614 erat

324 1651 431 1701 autem
460 1638 648 1702 Catanaena:
675 1651 717 1717 et,
742 1661 759 1701 a
784 1637 974 1722 quibusdam
1002 1634 1163 1702 Cstsnaeis
1186 1638 1310 1700 nisam
1335 1655 1367 1700 aa

324 1721 441 1798 venire,
458 1722 594 1800 dicebat,
609 1742 745 1809 quorum
769 1725 815 1788 ilii
833 1724 964 1788 nomina
978 1721 1225 1810 cognoscebant,
1241 1732 1274 1784 et
1287 1741 1365 1806 quos

325 1826 391 1872 suae
406 1807 553 1872 factionis
572 1808 729 1872 studiosos
750 1809 783 1872 in
804 1810 883 1874 urbe
906 1808 1012 1873 edituo
1035 1828 1201 1891 superesse
1215 1807 1366 1870 sciebant.

325 1891 391 1959 Hic
417 1908 523 1958 autern
547 1893 684 1972 dicebat,
700 1895 907 1959 Athenienses
930 1895 962 1958 in
982 1894 1062 1958 urbe
1084 1892 1197 1977 procul
1217 1915 1238 1956 a
1258 1893 1366 1956 csmris

323 1992 523 2064 pemoctare,
544 1993 585 2055 et,
608 1980 633 2044 si
655 1979 701 2043 iili
725 1991 810 2044 certa
831 1979 892 2057 die,
916 1981 1022 2064 primo
1044 1977 1187 2044 diluado
1207 1977 1253 2041 sd
1274 2000 1366 2043 exer·

323 2063 424 2129 citum
446 2085 520 2130 cum
537 2066 685 2130 universo
704 2065 827 2150 populo
846 2065 954 2130 venire
970 2064 1096 2142 vellent,
1112 2063 1294 2150 sequidem
1310 2085 1366 2130 ex·

323 2149 467 2215 dusares
481 2169 545 2226 eos,
562 2153 616 2235 qui
631 2163 734 2216 essent
753 2151 839 2235 apud
861 2173 905 2231 ss,
919 2165 952 2214 et
972 2167 1067 2216 nates
1087 2151 1284 2230 incensuros,
1299 2149 1367 2214 illos

323 2255 410 2313 vero,
440 2236 467 2299 ai
497 2236 615 2300 vallum
643 2236 747 2300 adorti
776 2236 918 2314 fuissent,
948 2236 1122 2302 exercitum
1151 2235 1368 2301 Atheniensem

324 2317 417 2384 recita
435 2335 595 2405 capturos.
641 2322 821 2387 Permultos
845 2335 952 2388 autem
980 2322 1206 2386 Catantecrutn
1231 2321 1275 2385 sd
1300 2341 1366 2385 rem

323 2405 498 2506 gerendam
512 2406 673 2492 adjutores
686 2405 763 2487 fore,
779 2420 811 2473 et
820 2410 886 2494 jam
902 2420 1030 2494 puratos
1043 2429 1120 2486 esse,
1135 2429 1153 2471 a
1168 2406 1289 2492 quibus
1301 2408 1368 2493 ipse

323 2505 456 2557 ventret.

366 2586 420 2644 65.
444 2577 715 2664 Syracusanorum
731 2592 836 2646 sutem
851 2579 958 2658 duces,
970 2599 1045 2644 cum
1060 2579 1100 2645 al'
1144 2578 1177 2642 ui
1193 2591 1227 2643 et
1241 2579 1367 2644 ceteris

323 2661 357 2725 in
380 2665 474 2728 rebus
494 2676 597 2729 essent
621 2665 875 2744 confidentiores,
896 2679 928 2732 et
947 2667 980 2730 in
1003 2667 1112 2730 animo
1156 2664 1302 2743 aberent,
1319 2665 1367 2730 vd

323 2748 390 2810 sine
413 2745 463 2810 his
485 2753 604 2814 nuntiis
629 2751 779 2814 adversus
805 2751 960 2817 Catonum
985 2771 1059 2817 cum
1084 2764 1241 2837 apparatu
1267 2751 1368 2834 profi-

323 2831 407 2910 cisci,
433 2831 530 2922 longe
551 2835 868 2902 inconsideratissime
892 2837 988 2903 fidem
1014 2838 1089 2902 huic
1114 2836 1237 2900 homini
1264 2835 1368 2902 habu·
1468 2833 1470 2918 ξ

322 2929 434 2982 erunt:
467 2919 639 3007 statimque
667 2923 839 2988 constitute
863 2922 927 3003 die,
951 2923 993 2988 ad
1018 2945 1114 3010 quam
1141 2924 1185 2986 od
1211 2923 1368 2986 σαιαπωη
1469 2943 1470 2984 t

322 3001 479 3081 adessent,
504 3005 608 3090 ipsum
634 3007 833 3072 remiserunt.
879 3009 945 3092 Ipsi
968 3029 1044 3074 vero
1069 3009 1146 3095 (jam
1173 3007 1261 3071 enim
1290 3007 1371 3073 Seii·

321 3088 426 3154 nuntii
441 3090 540 3154 etalii
554 3093 700 3157 nonnulli
715 3115 756 3158 ex
771 3093 865 3158 sociis
887 3095 1032 3175 aderant)
1049 3093 1260 3181 Syracusanis
1273 3093 1370 3158 edix-
1468 3157 1470 3160 .

321 3188 426 3256 erunt,
440 3186 478 3239 ut
492 3177 599 3241 cuncti
613 3179 703 3242 nulio
718 3178 843 3248 delectu
858 3181 899 3244 ad
914 3180 1096 3246 meandum
1115 3202 1149 3244 se
1162 3179 1370 3281 expedirept.

323 3257 407 3325 Cum
422 3275 529 3326 sutem
545 3283 594 3326 res
615 3283 726 3328 omnes
749 3266 787 3328 ad
807 3263 892 3330 illam
913 3266 1151 3351 expeditionem
1171 3286 1371 3330 necoessrtss
1469 3261 1470 3284 ³

315 3344 384 3430 pm
399 3363 642 3431 praeparassent,
657 3363 690 3414 et
703 3349 770 3414 dies
784 3349 981 3433 adventaret,
996 3350 1037 3417 ad
1052 3371 1149 3439 quam
1164 3373 1198 3416 se
1211 3365 1369 3416 venturos

320 3432 561 3509 constituerant,
578 3435 637 3499 iter
657 3435 801 3522 ingressi,
818 3451 854 3502 ut
876 3435 1032 3502 Catanant
1050 3459 1160 3502 versus
1180 3435 1370 3521 proficisce-

319 3528 440 3594 rentur,
461 3517 501 3581 ad
527 3519 725 3604 Symaethum
749 3521 881 3601 flumen,
904 3523 937 3586 in
962 3543 1042 3610 agro
1067 3522 1241 3599 Leontino,
1263 3536 1370 3587 castra

318 3615 504 3684 posuerunt,
522 3603 731 3672 Athenienses
746 3627 832 3686 vero,
849 3629 921 3672 cum
945 3607 1181 3685 intellexissent,
1197 3609 1287 3692 ipsos
1310 3607 1369 3673 sd·

318 3699 459 3766 ventare,
484 3691 631 3755 munitis
652 3692 801 3758 omnibus
826 3694 935 3780 copiis,
958 3706 992 3760 et
1013 3715 1155 3771 suorum,
1178 3705 1210 3760 et
1238 3693 1370 3759 Siculo-

317 3791 401 3850 rum,
414 3785 570 3859 quotquot
585 3777 661 3862 ipsis
674 3779 817 3858 aderunt,
830 3793 862 3843 et
876 3781 901 3845 si
916 3780 1082 3866 quisalius
1096 3781 1138 3845 ad
1153 3781 1241 3864 ipsos
1256 3801 1370 3844 acess-

317 3871 412 3939 serat,
435 3859 543 3946 eisque
568 3859 601 3924 in
627 3882 723 3928 naves
748 3878 781 3929 et
805 3867 933 3954 navigia
958 3865 1124 3950 impositis,
1146 3866 1206 3929 sub
1232 3879 1368 3931 noctem

320 3941 492 4040 Syracusas
507 3967 614 4011 versus
629 3951 870 4016 contenderunt.
915 3953 961 4018 Et
974 3949 1196 4029 Athenienses,
1213 3950 1314 4016 simul
1329 3971 1369 4016 ac

317 4026 384 4092 drea
399 4029 512 4108 illuxit,
528 4034 644 4121 egressi
665 4047 741 4100 sunt
760 4037 792 4100 in
814 4037 930 4114 locum,
947 4038 1085 4124 quierat
1102 4037 1194 4122 juxta
1210 4035 1367 4124 Olympi·

316 4133 411 4214 eum,
425 4113 470 4179 ibi
493 4123 762 4186 castrametaturi:
791 4135 824 4186 et
851 4124 1123 4210 Syracusanorum
1146 4123 1282 4208 equites,
1309 4123 1367 4209 qui

316 4219 412 4282 prum
427 4201 466 4265 ad
484 4202 640 4273 Catanam
664 4224 869 4288 assuerant,
885 4223 917 4276 et
936 4210 992 4298 qui
1011 4222 1228 4298 coguoverunt
1242 4219 1363 4284 totum,

1468 3509 1470 3588 ᾧ

1468 3591 1470 3686 i
