2996 4782
334 277 373 334 14
692 263 998 342 THUCYDIDIS
1033 327 1039 335 .

328 439 514 541 abartianas
527 436 646 539 epioni,
661 438 746 538 ipsos
767 448 869 540 tumen
882 439 1139 505 contemnebant.
1184 439 1296 542 Nam·
1305 461 1363 541 ne«

327 523 1363 696 tttntttbttdnttttttrtttttdtttttffl:

327 699 396 762 viro
414 696 584 763 Corinthio
598 697 854 782 auspicabantur,
878 696 1146 783 quemadmodum
1168 709 1293 763 caeteras
1308 720 1362 764 oo-

327 783 433 848 loniae.
479 783 543 850 Sed
559 783 631 850 illos
652 782 909 861 contemnebant,
926 782 1014 869 quod
1033 783 1240 867 pecuniarum
1256 785 1360 870 copia,

326 869 377 936 rel
391 869 552 938 ditissimis
565 869 745 957 quibusque
759 869 843 934 illins
858 869 967 934 smouii
989 867 1115 934 Graecia
1130 890 1223 953 pares
1245 885 1369 949 maenus

326 969 359 1021 et
369 955 484 1024 bellico
498 968 653 1041 apparatu
676 955 842 1040 pollerent,
858 954 1032 1041 quinetiam
1043 954 1142 1020 classe
1155 955 1316 1021 interdum
1329 979 1363 1022 se
1387 952 1391 961 '

325 1045 442 1108 ceteris
456 1042 550 1130 longe
565 1055 716 1126 praestare
725 1041 958 1128 gloriabantur,
974 1040 1151 1125 prasertim
1163 1042 1249 1128 quod
1266 1042 1361 1108 Pboe·

326 1151 396 1194 aces
409 1129 585 1214 Corcyram
599 1129 676 1192 oiim
688 1128 874 1202 tenuissent,
889 1127 944 1214 qui
961 1148 1066 1192 rerum
1082 1126 1282 1192 nauticarum
1290 1128 1362 1218 gio-

326 1215 576 1280 riafloruerant:
622 1217 805 1278 uamobrem
820 1214 914 1278 ctiam
930 1215 994 1296 ipsi
1012 1212 1101 1280 classi
1116 1212 1270 1298 parandae
1283 1238 1361 1300 ope-

326 1321 394 1366 ram
412 1300 584 1366 studiosius
599 1235 731 1376 dabant,
755 1321 815 1364 neo
837 1319 951 1384 parum
966 1310 1111 1383 potentes
1129 1313 1230 1364 erant.
1276 1300 1364 1368 Nam

325 1399 455 1452 eentum
470 1399 503 1452 et
517 1388 629 1474 viginti
642 1407 738 1454 nares
752 1385 829 1470 ipsis
845 1384 983 1466 fuerunt,
1005 1405 1103 1471 quum
1119 1384 1237 1450 bellum
1251 1408 1362 1475 gerere

327 1485 607 1624 c(eddimtddrinthii
621 1558 730 1644 igitur,
747 1579 819 1622 cum
830 1558 974 1622 omnium
990 1557 1121 1622 isuram
1137 1579 1244 1624 rerum
1255 1559 1362 1643 justos

326 1643 480 1710 haberent
493 1644 648 1731 querelas,
664 1643 816 1709 auxilium
836 1656 868 1708 et
890 1642 1168 1710 Ambraciotarum
1184 1665 1222 1710 ac
1238 1643 1362 1712 Leuca

326 1731 453 1796 diorum
470 1745 564 1816 atque
572 1752 700 1796 suorum
711 1733 820 1794 civium
829 1727 1133 1813 proesidialubenter
1144 1729 1361 1815 Epidamnum

327 1817 490 1892 miserunt,
505 1816 664 1897 omnibus,
689 1816 745 1903 qui
759 1815 835 1880 illuc
854 1814 1018 1880 habitandi
1043 1837 1138 1880 causa
1162 1837 1196 1880 se
1216 1817 1363 1884 conferre

328 1902 510 1980 voluissent,
525 1901 608 1968 facta
622 1903 719 1968 eundi
731 1914 896 1986 potestate.
930 1900 1016 1967 Haec
1031 1915 1135 1966 autem
1146 1902 1295 1987 praesidia
1309 1904 1362 1970 iti-

326 1987 942 2160 transmutantem
948 2008 1021 2138 ‘itt
1031 1987 1362 2159 ἑῖἔὲᾝὲῗὲῗῒ.

325 2159 522 2228 hiberentur.
567 2160 729 2245 Corcyraei
744 2180 830 2236 vero,
853 2157 906 2222 ubi
922 2161 1063 2234 colonos,
1079 2161 1271 2244 etproesidia
1283 2161 1360 2246 Epi-

326 2247 477 2313 damnum
493 2246 680 2332 pervenisse,
695 2243 917 2331 coloniamque
929 2243 1105 2311 Corinthiis
1116 2245 1256 2312 deditam
1267 2248 1361 2313 intel-

325 2333 483 2410 laxarunt,
507 2353 573 2396 rem
588 2331 700 2419 iniquo
714 2331 822 2394 enimc
841 2330 994 2397 tulerunt.
1040 2331 1217 2418 Statimque
1237 2355 1272 2398 eo
1287 2355 1362 2398 cum

325 2417 427 2484 XXV
443 2419 577 2484 navibus
590 2417 735 2502 profecti,
756 2417 827 2482 dein
847 2415 946 2482 altera
964 2415 1073 2493 classe,
1097 2417 1262 2484 minaciter
1283 2420 1361 2504 ipsis
1481 2481 1483 2486 ,

326 2505 534 2590 imperarunt,
551 2517 587 2570 ut
601 2503 723 2572 marries
740 2503 924 2586 reciperent.
941 2507 1028 2587 (uam
1042 2501 1226 2588 Epidamnii
1237 2504 1361 2571 exsules

328 2590 502 2676 Corcyram
518 2602 679 2666 venerant,
702 2589 955 2656 demonstrantes
964 2603 1180 2666 monumenta,
1196 2603 1228 2654 et
1242 2613 1361 2679 cogua-
1496 2639 1497 2642 η

325 2676 456 2754 tionem,
472 2697 568 2763 quam
583 2675 825 2760 praetendentes,
841 2674 977 2739 orabant
991 2697 1051 2754 eos,
1073 2688 1108 2740 ut
1123 2698 1156 2739 se
1170 2679 1204 2740 in
1218 2681 1361 2760 putrium

325 2761 525 2840 reducerent)
545 2775 577 2826 et
590 2763 747 2847 praesidia,
762 2781 835 2846 quae
861 2759 1021 2825 Corinthii
1038 2761 1197 2837 miserant,
1215 2775 1247 2826 et
1271 2785 1364 2830 nouos

326 2847 455 2916 colonos
471 2849 676 2914 remitterent.
721 2847 784 2912 Sed
800 2845 983 2930 Epidamnii
1000 2846 1088 2912 nulla
1102 2847 1243 2932 ipsorum
1260 2850 1361 2934 impe·

325 2947 392 2998 rata
410 2933 561 2997 fecerunt.
607 2931 827 3009 Quamobrem
840 2931 1003 3018 Corcyraei
1014 2953 1087 2996 cum
1100 2931 1212 2998 infesto
1223 2935 1361 3019 quadra-

348 3020 415 3082 'nta
429 3019 557 3104 nanuum
573 3019 725 3095 exercitu,
742 3031 775 3082 et
787 3017 952 3082 exsulibus
978 3022 1026 3099 (ut
1047 3040 1101 3082 eos
1124 3018 1300 3102 reducturi)
1322 3044 1361 3087 ac

324 3042 445 3191 iityriis
468 3107 502 3170 in
518 3126 670 3168 amorum
689 3105 861 3168 sodctutem
884 3104 1041 3181 assumtis,
1058 3103 1177 3168 bellum
1194 3105 1255 3170 illis
1275 3107 1361 3172 intu-

323 3189 440 3256 lerunt.
486 3189 608 3256 Urbem
623 3203 729 3254 autem
749 3187 939 3263 obsidentes,
955 3189 1193 3268 denuntiarunt,
1221 3204 1303 3257 utet
1320 3193 1362 3259 de

325 3275 535 3360 Epidamniis,
552 3274 608 3361 qni
622 3275 725 3354 vellet,
741 3288 774 3339 et
788 3275 949 3361 peregrini
967 3275 1099 3360 impune
1121 3274 1258 3358 abirent,
1281 3277 1361 3344 alio-

324 3363 379 3448 qui
396 3375 431 3427 ut
445 3361 551 3428 hostes
566 3375 732 3428 tractatum
746 3361 795 3424 iri.
841 3359 902 3425 Sed
919 3382 991 3426 oum
1009 3363 1196 3443 Epidamnii
1214 3366 1279 3428 illis
1293 3387 1359 3430 non

324 3457 484 3532 parerent,
502 3447 665 3534 Corcyrrai
681 3446 808 3533 quidem
829 3446 896 3529 (ille
909 3459 1015 3512 numm
1031 3447 1119 3512 locus
1135 3461 1182 3512 est
1205 3448 1359 3534 Isthmus)

325 3533 436 3600 urbem
452 3533 598 3598 obsidere
609 3545 784 3617 coeperunt.
983 3579 991 3592 ,

366 3627 419 3685 27.
444 3618 605 3684 Corinthii
620 3641 705 3696 vero,
720 3631 890 3704 postquam
905 3617 1008 3682 nuntii
1025 3615 1207 3702 Epidamno
1221 3625 1266 3688 ad
1278 3625 1361 3706 ipsos

324 3721 488 3782 venerunt,
504 3705 561 3791 qui
574 3705 686 3770 urbem
712 3704 851 3770 obsideri
876 3704 1074 3783 nuntiarunt,
1097 3708 1274 3772 exercitum
1302 3731 1360 3793 pa·

324 3813 395 3856 rare
406 3804 583 3875 coeperunt.
621 3791 725 3856 Simul
739 3792 834 3856 etiam
850 3789 1010 3854 coloniam
1028 3788 1246 3872 Epidamnum
1258 3795 1361 3861 dedu·

324 3876 458 3942 cendam
469 3877 648 3954 edixerunt,
664 3876 791 3963 ealegc,
805 3891 837 3941 ut
849 3877 904 3962 qui
916 3875 1009 3940 vellet
1019 3877 1093 3942 illuc
1107 3877 1176 3955 iret,
1192 3882 1263 3964 pari
1271 3881 1360 3964 jure,

323 3963 456 4049 parique
469 3963 583 4028 horwre
606 3986 671 4030 cam
685 3968 804 4030 crateris
818 3963 932 4028 civibus
941 3963 1087 4046 fratum.
1132 3963 1271 4041 Quodsi
1290 3969 1361 4053 quis

322 4151 466 4264 St‘ffeqqie
495 4167 547 4202 rem
570 4155 680 4202 dir-iriam
702 4154 898 4212 nualncabantur,
923 4152 974 4200 viro
997 4153 1123 4202 Corinthio
1142 4161 1256 4215 operatua
1277 4158 1359 4204 sarna.

352 4231 404 4277 cp.
466 4231 524 4268 uos.
