2996 4782
347 299 388 362 70
714 287 1022 367 THucYulnts

345 465 429 530 dixu
443 485 476 528 se
490 463 662 541 dicturum,
679 485 712 530 se
725 463 767 528 ab
781 486 821 532 eo
834 463 977 550 pssumis
992 461 1234 532 sdduotodum’:
1258 463 1386 547 pericu·

346 551 413 620 lum
429 563 537 618 autem
552 551 643 617 vitari
657 572 761 635 posse,
776 551 802 614 si
817 550 923 616 nullus
937 569 978 614 ex
992 551 1063 614 navi
1072 549 1183 628 exiret,
1197 549 1299 616 donee
1314 549 1385 615 ido·

346 660 408 708 nea
428 637 597 726 navigandi
612 653 782 722 tempestas
805 657 871 704 sese
885 637 961 721 ipsis
976 634 1113 700 offerret.
1158 633 1297 712 Quodsi
1324 637 1385 702 sibi

347 744 468 790 morem
483 723 636 808 gessisset,
651 723 737 788 dixit
751 745 785 790 se
799 723 932 788 memori
947 722 1055 788 animo
1069 743 1130 808 pro
1142 722 1246 792 meriti
1260 724 1386 808 magni·-

347 811 457 876 tudioe
470 812 606 899 gratiam
621 811 650 876 ei
670 809 856 875 relaturum.
903 808 1079 876 Neoclerns
1093 819 1198 874 autem
1214 807 1285 874 hoee
1299 807 1385 886 fecit,

347 917 416 983 qssoe
430 899 484 962 ille
489 899 638 981 petierat,
653 907 774 962 etcum
789 897 873 962 diem
889 917 926 960 ac
941 907 1067 960 noctem
1083 895 1117 960 in
1132 896 1257 960 ancoris
1272 907 1305 960 et
1318 894 1387 960 salo

347 985 484 1051 stetisset
502 1004 598 1068 supra
614 983 849 1048 Atheniensium
868 995 983 1061 castra,
997 993 1109 1066 postea
1127 980 1289 1065 Ephesum
1314 1002 1387 1066 per-

348 1070 445 1144 senis.
489 1067 722 1136 Tbemistoeles
736 1090 812 1134 vero
825 1089 899 1136 eum
913 1067 1086 1133 liberaliter
1099 1082 1147 1132 est
1160 1081 1386 1154 prosequutus,
1424 1121 1433 1144 Ι,

348 1155 498 1244 pecusius
519 1156 548 1220 ei
568 1154 712 1258 largitus,
730 1160 853 1240 (postea
870 1154 956 1220 enim
971 1153 1117 1238 pecuniae
1139 1151 1181 1218 ad
1202 1175 1276 1218 eum
1292 1175 1388 1219 sene·
1416 1149 1424 1167 ”

349 1255 437 1318 runt,
460 1255 492 1307 et
508 1242 644 1308 Athenis
659 1242 699 1308 ab
719 1243 828 1306 amieis
843 1241 957 1319 missae,
977 1253 1011 1306 et
1027 1243 1073 1304 Ar
1098 1241 1104 1254 “
1138 1261 1196 1318 ese,
1212 1261 1286 1326 qum
1302 1240 1385 1306 clam

350 1330 396 1394 iti
417 1327 725 1414 depositmfuerant)
746 1341 865 1396 etcum
888 1327 1027 1415 quodam
1053 1327 1063 1390 i
1088 1348 1179 1392 orum
1203 1325 1385 1406 Persarum,

349 1417 404 1502 qui
420 1437 487 1480 orae
502 1414 672 1480 maritimae
716 1429 861 1492 reseram,
877 1416 910 1480 in
925 1413 996 1480 loca
1016 1413 1249 1478 mediterranea
1261 1411 1389 1497 profec-

350 1513 411 1579 tus,
434 1501 541 1568 literas
557 1501 677 1566 misita
716 1523 823 1589 regern
840 1502 1069 1582 Artaxerxem,
1083 1499 1319 1578 Xerxisfiliuss,
1331 1500 1386 1585 qui

351 1609 455 1673 nuper
476 1609 611 1676 regnare
631 1603 783 1674 coeperat.
830 1587 908 1652 Hoc
926 1599 1033 1652 autem
1056 1585 1170 1652 inillis
1194 1585 1294 1650 literis
1318 1597 1388 1651 erat

350 1675 522 1759 scriptum:
556 1683 579 1716 ‘⁸
593 1671 827 1740 Tbemistoelea
849 1673 891 1738 ad
917 1691 949 1738 te
971 1671 1075 1752 venio,
1097 1673 1152 1761 qui
1175 1693 1216 1738 ex
1238 1672 1388 1738 omuibus

351 1760 478 1828 Graecis
491 1781 572 1827 unus
587 1771 723 1826 vestram
737 1759 888 1826 familiam
900 1759 1047 1845 plurimis
1061 1757 1150 1824 affeci
1160 1757 1259 1836 melis,
1274 1779 1389 1844 quam·

349 1845 406 1912 diu
421 1847 606 1912 necessitate
616 1849 783 1932 computas
792 1858 915 1931 patrem
930 1859 1033 1922 tuum,
1049 1845 1104 1931 qui
1118 1842 1196 1910 mihi
1207 1843 1327 1910 bellum
1338 1844 1389 1908 in-

349 1933 481 2012 ferebat,
508 1932 701 2018 propulsari.
760 1933 824 1998 Sed
847 1933 943 2020 longe
965 1930 1110 2016 pluribus
1136 1930 1297 1996 beneficiis
1321 1953 1389 1996 erun

349 2021 452 2106 qffees',
467 2034 637 2168 postquam
653 2020 731 2084 mihi
747 2019 876 2122 quidem
898 2031 976 2095 tuta,
992 2017 1038 2082 ilii
1053 2039 1128 2084 vero
1143 2017 1322 2102 periculosa
1337 2039 1388 2082 re·

350 2108 453 2171 versio
481 2107 538 2172 uit.
583 2106 627 2172 Et
638 2105 825 2171 beneficium
835 2104 1071 2172 mibi'debetur.
1116 2104 1391 2190 (Numscripserst

351 2191 593 2270 Themistocles,
610 2191 773 2278 quomodo
787 2205 820 2256 et
828 2202 953 2276 putrem
965 2193 1062 2276 ἱρείας
1073 2192 1171 2276 Regis
1182 2206 1256 2256 ante
1271 2211 1389 2256 mono·

350 2280 423 2347 isset
444 2278 486 2353 de
509 2281 690 2344 &erronem
712 2292 841 2362 receptu
862 2300 903 2344 ex
927 2277 1099 2358 Salamine,
1125 2291 1158 2342 et
1178 2277 1390 2362 dopootibus

348 2379 414 2429 non
430 2362 551 2442 solutis,
573 2386 655 2451 quos
676 2387 698 2428 o
716 2363 837 2432 Graeris
857 2365 1023 2430 victoribus
1043 2377 1175 2449 ruptum
1189 2364 1241 2440 iri,
1256 2375 1390 2448 propter

347 2450 453 2536 ipsum
484 2463 562 2524 tune
585 2449 665 2516 falso
686 2451 902 2532 simulaverat)
931 2464 963 2516 et
982 2471 1071 2516 ‘nuno
1094 2473 1166 2538 ego,
1188 2449 1243 2536 qui
1262 2451 1390 2538 magnis

349 2537 511 2604 benefieiis
540 2551 572 2604 te
597 2537 722 2602 afficere
752 2559 892 2620 possum,
918 2537 1042 2614 adsum,
1065 2559 1160 2622 quem
1184 2538 1293 2602 Groeci
1313 2559 1389 2622 per·

348 2635 525 2710 sequuntur
538 2637 670 2710 propter
680 2622 944 2703 benevolentiam,
956 2645 1020 2710 qua
1030 2637 1061 2688 te
1071 2643 1261 2710 prosequor.
1288 2624 1390 2689 Anno

348 2725 455 2775 autem
472 2709 687 2796 supersedens,
712 2710 780 2796 ipse
793 2731 901 2775 eoram
922 2709 1074 2774 adventus
1100 2711 1161 2776 mei
1177 2729 1305 2776 caumm
1328 2710 1388 2776 tibi

348 2795 510 2860 declarare
525 2795 609 2860 volo.

394 2889 467 2947 188.
493 2882 565 2946 Rex
580 2902 655 2946 vero
680 2887 732 2966 (ut
745 2883 848 2961 aiunt)
868 2885 935 2970 ejus
949 2883 1116 2949 consilinm
1133 2893 1163 2948 et
1183 2885 1317 2948 animum
1342 2896 1390 2949 est

348 2965 531 3046 admiratus,
547 2989 683 3055 eumque
697 2970 742 3034 ita
756 2967 858 3034 fucere
875 2969 978 3055 jussit.
1024 2969 1061 3033 H
1064 2971 1093 3035 io
1106 2991 1182 3034 vero
1203 2969 1297 3034 unios
1311 2971 1391 3034 anni

347 3054 461 3136 spatio,
488 3077 553 3141 quo
585 3054 772 3140 supersedit,
802 3055 953 3142 quicquid
983 3055 1063 3120 disci
1084 3056 1189 3140 potuit
1210 3070 1242 3120 et
1266 3055 1389 3143 linguas

349 3139 487 3205 Persicas
500 3155 533 3206 et
548 3163 673 3206 morum
688 3141 772 3206 iliius
842 3142 934 3221 onis,
949 3141 1068 3206 didicit.
1099 3141 1289 3228 Exactoque
1303 3163 1391 3208 anno

348 3228 394 3290 ud
414 3229 530 3312 Regem
549 3225 718 3312 profectus,
741 3249 804 3312 spu
853 3249 926 3292 eum
951 3249 1099 3316 magnam
1121 3230 1323 3295 autoritatem
1342 3240 1390 3294 est

347 3313 495 3398 adeptus,
511 3326 543 3378 et
557 3327 708 3400 quantem
724 3313 829 3378 nullus
840 3335 982 3402 unquam
998 3317 1189 3380 Grmoorum
1204 3317 1390 3400 auseqmnu

334 3398 461 3481 fiserut,
477 3420 550 3463 cum
562 3413 694 3485 propter
708 3400 874 3484 pristinam
888 3401 1090 3487 dignitatem,
1106 3413 1173 3466 tunt
1195 3402 1288 3466 etiem
1312 3423 1390 3486 pro-

347 3485 1390 3660 iis{diffisipiiigidtiissiiiffid⁰iiiiiiffl

346 3653 426 3720 dens
440 3677 507 3720 esse
525 3656 695 3735 videretur,
722 3679 851 3744 sumque
864 3658 1044 3744 prudentiae
1058 3661 1217 3744 specimen
1240 3659 1388 3726 dedisset.

348 3739 581 3806 Themistocles
604 3743 689 3808 enim
708 3745 907 3810 manifestam
929 3745 978 3810 sui
994 3745 1112 3834 ingenii
1126 3747 1190 3810 rim
1213 3747 1389 3812 certissime
1445 3807 1448 3815 .

347 3825 630 3907 demonstraverat,
654 3843 686 3894 et
705 3829 766 3895 hae
788 3831 822 3896 in
844 3853 879 3896 re
899 3828 1002 3898 multo
1025 3833 1145 3918 majore
1164 3832 1387 3910 admiratione,

347 3934 443 3999 qutun
459 3912 543 3980 ullus
565 3913 656 3994 alius,
671 3916 790 4004 dignus
805 3929 884 3984 erat.
929 3917 941 3952 ¹
956 3917 1041 3984 Nam
1057 3918 1194 3984 naturali
1215 3919 1388 4004 prudentia

292 4094 297 4100 ’
379 4092 558 4166 ¹Maximeque
578 4109 643 4166 quod
661 4109 784 4169 specimen
801 4110 839 4156 sut
854 4110 937 4170 dabat,
954 4117 984 4158 ut
1001 4111 1076 4158 solers
1092 4111 1216 4158 videraut·
1233 4115 1280 4159 ste.
1309 4110 1386 4160 Votis.

347 4167 505 4229 Maximeque
522 4172 587 4230 quod
599 4172 637 4218 sui
655 4175 717 4220 dans
737 4173 869 4233 specimen.
881 4175 987 4234 prudens
1000 4175 1128 4223 videretur.
1145 4174 1225 4235 idest,
1243 4175 1316 4230 Quod
1336 4188 1386 4224 sue

346 4233 483 4292 prudentie
494 4236 615 4295 specimen
632 4238 756 4284 daretetr.
789 4236 868 4299 Stoplt
901 4237 1011 4286 dendus.
1047 4239 1131 4289 fluns.

378 4293 392 4332 k
405 4297 495 4358 Suopte
506 4300 572 4347 enirn
590 4302 699 4361 ingenio,
717 4316 795 4362 nerlue
811 4303 962 4362 precedente
977 4317 1056 4365 neque
1066 4305 1193 4352 scssdents
1205 4305 1256 4352 ulls
1267 4305 1385 4360 doctrina,

346 4368 370 4410 st
382 4375 464 4410 rerum
476 4365 662 4426 impunitarum
673 4373 718 4414 etc.
752 4366 861 4417 Acastus.
896 4367 985 4420 fluns.
