2994 4788
331 277 399 358 200
647 327 655 335 --
699 274 1021 350 Tnuctnrurs·

235 481 299 538 nen.
330 461 438 564 misso,
452 459 514 526 iter
535 479 593 545 per
607 456 827 559 poemenium
839 435 1007 557 sedebant,
1023 477 1097 543 quae
1117 471 1250 542 propter
1272 455 1375 521 subsi-

224 543 307 608 Peion
331 550 419 614 drum
447 549 554 634 Argos
580 565 709 610 missum
733 543 892 644 prresrdus
917 559 987 608 eret
1011 541 1144 644 nudate,
1160 541 1199 608 ud
1222 541 1373 645 dextram

217 614 317 796 ii
332 628 1373 802 ΗΜ
1402 673 1405 677 ·

230 801 262 874 Ut
275 807 304 860 ⁰-
335 807 527 874 Strstiorum
549 825 663 888 ugrum
684 804 936 888 pertransissent,
953 803 1078 867 iverunt
1092 824 1149 886 per
1166 801 1330 886 Phytism,
1345 817 1375 868 et

228 863 300 982 {⁸2}
333 905 680 977 rursusperextremos
690 888 967 965 Merieonisfines3
989 889 1373 975 deindeperLimnsesm.

333 983 422 1046 illinc
442 981 573 1065 ingressi
597 987 672 1042 sunt
696 978 728 1040 in
750 977 941 1061 Agraeorum
957 989 1085 1052 terrem,
1101 997 1174 1062 ques
1188 995 1255 1040 non
1272 977 1374 1042 Acer-

331 1067 525 1153 nsniaejnm,
541 1066 595 1128 sed
611 1062 686 1148 ipsis
699 1060 813 1128 amics.
861 1061 904 1126 Et
919 1061 1102 1148 Thysmuur
1119 1061 1261 1128 montem
1276 1065 1372 1140 necti,

331 1153 386 1240 qui
408 1169 455 1218 est
477 1151 625 1230 incultus,
640 1171 697 1234 per
716 1169 789 1214 eum
813 1147 1036 1225 transiverunt,
1051 1163 1082 1212 et
1097 1148 1129 1212 in
1145 1171 1260 1235 agrum
1279 1153 1374 1240 Argi·

330 1261 405 1306 vum
422 1236 660 1313 descenderunt,
677 1257 750 1300 oum
760 1237 828 1320 jum
845 1255 911 1298 nox
925 1246 1016 1298 esset.
1056 1233 1203 1321 Cumque
1218 1237 1302 1303 inter
1313 1241 1375 1304 Ar-

354 1329 478 1392 ivorum
506 1323 616 1389 urbem
639 1337 671 1386 et
687 1325 892 1386 Acarnanum
921 1320 1117 1405 presidium,
1132 1321 1220 1408 quod
1241 1341 1312 1390 eret
1333 1325 1374 1390 ud

330 1349 462 1489 dentes,
477 1411 559 1476 ciem
572 1408 764 1484 transissent,
780 1427 854 1472 cum
868 1406 1091 1486 Ambraciotis,
1107 1409 1163 1494 qni
1176 1413 1375 1498 spudOlpss

331 1513 433 1574 erent,
449 1521 483 1564 se
499 1498 747 1582 conjunxerunt.

379 1593 451 1654 107.
473 1583 599 1649 Junctis
609 1593 713 1648 nutem
723 1581 847 1660 metris,
857 1580 951 1646 simui
962 1593 1057 1668 etque
1066 1581 1184 1660 illuxit,
1197 1585 1375 1651 consistunt

331 1685 406 1737 aute
421 1671 543 1748 urbem,
555 1691 629 1756 quse
643 1666 835 1756 Metropolis
849 1668 1040 1755 appellatur,
1055 1669 1162 1757 ibique
1175 1685 1284 1736 esstrn
1296 1672 1376 1736 iece-

331 1773 419 1824 runt.
463 1757 673 1823 Athenienses
687 1777 763 1819 vero
778 1775 842 1819 non
860 1753 962 1820 multo
976 1769 1048 1840 post
1069 1777 1142 1821 cum
1154 1758 1272 1844 viginti
1286 1759 1375 1824 nsvi-

332 1846 390 1910 bns
405 1844 445 1910 sd
456 1844 562 1910 sinum
579 1842 802 1908 Ambracicnm
811 1841 1010 1906 advenerunt
1020 1863 1113 1926 opern
1125 1844 1255 1930 Argivis
1269 1844 1375 1911 laturi.

332 1931 375 1996 Et
391 1929 626 1996 Demosthenes
646 1949 719 1994 cum
742 1929 888 1993 ducentis
911 1929 1016 2016 gravis
1034 1943 1205 1996 srursturoe
1220 1931 1375 1997 militibus

331 2016 508 2120 Messeniis,
535 2031 568 2081 et
593 2015 768 2164 sexaginte·
784 2015 954 2115 sagittariis
969 2014 1225 2120 Atheniensibus.
1271 2023 1314 2084 At
1338 2041 1377 2084 ue

330 2098 1374 2277 ppppp'punkecrprpgmppestgpeuplippnffisssphrprffispffippgetnpmm

330 2297 440 2341 eorum
452 2275 596 2362 plerique
607 2277 647 2338 sb
659 2274 874 2338 Ambraciotis
888 2294 945 2358 per
960 2274 1022 2338 vim
1038 2274 1288 2360 distinebantur)
1302 2298 1375 2371 cnm

331 2363 440 2444 Argos
456 2363 518 2425 ‘nm
533 2361 761 2435 convenissent,
778 2360 817 2424 sd
833 2361 983 2446 proeiium
996 2382 1068 2425 cum
1085 2361 1273 2428 adversariis
1286 2387 1375 2430 corn·
1423 2371 1426 2375 ’

330 2385 521 2514 mittendum
545 2469 577 2512 se
598 2447 835 2534 proepnrsbnnt.
882 2443 925 2511 Et
940 2445 1187 2513 Demosthenem
1209 2452 1311 2516 totius
1326 2475 1374 2516 so-

330 2536 418 2600 cialis
432 2535 593 2600 exercitus
607 2536 720 2598 ducem
732 2555 805 2598 cum
818 2531 882 2598 suis
894 2533 1084 2616 prsetoribus
1094 2533 1269 2624 elegerunt.
1318 2537 1375 2604 tlte

330 2641 408 2687 uero
429 2623 532 2706 copiis
554 2622 594 2686 sd
611 2619 715 2706 inss
738 2619 894 2696 adductis,
919 2633 1023 2684 custus
1047 2641 1107 2706 pro
1173 2645 1226 2688 ess
1256 2627 1373 2709 posuit

332 2709 572 2794 Ingenssutenr
588 2721 684 2772 terre
699 2727 820 2794 vorsgo
837 2719 1091 2791 utrequecsstrs
1128 2707 1285 2776 irimebnt.
1333 2709 1389 2788 Et,
1481 2753 1482 2798 3

331 2815 389 2894 per
403 2793 545 2880 quinque
559 2791 624 2856 dies
635 2793 842 2879 quieverunt:
865 2805 898 2856 st
913 2807 1004 2858 sexto
1018 2795 1148 2882 utrique
1159 2794 1201 2860 ud
1222 2800 1373 2882 proelium
1481 2801 1483 2864 ἒ

330 2901 369 3030 :t
381 2891 646 3052 ii'giiiiin
659 2877 1375 3056 {ttt'thittttttttt‘ttrttt

331 3053 624 3129 circumveniretur,
641 3053 673 3114 in
689 3051 809 3151 insidiis
825 3051 858 3114 in
874 3050 926 3200 sps
939 3053 1077 3154 quedem
1100 3076 1177 3119 cers
1191 3067 1226 3120 et
1239 3056 1375 3158 dumoss

328 3137 1375 3324 asternunt3¹¹¹:nrttrnntnrntn
1481 3215 1483 3252 =

330 3312 477 3399 superior
498 3309 643 3387 stetisti
665 3309 698 3374 in
723 3331 792 3395 rpso
815 3331 874 3375 cun
900 3333 987 3378 resen
1007 3327 1172 3402 surgentes
1193 3335 1235 3378 ex
1251 3316 1374 3384 insidiis

328 3419 405 3466 eum
419 3421 438 3462 u
454 3413 545 3485 tergo
559 3395 820 3485 eggrederentnr.
903 3397 1025 3464 bivero
1045 3401 1128 3464 ncies
1141 3401 1298 3490 utrinque
1318 3405 1374 3470 fuit
1480 3409 1482 3430 ¹

331 3487 496 3560 instructu,
512 3483 554 3549 sd
570 3505 685 3547 msnus
703 3495 866 3548 venerunt.
912 3483 1145 3551 Demosthenes
1167 3503 1277 3554 sutem
1302 3511 1372 3558 curn
1480 3507 1482 3548 i

333 3569 501 3635 Messeniis
514 3583 547 3634 et
559 3569 669 3654 paucis
684 3568 931 3634 Atheniensibus
941 3571 1092 3636 dextrum
1108 3595 1209 3638 cornu
1224 3572 1373 3642 tenebit:

326 3655 462 3720 alterum
479 3656 778 3732 verornoernsne,
789 3668 825 3720 ut
839 3657 954 3743 cuique
968 3658 1056 3724 iocus
1071 3658 1103 3722 in
1119 3661 1187 3725 scie
1201 3661 1372 3752 obtigerat,
1481 3673 1482 3720 ἒ

327 3757 362 3806 et
383 3740 672 3828 Amphilochorum
695 3740 898 3826 jaculatores,
922 3745 974 3828 qui
1002 3745 1145 3823 ederent,
1170 3747 1372 3816 obtinebant.
1481 3789 1482 3792 ¹

331 3826 555 3912 Peloponnesii
567 3849 643 3892 rero
654 3840 686 3892 et
697 3828 911 3894 Ambraciotse
922 3832 1101 3915 promiscue
1112 3833 1260 3901 instructi
1270 3853 1371 3915 essm,

327 3915 472 4000 exceptis
483 3913 753 3980 Mentiuensibus.
770 3916 803 3976 hi
817 3916 901 3980 enim
917 3917 951 3980 in
967 3916 1048 3982 itero
1059 3919 1175 4002 potius,
1188 3943 1254 3986 non
1265 3935 1371 3990 temen

329 4015 473 4066 extremo
495 4001 621 4086 penitus
636 4001 668 4062 in
684 4021 794 4077 cornu,
811 4002 944 4067 conferti
967 4004 1103 4071 stabant.
1150 4007 1214 4071 Sed
1231 4007 1284 4074 En
1326 4010 1371 4074 Ιο-

329 4087 418 4164 chus,
434 4099 466 4151 et
481 4087 535 4174 qui
550 4107 623 4150 cunr
647 4107 686 4149 eo
707 4100 808 4166 erant,
824 4111 841 4151 e
857 4089 986 4178 regione
1002 4091 1234 4158 Messeniorum
1257 4108 1288 4162 et

325 4169 514 4250 mosthenis,
527 4188 704 4242 extremum
722 4171 837 4238 ioevum
853 4197 951 4244 cornu
969 4177 1130 4246 tenebant.

376 4267 447 4324 108.
471 4257 554 4324 Cum
568 4272 672 4323 autern
683 4279 796 4324 munus
811 4259 892 4351 inter
908 4264 1017 4348 sejam
1034 4281 1247 4346 consererent,
1264 4285 1296 4336 et
1309 4270 1370 4336 Pe·
