2990 4792
363 327 611 402 HIS‘l'OlilAE
636 333 724 422 LlB.
749 335 816 402 111.
1054 331 1115 405 ls's

93 507 131 572 sl
149 505 274 572 eundem
295 505 442 574 militiam
457 495 531 573 cum
546 491 621 594 ipsis
631 493 800 596 'nunquam
816 507 902 573 ultro
917 495 1117 594 profecturos
1139 513 1212 586 -tet,

94 593 188 671 luisse,
202 595 263 660 nisi
282 593 338 673 illi,
354 595 469 696 quibus
491 593 609 659 bellum
632 595 821 673 inferebant,
837 595 966 682 aliquod
988 597 1115 684 gravius
1142 593 1222 704 estop

94 694 245 766 peccatum
260 683 496 746 commrsissent.
543 679 646 746 Simul
660 681 755 746 etiam
772 682 1005 768 potentissimos
1019 705 1115 770 quos·
1129 667 1230 782 ἔξω

79 779 266 852 quocontra
279 767 469 832 infirmiores
490 765 631 851 primum
653 787 761 833 eccum
782 767 994 848 adducebant,
1013 782 1048 835 ut
1061 791 1116 836 eos
1132 785 1181 834 ee.
1196 785 1220 834 1.

95 851 167 936 ipsos
179 875 249 920 cnm
265 853 306 920 ad
328 865 509 918 extremum
528 869 749 933 reservassent,
765 855 936 940 amputatis
950 857 1116 922 eircumci-
1145 851 1214 900 Μ·

93 940 185 1026 sisque
213 939 351 1028 reliquis,
373 937 593 1006 imbecilliores
615 941 656 1004 ed
677 942 927 1028 expugnandum
950 941 1115 1024 baberent.
1139 915 1214 965 vam.
1283 993 1288 1000 .

95 1023 228 1101 Quodsi
249 1049 268 1090 s
290 1025 383 1092 nobis
406 1025 531 1091 initium
554 1026 724 1105 duxissent,
740 1027 892 1113 quoniam
912 1048 1023 1094 omnes
1038 1029 1116 1096 socii

95 1133 157 1176 sues
179 1113 366 1179 domesticas
392 1113 473 1176 vires
502 1109 608 1176 adbuc
636 1111 806 1190 habebant,
834 1115 986 1199 quoniam
1017 1116 1112 1182 etism

94 1198 167 1283 spud
188 1221 265 1287 quos
284 1199 457 1264 consistere
476 1211 636 1284 poterant,
651 1197 738 1265 haud
760 1199 880 1284 puriter
901 1222 950 1265 eos
971 1200 1114 1289 subegis-

92 1299 162 1349 sent.
203 1283 388 1362 Quinetiam
402 1299 513 1349 nostre
526 1284 632 1350 classis
647 1297 765 1350 metum
780 1285 919 1374 aliquem
935 1286 1009 1372 ipsis
1024 1287 1115 1354 incu-

93 1369 189 1450 tiebat,
204 1393 245 1437 ne
258 1372 341 1437 forte
355 1372 388 1434 in
404 1391 503 1436 unum
519 1384 640 1450 concta,
652 1387 683 1436 et
698 1383 755 1438 aut
771 1372 869 1450 vobis,
881 1386 936 1437 aut
950 1371 1045 1438 elicui
1060 1373 1115 1438 alii

94 1455 236 1544 adjuncta,
262 1457 438 1545 periculum
463 1458 538 1542 ipsis
560 1473 692 1524 crearet.
737 1459 859 1525 Partim
882 1458 978 1524 etism
1000 1481 1040 1524 ea
1059 1461 1114 1526 int·

93 1545 209 1609 simei
227 1546 385 1610 samnitis
400 1545 542 1628 periculo
563 1544 728 1626 evasimus,
750 1546 827 1632 quis
847 1547 988 1630 ipsorum
1012 1567 1114 1632 popu-

21 1637 23 1642 '
93 1625 159 1708 lura,
187 1643 217 1696 et
246 1629 431 1717 reipublice
459 1629 629 1716 principes,
656 1632 711 1714 qui
740 1633 902 1718 perpetuis
932 1631 1052 1697 visibus
1080 1634 1115 1699 in

62 1785 65 1796 ,
92 1712 251 1783 bonoribus
279 1717 526 1794 constituuntur,
550 1737 668 1800 semper
692 1719 816 1784 colimus
840 1728 871 1783 et
893 1718 1114 1785 observamus:

91 1821 142 1867 neo
159 1815 259 1869 temen
285 1803 340 1869 diu
357 1803 544 1882 videbamur
564 1805 657 1890 posse
680 1807 714 1868 in
734 1807 836 1868 eodem
858 1803 1012 1870 libertatis
1032 1815 1116 1872 statu

91 1907 265 1968 pemmnere,
291 1891 351 1955 nisi
374 1889 436 1954 hoc
458 1885 575 1954 bellum
597 1889 768 1954 conflatum
791 1903 888 1967 esset3
917 1894 1000 1974 quod
1019 1889 1116 1976 conji-

91 1975 235 2055 timenus,
251 1987 379 2042 utentes
393 1975 547 2062 exemplis
562 1997 679 2053 rerum,
695 1997 773 2063 quas
787 1975 856 2040 eliis
870 1978 1024 2040 fecerunt.

129 2070 150 2104 ‘⁸
163 2071 209 2128 lt.
233 2063 395 2141 Quaenam
425 2063 524 2150 igitur
551 2075 620 2126 erat
649 2062 717 2128 hoec
746 2061 850 2127 fidelis
880 2061 1031 2142 amicitia,
1061 2073 1117 2128 aut

91 2147 169 2212 ona
182 2148 323 2227 libertas,
340 2151 372 2213 in
388 2171 451 2236 qun
473 2147 702 2213 elteri-alteros
723 2147 833 2214 alienis
855 2147 969 2212 animis
984 2147 1115 2234 recipis·

93 2231 237 2301 mnus?-
262 2235 307 2302 Et
328 2235 374 2300 illi
394 2234 525 2323 quidem
551 2235 584 2299 in
610 2233 691 2301 bello
709 2255 778 2321 prae
801 2247 888 2299 metu
911 2233 1003 2299 nobis
1024 2235 1117 2300 blsn·

88 2316 258 2406 diebentur,
291 2345 349 2406 nos
378 2343 453 2386 vero
485 2322 577 2386 rebus
629 2321 725 2386 acetis
753 2320 839 2386 idem
869 2321 1004 2385 vicissim
1038 2321 1116 2408 ipsis

91 2403 296 2504 ⁸faciebamus?
333 2407 377 2475 Et
390 2405 478 2496 quod
493 2406 563 2472 aliis
578 2343 673 2472 ulem
689 2407 869 2488 confirmat,
883 2406 1115 2500 benevolentia,

91 2510 220 2579 mquam,
243 2495 308 2560 boc
329 2495 433 2581 ipsum
455 2493 552 2558 timor
573 2493 702 2559 firmum
723 2495 817 2558 nobis
837 2494 1026 2578 praestabam
1050 2515 1117 2558 me·

89 2587 178 2666 tuque
200 2583 316 2672 magis,
338 2601 434 2683 quem
457 2579 596 2645 amicitis
622 2580 747 2658 retenti,
771 2581 803 2644 in
830 2579 979 2644 societate
1003 2579 1117 2666 persti-

89 2663 184 2732 timus.
230 2667 276 2734 Et
292 2681 370 2733 utus
393 2667 574 2734 immunitus
596 2665 727 2752 periculi
750 2667 913 2731 suduciem
936 2666 1028 2732 citius
1049 2673 1118 2732 eret

91 2753 263 2833 ptaebiturm
292 2755 325 2818 bi
354 2754 449 2819 etiam
479 2754 602 2856 priores
631 2752 750 2838 aliquid
772 2764 897 2903 Smer
919 2753 974 2874 ,lm
1002 2751 1118 2818 facturi

90 2854 181 2906 esst.
225 2841 340 2918 Quare
361 2841 385 2905 si
408 2841 459 2906 oui
483 2842 597 2926 injuste
619 2837 720 2904 lucere
740 2839 772 2902 vi
795 2861 896 2917 emur,
935 2839 1021 2927 quod
1044 2853 1118 2905 ante

90 2921 299 3006 defecerimus,
314 2941 446 3014 propter
466 2925 650 2991 dilationem
674 2925 840 3003 malorum,
857 2925 972 3012 quibus
993 2925 1039 2990 illi
1058 2947 1118 2991 nos

91 3029 172 3078 ment
200 3015 358 3092 effecturi,
384 3035 443 3078 nec
472 3011 607 3077 vicissim
638 3013 792 3098 tantisper
819 3024 1001 3097 exspectare
1030 3012 1119 3076 volu·

89 3095 208 3178 erimus,
236 3099 315 3165 dum
343 3098 485 3185 nosipsi
514 3099 606 3184 plene
633 3119 906 3184 cognosceremus,
931 3119 972 3162 sn
998 3098 1039 3163 eli
1063 3097 1119 3162 uid

88 3203 189 3250 eorum
205 3185 309 3265 lieret,
325 3207 393 3287 φα
394 3185 656 3271 formidabamus,
672 3185 698 3248 is
714 3207 778 3248 non
794 3197 879 3248 recte
893 3183 998 3248 sentit.
1067 3203 1119 3248 snt

90 3269 113 3332 ti
126 3275 193 3355 pari
208 3286 355 3360 potentia
376 3271 514 3358 praediti,
531 3283 561 3337 et
579 3271 707 3336 insidias
722 3271 797 3356 ipsis
812 3281 924 3333 mutuo
939 3281 1070 3346 struere,
1086 3281 1120 3336 et

90 3355 268 3424 vicissim-io
284 3358 370 3424 eliud
390 3371 589 3443 tempuseus
610 3354 738 3421 differre
760 3375 933 3441 possemus,
951 3356 1025 3442 quid
1040 3374 1122 3441 opus

89 3459 173 3521 assi,
184 3467 257 3522 nos,
269 3447 324 3533 qui
339 3445 480 3530 potentis
494 3465 586 3529 peres
601 3465 749 3521 essemus,
762 3445 794 3506 in
810 3443 950 3528 ipsorum
966 3454 1123 3527 potestate

89 3530 175 3596 esse?
220 3531 307 3597 Cum
329 3551 405 3597 vero
430 3529 599 3596 invadendi
624 3529 756 3595 incultus
781 3549 876 3613 penes
902 3527 972 3593 illos
998 3549 1123 3613 semper

89 3617 255 3768 {ppecet
280 3619 375 3683 'etiam
402 3639 498 3704 penes
522 3639 581 3682 nos
606 3637 672 3681 esse
698 3614 830 3701 periculi
856 3627 980 3682 mstme
1002 3613 1124 3680 vitsndl

137 3719 278 3772 erstem.

131 3799 152 3834 “
167 3801 217 3858 ts.
244 3791 327 3857 Cum
352 3791 459 3880 igitur,
477 3791 726 3872 Lacedaemonii,
741 3813 778 3856 ac
800 3790 886 3866 socii,
907 3789 965 3854 hus
987 3789 1124 3855 rationes

91 3889 119 3940 et
140 3899 251 3943 csuses
272 3875 471 3955 haberemus,
492 3877 680 3953 delecim·us;
704 3896 777 3964 quae
798 3875 972 3942 manifestis
994 3875 1125 3962 quidem

90 3978 160 4028 tunt
190 3964 401 4043 auditoribus,
426 3965 473 4029 its
497 3977 533 4029 ut
557 3985 750 4050 cognoscere
775 3963 908 4050 possint,
931 3983 989 4026 nos
1012 3961 1126 4026 merito

92 4050 216 4127 fecisses
240 4051 353 4117 eslidae
369 4073 444 4117 vero
459 4053 497 4116 sd
514 4067 667 4116 terrorem
684 4050 777 4115 nobis
793 4048 1022 4130 incutiendum,
1038 4060 1069 4112 et
1083 4045 1125 4110 sd

121 4240 132 4280 ⁴
141 4248 274 4302 Quoauss
285 4253 458 4300 eumenum·
474 4253 500 4298 m
517 4249 835 4309 remansissemus·
849 4248 989 4294 meterem
1001 4245 1127 4306 murmur,

92 4323 136 4358 Μ
145 4319 343 4377 αιμοιινίυωι
354 4325 402 4366 etc.
418 4315 526 4362 Aeacius.
560 4315 649 4363 liunt·

611 4397 631 4442 t
