3004 4768
400 275 647 343 HiSTORIAE
670 275 761 342 LlB.
785 277 865 344 vlt.
1083 289 1147 352 447

117 450 197 532 rent)
215 471 236 514 a
260 469 390 514 suorum
414 461 590 514 castrorum
617 437 754 514 statione
774 448 942 530 solventes,
963 449 1032 516 sine
1056 473 1149 518 mors
1178 476 1241 529 unt.

117 536 302 624 navigarunt
323 533 386 599 qnd
407 547 519 619 portus
539 549 681 619 pontem,
696 549 729 600 et
745 537 790 598 ad
808 534 914 601 fauces
935 535 1069 616 relictas,
1085 561 1149 625 qua
1171 542 1253 605 1²⁸¹⁰n

117 623 237 708 eruptio
257 620 328 686 fieri
352 634 487 706 poterat,
504 619 590 706 qnod
617 622 692 684 ilice
712 641 769 706 por
789 621 852 684 vim
874 620 958 686 foras
978 621 1064 688 exire
1083 625 1148 690 vel·
1162 607 1259 782 gig}

118 710 191 774 lent.
1171 703 1262 785 Μ’

158 800 211 863 70.
235 794 425 880 Syracusani
440 815 525 871 vero,
537 793 687 882 sociique,
703 815 777 859 cum
798 815 869 860 suas
891 806 921 860 et
940 799 1097 880 pedestres
1117 807 1148 862 et
1175 801 1245 849 Μ·

118 881 240 946 nuncies
252 881 356 963 copies
375 879 473 964 prins,
489 902 580 965 mom
600 881 722 944 hostilis
741 883 847 946 classis
867 883 942 945 ilinc
957 885 1145 964 perueniret,
1176 863 1249 977 gff·

119 965 310 1046 eduxissent,
329 964 464 1029 navibus
485 977 534 1029 tot
556 986 700 1043 numero,
716 979 795 1051 quot
819 978 852 1030 et
874 977 950 1031 onte
974 966 1147 1048 hebebant,
1231 957 1241 974 ⁶

118 1071 186 1118 cnm
207 1072 316 1115 esrum
339 1062 428 1133 perte
441 1050 481 1115 sd
497 1051 580 1134 ipsos
600 1064 712 1135 portus
728 1049 843 1128 fruces,
859 1073 922 1138 qua
937 1055 1063 1137 eruptio
1076 1053 1148 1118 fieri

118 1149 247 1224 poterat,
263 1136 417 1201 excubias
438 1137 586 1220 egebant,
601 1149 633 1201 et
652 1138 801 1222 reliquam
822 1139 945 1203 classem
970 1138 1004 1201 in
1027 1138 1151 1224 reliquo

118 1235 211 1308 portu
226 1220 432 1286 circumcirca
452 1224 677 1304 disposuerunt,
693 1236 730 1287 nt
743 1221 821 1288 undi
844 1245 884 1288 ue
905 1222 1000 1288 simul
1017 1225 1152 1310 impres·

119 1309 237 1374 sionem
257 1307 292 1370 in
315 1305 523 1371 Athenienses
544 1305 694 1385 iacerent,
716 1321 749 1372 et
836 1320 931 1373 nctus
957 1309 1051 1385 simul
1077 1309 1152 1395 ipsis

119 1393 257 1460 subsidio
271 1392 402 1469 veniret,
418 1392 459 1457 cd
473 1413 633 1478 qunmcnu
656 1414 696 1457 ue
710 1409 832 1479 partem
848 1406 880 1460 et
892 1394 972 1480 ipsae
986 1417 1083 1460 neves
1096 1419 1153 1482 ap·

119 1478 279 1566 puiissent.
325 1477 490 1544 Praeereut
503 1489 609 1542 nutem
623 1415 712 1544 ciassi
727 1481 812 1565 apud
824 1479 1049 1566 Syracusanos,
1066 1481 1154 1546 Sica-

118 1585 177 1630 nus
197 1577 231 1629 et
245 1563 478 1652 Agatharchus,
501 1576 635 1650 uterque
663 1586 754 1630 unum
783 1565 879 1630 totius
901 1585 1002 1631 cornu
1025 1581 1154 1644 tenens3

120 1649 245 1736 Pythen
259 1672 334 1714 vero
348 1662 381 1714 et
393 1648 552 1715 Corinthii
563 1648 714 1715 medinm.
753 1648 925 1736 Postquam
938 1665 1044 1716 autem
1054 1652 1156 1717 Athe-

118 1737 240 1802 nienses
254 1734 296 1800 sd
310 1749 440 1820 pontem
453 1748 659 1812 secesserunt,
675 1736 779 1820 primo
791 1735 918 1822 quidem
931 1738 973 1800 im
1030 1759 1157 1803 oneres

119 1821 160 1886 ad
174 1822 277 1906 ipsum
294 1815 443 1905 presidii
455 1841 548 1886 causo
562 1820 730 1885 collocatas
744 1821 953 1906 impressione
998 1836 1050 1886 cto
1062 1844 1156 1908 supe·

119 1920 240 1984 rerum,
255 1916 408 1990 etportus
418 1905 683 1972 claustresoivere
692 1906 901 1974 conabantur.
940 1905 1058 1972 Postea
1068 1929 1155 1986 vero,

119 2013 193 2059 cnm
217 1993 408 2077 Syracusani
430 1993 570 2078 sociique
590 1993 624 2056 in
647 1991 732 2076 ipsos
757 1992 898 2079 undique
919 1991 1155 2072 inveherentur,

119 2099 186 2144 non
201 2077 337 2162 emplius
358 2077 399 2141 ad
421 2089 551 2163 pontem
577 2089 713 2154 tanturn,
729 2077 784 2142 scd
806 2080 900 2144 ctiam
916 2077 1035 2164 inipso
1049 2093 1157 2163 portu,

117 2163 267 2252 proelium
290 2162 398 2228 fiebat.
444 2162 525 2228 Erat
547 2175 652 2228 sutem
674 2175 780 2242 atrox,
797 2179 828 2229 et
843 2165 937 2251 quale
957 2164 1081 2229 nullum
1104 2188 1157 2231 su·
1270 2165 1272 2170 ’

116 2251 281 2337 periorum
293 2251 420 2334 fumat.
465 2248 621 2397 Mapnam
647 2249 733 2314 enim
757 2251 937 2315 animorum
961 2249 1158 2317 alacritatem

116 2335 312 2402 adhibebant
323 2335 488 2422 utriusque
502 2357 520 2398 c
533 2335 608 2399 assis
623 2348 728 2399 nentae
743 2334 785 2399 sd
799 2336 952 2419 impeturn
967 2335 1157 2415 iaciendum,

117 2422 372 2510 quotiescunque
390 2421 471 2505 jussi
493 2418 642 2496 fuissent;
664 2421 765 2484 muita
786 2441 913 2506 quoque
934 2419 1078 2486 certatim
1100 2443 1160 2508 gu·

117 2511 304 2574 bernatores
318 2507 359 2570 ad
375 2517 474 2570 artem
497 2527 585 2570 suam
607 2505 798 2590 pertinentia
812 2505 865 2569 aiii
877 2520 989 2571 contre
1009 2506 1087 2570 elios
1101 2527 1160 2572 ex-

114 2592 314 2681 cogitabant.
360 2590 405 2656 Et
427 2593 548 2669 milites,
571 2592 628 2678 qui
653 2591 781 2658 navibus
802 2591 1010 2669 vehebantur,
1036 2592 1160 2678 quoties

115 2680 211 2746 navis
224 2678 463 2764 impressionem
485 2678 518 2740 in
539 2698 652 2743 nsvem
674 2675 806 2754 fecisset,
822 2697 950 2762 operam
974 2676 1162 2754 debentne

115 2765 194 2850 ipsi,
205 2765 260 2850 qui
271 2786 310 2829 cx
325 2762 474 2828 tabulatis
484 2763 684 2850 pugnabant,
694 2773 811 2827 coetcro
822 2762 968 2840 artifieio,
984 2765 1162 2848 ceterisque

114 2853 229 2915 nands
238 2859 268 2914 et
277 2849 541 2934 gebmratorine,
555 2847 718 2912 inferiores
732 2861 845 2912 essent.
889 2848 932 2913 Et
945 2849 1162 2935 unusquisqne

114 2937 155 3000 in
193 2955 323 3000 munere
352 2931 413 2997 sibi
441 2933 611 3020 assignato,
639 2931 762 3018 primns
790 2954 944 3018 apparere
972 2934 1160 3000 conahatur.

116 3020 225 3098 Quod
236 3031 341 3086 eutem
353 3020 385 3084 in
397 3020 517 3106 exiguo
528 3019 701 3102 decimatio
716 3017 824 3082 multce
839 3039 935 3083 neves
943 3020 1160 3108 confligerent,

113 3113 214 3193 (nem
227 3105 280 3170 hta
293 3126 401 3183 neves,
414 3125 549 3189 querum
565 3105 724 3168 maximus
739 3116 807 3168 eret
819 3125 980 3180 numerus,
993 3105 1026 3167 in
1042 3127 1161 3192 angus·

113 3191 247 3258 tissImo
260 3193 364 3275 spatio
384 3203 462 3255 tunc
481 3201 683 3276 pugnarunt,
705 3209 817 3272 parum
840 3191 924 3254 euim
947 3188 1068 3268 aberet,
1083 3192 1161 3276 quin

112 3277 280 3344 universe
304 3297 400 3340 neves
424 3275 588 3361 utriusque
606 3273 712 3338 classis
733 3275 886 3340 ducentes
900 3273 1089 3358 efficerent3)
1112 3275 1162 3339 in·

6 3389 7 3394 ¹
109 3363 285 3431 cursiones
297 3361 426 3449 quidem
449 3382 560 3445 peuces
582 3359 711 3437 fiebunt,
726 3361 802 3447 qnia
816 3360 865 3425 vel
880 3360 1097 3426 retrocedendi
1112 3361 1163 3425 tel

111 3449 351 3538 perrumpendi
376 3445 473 3526 nullu¹
493 3445 624 3512 neuras
645 3445 799 3511 dabatur:
822 3467 995 3512 concursus
1009 3468 1085 3512 vero
1098 3445 1161 3510 fre·

167 3534 304 3599 entiores
313 3545 413 3610 erent,
423 3543 521 3618 prout
530 3553 665 3619 qumque
673 3532 761 3598 novis
769 3531 801 3595 in
812 3553 925 3596 navem
933 3533 1102 3611 incidisset,
1111 3531 1162 3597 vel

143 3641 204 3686 um
217 3620 351 3708 fugeret,
365 3618 416 3682 vel
435 3619 512 3684 dum
528 3618 766 3702 impressionem
788 3619 820 3682 in
836 3617 929 3683 aliem
944 3617 1073 3685 faceret.
1118 3618 1163 3684 Et

6 3721 8 3756 t
109 3705 278 3794 quamdiu
289 3705 417 3792 quidem
425 3704 514 3769 navis
522 3707 618 3769 aliam
628 3703 807 3781 invadebat,
816 3705 936 3769 tamdiu
969 3705 1054 3769 uiex
1069 3705 1162 3769 tabu·

108 3793 197 3858 latis
205 3790 404 3879 pugnabant,
414 3789 659 3876 nbundejecuiis
669 3803 701 3855 et
712 3727 1162 3877 sagittisetlapihibussdver·

6 3917 8 3930 ι
107 3897 258 3943 susesm
271 3875 452 3944 utebantur.
483 3875 567 3940 Cum
582 3888 687 3940 antem
700 3897 792 3940 naves
801 3875 1161 3963 jamconfligerencen-

105 3964 526 4051 mmpropugnetormqui
536 3983 647 4026 manns
655 3960 873 4039 conserebant,
884 3960 1159 4046 utrinqucinalie·

150 4142 168 4181 ‘t
187 4137 227 4184 Αᾱ
237 4136 320 4184 fauces
337 4141 421 4196 portus
434 4132 488 4196 jem
504 4139 682 4196 preoccupatus
692 4135 878 4196 preclmsquc,
891 4147 922 4180 ne
932 4133 1162 4182 illacexireturetc.

114 4201 205 4250 vute.
239 4203 278 4247 Ad
293 4207 377 4260 portus
393 4200 509 4259 claustra,
520 4205 544 4246 et
556 4201 649 4247 exitum
660 4200 694 4246 ibi
705 4201 816 4249 relietum
828 4206 873 4246 etc.
891 4197 999 4245 Amen.
1032 4195 1160 4260 zum-‚t

108 4263 245 4329 Ιζιυγμίιη
255 4261 336 4330 exet!-
346 4265 367 4314 tv
377 4263 495 4328 θελήσῃ.
511 4264 614 4325 Etymoi.
624 4264 664 4311 M.
676 4264 777 4326 Auctor,
789 4264 855 4312 hunc
866 4265 948 4310 locum
959 4263 1044 4312 eitms
