2996 4782
335 307 375 370 ts
697 303 1002 373 THUCYDIDIS

237 495 297 544 aas
332 479 357 543 ai
373 475 444 563 quis
458 497 499 541 ex
513 474 625 562 patriis
639 475 832 544 Boeotorum
843 478 994 546 institutis
1008 477 1142 544 eandem
1153 477 1229 544 belli
1243 480 1381 546 sooieta-

227 561 310 622 ruore
333 579 396 630 tem
410 563 499 650 aequi
510 562 613 640 vellet,
625 563 711 648 apud
722 564 808 649 ipsos
818 587 906 630 arma
917 577 1060 652 poneret,
1072 568 1382 652 mammaeae

218 628 317 752 ⁰⁸¹⁰*th
333 649 726 803 'cumtrpsis‘c'onjtmgerge
749 649 908 718 civitatem
930 651 992 718 hoc
1012 651 1110 718 modo
1126 651 1187 718 sibi
1207 651 1301 718 facile
1322 653 1382 716 ad·

230 756 271 805 m.
300 787 308 803 .
345 757 408 802 nnc
423 758 476 803 um
492 757 532 801 rrt
604 756 661 801 ran
711 783 719 800 .

231 753 302 869 [td.
328 761 343 825 J
383 834 413 889 8.
444 757 636 889 Phtaeeqem
650 844 736 900 vero,
752 844 826 888 cnm
845 823 1020 890 Thebanos
1034 835 1067 890 et
1081 823 1166 890 intus
1181 847 1260 904 esse,
1276 835 1310 890 et
1324 845 1380 888 nr-

231 883 306 1014 ζῖἷ·
333 909 405 976 hem
423 921 564 995 repente,
574 918 695 994 preter
704 931 819 974 omnm
833 913 1098 994 exspectationem,
1110 912 1150 975 ab
1165 913 1231 976 illis
1241 932 1383 995 occupa-

332 1009 398 1063 tam
411 997 589 1098 sensissem,
603 995 771 1096 perterriti,
785 1006 817 1061 et
827 998 979 1099 suspicati
990 999 1086 1084 longe
1097 997 1204 1082 plures
1216 998 1380 1084 ingressos

331 1087 667 1254 {bethtleem
682 1081 1380 1254 ttltttlltlmthtt'lttptttttl

331 1255 535 1343 quieverunt:
558 1255 737 1339 prasertim
752 1273 825 1319 cum
836 1256 935 1320 hostes
949 1254 1029 1320 nihil
1045 1255 1119 1320 novi
1135 1255 1167 1319 in
1180 1275 1380 1341 quemquam

330 1341 529 1407 molirentur.
586 1339 632 1404 At
646 1339 724 1413 durn
735 1339 806 1404 haec
820 1357 962 1428 agerem,
979 1341 1217 1430 quodammodo
1232 1341 1380 1406 animad-

330 1437 503 1502 verterunt,
515 1443 582 1491 non
593 1425 711 1491 multos
720 1447 790 1491 ease
803 1425 988 1509 Thebanos,
999 1439 1041 1506 et,
1053 1428 1080 1492 si
1096 1430 1166 1492 illos
1176 1427 1378 1506 invaderent,

330 1537 353 1578 a
373 1535 406 1580 se
425 1511 519 1579 facile
532 1513 676 1598 superari
698 1533 790 1598 posse
806 1511 1038 1578 existimarunt.
1085 1513 1168 1580 Nam
1191 1513 1381 1578 Plataeensis

330 1601 469 1686 populus
487 1600 530 1664 ab
546 1597 796 1664 Atheniensibus
815 1597 984 1665 deficiebat
1000 1599 1129 1664 invitus.
1176 1599 1286 1664 Remi
1313 1599 1379 1664 itur

331 1687 517 1752 tentandam
539 1707 606 1750 esse
628 1684 761 1750 censuit.
820 1684 1039 1762 Quamobrem
1063 1686 1146 1750 inter
1173 1707 1208 1751 se
1236 1687 1287 1750 coi
1331 1697 1379 1763 nt,

222 1823 226 1832 .
331 1772 474 1840 suffossis
488 1771 713 1838 communibus
734 1773 846 1836 tedium
865 1771 1049 1858 parietibus,
1065 1793 1115 1850 ne,
1132 1771 1210 1836 dum
1226 1792 1287 1858 per
1310 1773 1380 1836 rias

332 1871 556 1935 commearant,
586 1879 621 1922 se
654 1858 835 1944 proderent,
865 1869 896 1922 et
923 1858 963 1922 ab
996 1859 1080 1923 hoste
1109 1861 1379 1942 conspicerentur,-

331 1945 537 2032 plauttrqque
550 1945 618 2009 sine
638 1944 791 2030 jumentis
805 1945 839 2007 in
856 1943 915 2009 riis
935 1947 1127 2021 statuebant,
1143 1955 1180 2008 ut
1201 1944 1286 2008 muri
1307 1944 1381 2008 loeo

331 2046 455 2109 essent3
476 2043 509 2096 et
522 2041 640 2095 cetera
653 2029 820 2115 parabant,
835 2043 933 2114 prout
943 2029 1083 2118 quidque
1098 2032 1193 2094 rebus
1211 2031 1381 2116 praesenti·

332 2118 394 2183 bus
413 2117 491 2184 utile
511 2115 581 2181 foro
593 2115 771 2181 videbatur.
810 2115 983 2202 Postquam
998 2129 1104 2182 autem
1125 2137 1176 2180 res
1198 2137 1312 2195 omnes,
1337 2119 1384 2180 ad

334 2203 431 2270 hustet
453 2203 658 2268 inuadendum
683 2203 871 2279 maessariae,
917 2223 956 2266 ro
984 2200 1134 2270 facultate
1152 2201 1226 2286 jam
1302 2213 1382 2268 ratae

227 2295 232 2304 '
332 2289 473 2367 fumum,
496 2301 651 2372 tempore,
674 2309 740 2372 quo
761 2309 828 2352 nox
858 2224 964 2353 adhuc
986 2301 1063 2366 erat,
1087 2302 1119 2352 et
1143 2288 1215 2374 ipso
1268 2287 1382 2354 iluculi

335 2375 483 2442 adventu.
494 2373 672 2454 observato,
687 2395 727 2438 ex
746 2373 869 2438 oedibus
886 2375 1003 2458 egressi
1023 2374 1056 2438 in
1072 2374 1157 2459 ipsos
1172 2375 1380 2440 invaserunt:

334 2483 377 2528 na
391 2461 429 2526 in·
439 2461 511 2526 luce
520 2479 593 2524 cum
611 2459 673 2524 illia
690 2459 973 2525 confidentioribua
983 2459 1268 2549 congrederentur,
1284 2472 1383 2548 atque

335 2547 382 2614 ita
405 2550 504 2614 homes
528 2545 599 2632 pari
625 2557 655 2612 et
674 2566 763 2630 aqua
786 2545 968 2610 conditione
991 2567 1098 2612 secum
1122 2558 1302 2612 certarent:
1325 2546 1383 2611 sed

336 2633 503 2698 nocturnis
514 2631 652 2697 tenebris
670 2653 721 2696 ma
747 2632 771 2696 ’s
790 2631 1016 2717 perterrefacti,
1033 2655 1093 2698 sno
1114 2653 1182 2711 usu,
1201 2647 1234 2698 et
1253 2633 1381 2719 peritia,

336 2741 433 2806 quam
455 2719 543 2784 urbis
565 2717 709 2781 locorum
755 2717 903 2795 ahebant,
922 2717 1087 2783 inferiores
1108 2732 1223 2783 essent.
1268 2719 1384 2806 ltaque

336 2807 443 2870 statim
458 2825 508 2869 eos
522 2806 715 2880 invaserunt,
732 2815 765 2866 et
778 2803 820 2868 ad
836 2825 949 2870 manus
964 2803 1110 2870 celeriter
1125 2817 1295 2871 venenant.
1374 2848 1377 2856 ·

381 2897 412 2955 4.
437 2890 488 2954 Illi
503 2911 588 2966 vero,
601 2889 655 2953 ubi
671 2902 891 2976 cognoverunt
904 2911 937 2955 se
951 2890 1105 2977 opinione
1118 2890 1283 2977 deceptos,
1296 2892 1385 2957 inter

386 2976 394 2992 ⁸
419 2999 469 3040 sos
483 2974 768 3062 conglobabantur,
784 2987 817 3038 et
838 2973 977 3040 hostium
993 2978 1245 3062 impressionem,
1258 2999 1325 3064 qna
1338 2979 1385 3042 ir-

394 2999 483 3140 hant,
505 3060 750 3147 propulsabant3
774 3081 890 3148 eosque
911 3062 960 3126 bis
982 3077 1070 3128 terve
1090 3063 1299 3148 repulerunt:
1325 3066 1384 3130 scd

337 2997 395 3040 ser

335 3085 395 3128 rae

336 3161 460 3234 postea,
477 3169 551 3212 cum
571 3160 602 3212 et
620 3147 679 3232 ipsi
701 3153 819 3234 magno
837 3147 970 3234 strepitu
990 3149 1158 3228 irruerent,
1175 3159 1209 3214 et
1229 3150 1384 3216 mulieres

336 3247 434 3322 atque
448 3231 612 3299 domestici
628 3232 721 3296 simul
736 3255 777 3297 ex
796 3231 918 3297 aedibns
933 3234 1088 3300 clamores
1102 3252 1135 3300 at
1150 3233 1293 3301 ululatus
1307 3237 1384 3302 ede-

335 3333 419 3399 rent,
434 3341 551 3405 eosque
565 3317 723 3402 lapidibus
737 3330 768 3384 et
782 3317 896 3405 tegulis
910 3315 1064 3404 peterent,
1081 3321 1173 3387 simul
1190 3324 1289 3388 etiam
1306 3345 1382 3388 curn

336 3405 392 3471 illa
406 3417 501 3470 nocte
515 3425 632 3490 magna
646 3403 755 3551 pluvia
769 3404 949 3490 ingruiset,
957 3407 1059 3470 territi
1071 3405 1211 3485 luerunt,
1224 3421 1257 3473 et
1267 3409 1384 3475 dantes

335 3487 633 3642 hemath?
642 3509 757 3660 edii
767 3492 1402 3664 litlillr’ffiliiiidlffl·

337 3660 431 3746 rique
446 3673 585 3745 possent,
604 3663 689 3742 (narn
709 3660 768 3724 sub
784 3661 889 3746 ipsum
913 3664 1029 3728 mensis
1050 3663 1146 3729 finem
1165 3664 1385 3734 haeacetds

337 3758 425 3823 runt,
441 3765 515 3831 qnae
529 3757 606 3808 tuno
619 3755 709 3844 gesta
722 3751 809 3828 sum)
833 3757 867 3811 et
887 3745 992 3813 hostes
1006 3751 1209 3838 insequentes
1223 3751 1386 3820 haberent

336 3833 459 3897 viam
472 3830 602 3915 peritos,
617 3843 663 3894 tta
676 3842 713 3895 ut
726 3830 865 3919 effugere
879 3853 944 3897 uon
959 3848 1099 3920 possent.
1155 3837 1384 3913 Quamobrem

337 3937 440 3986 eonas
466 3915 611 4001 plerique
631 3916 805 4000 perierunt.
849 3917 988 3988 Quidam
1016 3935 1122 3988 autern
1150 3923 1384 3992 Plataeensium

336 4002 423 4066 urbis
433 4015 551 4086 portas,
563 4023 627 4088 qua
637 4003 736 4068 hostes
746 4003 912 4081 intrarant,
924 4018 956 4070 et
970 4029 1044 4093 ques
1054 4009 1133 4074 solae
1143 4025 1267 4094 apertoe
1278 4023 1384 4090 erant,

333 4085 432 4174 jaculi
451 4086 574 4171 spiculo
589 4087 705 4172 pessuli
723 4087 795 4153 looo
814 4111 900 4167 usus,
917 4103 950 4156 et
966 4093 999 4156 in
1019 4095 1115 4160 rectis
1132 4117 1237 4162 seram
1256 4099 1383 4187 injecto

337 4171 462 4249 clausit,
476 4173 520 4237 ita
534 4185 570 4238 ut
584 4195 625 4237 ne
638 4172 699 4237 hac
713 4174 841 4260 quidem
856 4177 961 4242 exitus
975 4192 1110 4264 pateret.
1167 4182 1254 4248 Cum
1271 4198 1384 4250 autern

338 4256 409 4324 illos
420 4256 518 4322 hostis
529 4273 772 4344 persequeretur
780 4281 839 4344 per
848 4261 970 4342 urbem,
983 4265 1112 4351 quidam
1125 4287 1169 4332 etr
1178 4268 1257 4354 ipsis
1270 4293 1384 4338 muros
