2982 4786
407 214 654 337 ffls'romm
676 265 768 338 nm.
792 272 834 337 v.
1086 283 1148 344 ω,

104 439 281 506 tundebant
297 437 433 520 Boeotis,
449 454 485 506 ut
498 461 533 506 se
549 441 693 508 Athenas
713 444 850 530 sequuti,
865 443 928 509 sibi
949 451 1080 532 qnoque
1091 448 1158 512 ina·
1185 467 1251 514 asu·

106 540 271 610 petrarent
295 526 408 592 eodem
432 528 663 608 modnviactas,
689 549 754 616 quo
777 530 885 596 Boeoti
905 553 957 596 ear
981 529 1150 601 hebebant.
1176 533 1258 592 ΜΨ

106 613 245 682 Quodsi
261 613 472 678 Athenienses
486 616 543 680 baa
563 617 625 679 sibi
646 637 762 700 qumque
783 619 944 680 concedere
959 636 1150 698 remearent,
1166 597 1262 722 (Ἠ

105 698 248 764 inducias
263 702 341 783 ipsis
354 701 589 778 renunciarent,
599 712 631 766 et
646 704 678 764 in
694 715 857 786 posterum
868 723 933 770 cum
944 705 1020 786 ipris
1031 705 1159 855 sufflo
1175 725 1217 773 st.
1229 673 1266 774 ul

107 807 140 848 se
161 785 287 849 nullum
310 785 412 850 l'oedus
437 789 589 852 iacerent.
634 787 744 851 Boeoti
772 808 860 862 vero,
875 790 1062 874 rogantibus
1184 791 1257 838 Μ

107 870 246 948 rinthiis,
259 872 346 958 quod
361 871 403 936 ad
426 875 608 937 societatem
631 871 761 958 quidem
782 873 977 961 Argivorum
993 877 1160 953 auinerau
1178 856 1258 970 iffi*

107 977 162 1020 eos
176 957 383 1042 supersedere
400 959 572 1044 jusserunt.
617 957 759 1048 Athenas
781 979 858 1023 vcro
881 981 954 1024 eum
979 962 1154 1027 Corinthiis

106 1041 253 1128 proiecti,
269 1043 377 1108 decem
394 1043 522 1109 dierum
542 1043 687 1108 inducias
705 1045 746 1108 ab
760 1045 998 1111 Atheniensem
1006 1069 1077 1110 nou
1091 1048 1156 1112 itit·

107 1142 285 1214 petrarunt.
332 1129 397 1195 Sed
412 1129 623 1195 Athenienses
638 1129 880 1215 responderunt,
898 1130 1074 1198 Corinthiis
1089 1155 1160 1198 esse

106 1214 241 1296 ioedera,
266 1217 294 1280 si
325 1215 422 1280 modo
453 1215 771 1280 Lacedaemoniorum
796 1229 887 1280 erem
912 1217 1003 1280 socii.
1048 1217 1155 1284 Boeoti

109 1323 185 1366 vero
199 1323 266 1365 non
289 1303 389 1389 magis
411 1315 579 1387 propterea
600 1300 709 1366 decem
732 1302 857 1366 dierum
879 1302 1016 1366 induciis
1035 1323 1155 1374 renuu-

108 1388 193 1451 ciare
207 1386 388 1465 voluerunt,
405 1388 550 1472 quamvis
570 1387 730 1452 Corinthii
751 1387 814 1452 hoc
827 1388 1019 1476 flagitarent,
1035 1402 1068 1453 et
1081 1411 1156 1454 cum

109 1473 365 1558 expostulatione
389 1473 543 1550 dicerent,
566 1474 612 1538 ita
635 1473 720 1539 inter
738 1496 772 1538 ae
797 1474 992 1540 convenisse.
1039 1475 1155 1539 Corin·

109 1559 185 1624 titiis
207 1573 313 1624 autem
335 1559 472 1625 induciae
494 1559 563 1624 sinc
582 1558 703 1624 ioedere
728 1581 802 1624 cunt
826 1559 1156 1626 Atheniensibusex·

109 1645 267 1710 stiterunt.
341 1687 363 1699 „
958 1700 961 1706 .
1024 1684 1027 1694 ·
1062 1673 1066 1678 ·
1137 1697 1139 1702 .

134 1723 210 1799 ’83.
234 1730 484 1798 Eademoettate
497 1731 737 1797 Lacedaemonii
759 1753 833 1797 eum
858 1730 1079 1819 frequentibus
1098 1755 1155 1798 co-
1184 1757 1253 1804 Maro

109 1817 1156 1992 nite
1183 1836 1253 1933 a.

1063 1949 1073 1982 ‚
1139 1940 1157 1956 .

111 1989 308 2076 peditionem
330 2004 537 2074 susceperunt
557 1988 709 2055 adversus
730 1989 926 2065 Parrhasios,
946 1991 1001 2076 qui
1023 2000 1099 2055 sunt
1121 1991 1155 2054 in

112 2075 264 2154 Arcadia,
280 2077 384 2162 etqui
402 2075 644 2142 Mantineorum
666 2077 801 2161 imperio
823 2088 946 2161 parent,
962 2075 1004 2140 nb
1018 2075 1094 2160 ipsis
1108 2098 1158 2140 se·

112 2162 237 2227 ditione
251 2161 470 2229 laborantibus
483 2162 587 2239 acciti,
597 2161 693 2226 simul
703 2163 963 2236 etiameversnri,
974 2162 1001 2226 si
1019 2173 1157 2244 possent,

112 2248 336 2329 munitionem,
351 2269 448 2336 quem
472 2247 630 2313 Mantiuei
651 2249 686 2312 in
709 2247 855 2334 Cypselis
868 2257 1108 2326 exstruxerunt,
1124 2267 1162 2312 eo

111 2333 1159 2509 tintifflltlllglifiltltl‘tiltfn‘ltil‘tl?

112 2506 188 2576 dem
210 2528 324 2594 ugrum
349 2505 554 2573 Parrhasium
576 2506 759 2570 vastabant:
783 2504 944 2570 Mantinei
966 2528 1053 2586 vero,
1067 2504 1161 2570 urbie

113 2593 260 2658 custodia
275 2594 406 2682 Argivis
420 2592 548 2670 tradita,
564 2592 624 2676 ipsi
643 2592 747 2656 socius
769 2613 827 2656 suo
841 2590 995 2676 presidio
1009 2592 1160 2656 tutabitu-

114 2691 180 2744 tur.
225 2680 310 2745 Cnm
324 2691 432 2746 sutem
445 2690 479 2745 et
491 2677 701 2743 manitionem
712 2677 746 2741 in
758 2676 1117 2764 Cypselisexstructam,
1126 2689 1160 2742 et

113 2765 211 2831 nrbes
226 2767 259 2831 in
274 2787 354 2854 agro
367 2765 534 2831 Parrhasio
549 2765 624 2829 sitas
637 2785 825 2830 eomervare
839 2784 906 2828 nou
919 2775 1061 2848 possent,
1071 2764 1159 2828 abie-

113 2864 204 2917 runt.
248 2852 485 2917 Lneedoemonii
507 2871 593 2928 vero,
616 2871 691 2915 cum
715 2849 903 2916 Parrhasius
923 2851 957 2914 in
980 2851 1160 2916 libertatem

114 2937 333 3018 asseruissent,
349 2952 381 3005 et
401 2937 612 3003 munitionem
635 2935 722 3001 illem
744 2935 940 3015 evertissent,
955 2935 1087 3003 domum
1109 2958 1160 3003 re·

113 3025 256 3090 dierunt.

161 3119 217 3176 34.
240 3111 361 3177 Eadem
376 3122 487 3177 testate
508 3109 758 3186 Lucedaemouii,
774 3129 848 3174 cum
868 3109 910 3174 ad
933 3109 1018 3193 ipsos
1035 3111 1104 3195 jum
1119 3131 1162 3174 eu

115 3195 263 3264 Thracia
283 3199 449 3264 rediissent
469 3197 596 3274 milites,
612 3196 668 3284 qui
688 3215 763 3260 eum
781 3194 915 3260 Brasida
930 3197 1005 3258 illac
1024 3193 1161 3279 profecti

114 3284 255 3363 fueram,
269 3305 350 3371 quoa
365 3299 439 3370 poet
452 3283 532 3349 inita
545 3281 670 3348 foedera
685 3281 849 3346 Clearidss
859 3280 1042 3358 reduxerat,
1052 3281 1161 3348 decre·

115 3381 245 3449 verunt,
261 3391 368 3436 servus
389 3370 533 3457 quidem,
548 3369 603 3456 qui
616 3389 691 3433 cum
714 3365 849 3433 Brasida
868 3365 989 3452 proelio
1009 3365 1162 3432 interfue-

115 3470 206 3540 runt,
230 3457 348 3524 liberos
377 3477 453 3534 esse,
477 3469 512 3521 et
535 3453 680 3521 habitare
706 3452 892 3540 ubicunque
920 3451 1048 3518 vellent.
1094 3453 1163 3518 Nec

116 3544 223 3610 mnlto
233 3557 310 3631 post
323 3544 409 3629 ipsos
422 3561 498 3608 cnut
518 3542 568 3618 iis,
583 3561 664 3628 quos
682 3552 826 3605 recenter
848 3540 882 3604 in
904 3538 1021 3604 civium
1039 3540 1095 3625 jus
1106 3541 1163 3605 ad-

115 3631 289 3713 sciverunt,
312 3631 349 3695 in
372 3629 500 3715 Lepreo
520 3626 729 3704 collocarunt,
755 3625 842 3727 quod
868 3628 901 3691 in
925 3625 1101 3704 Iaconicn,
1127 3649 1166 3692 nn

117 3715 205 3784 Eleo
217 3737 308 3807 agro,
330 3719 364 3781 in
378 3719 457 3802 ipsis
478 3717 636 3800 utrimque
648 3713 788 3795 coptum
801 3712 897 3778 situm
914 3726 994 3790 erat,
1011 3735 1085 3778 cum
1095 3714 1164 3798 juda

117 3803 276 3871 Eleorum
300 3802 412 3868 buttes
440 3813 554 3867 essent.
600 3801 682 3866 Suos
704 3821 780 3866 vero
804 3801 894 3879 ciues,
918 3801 972 3886 qui
1003 3799 1166 3864 ininsula

115 3893 306 3976 Spiucterm
318 3889 406 3990 capti
417 3887 555 3966 fuerant,
571 3887 673 3974 etqui
687 3886 873 3952 armaborti
887 3885 1095 3963 tradiderant,
1111 3907 1165 3950 re-

117 3978 186 4058 nti,
204 4000 246 4042 ne
268 3975 389 4063 aliquid
413 3996 518 4041 rerum
540 3995 696 4040 novarum
718 3973 917 4048 molirentur,
934 3971 1165 4048 existimantoe,

1 4067 3 4098 '
117 4086 155 4131 se
169 4076 302 4150 propter
320 4062 442 4128 cladem
464 4073 625 4148 acceptam
649 4059 806 4126 deteriore
827 4057 1011 4123 conditione
1029 4056 1165 4133 futuros,

1 4151 3 4186 ²
117 4151 267 4240 quumvis
293 4150 325 4214 in
445 4147 530 4214 serua
556 4160 591 4241 et
619 4145 851 4212 existimatione
878 4145 997 4244 serent,
1023 4143 1167 4244 quamtis

1 4259 5 4344 Ἰ
115 4238 218 4308 etiarn
234 4237 357 4304 nonnul
370 4237 381 4302 i
395 4236 599 4322 magistratus
615 4234 684 4321 jam
703 4241 862 4322 gererent,
877 4251 1055 4318 agnomnna
1075 4239 1166 4294 non.
