2996 4782
413 313 659 393 HISTORIAE
684 313 773 386 Lm:
797 321 824 385 1.
1093 327 1134 399 67

106 509 224 559 tmmm
244 491 539 575 insolentiam-tum
554 493 649 558 etiam
664 493 709 558 ob
731 485 941 580 bubalorum
956 493 1135 561 emulatio-

8 649 9 654 ,
105 601 182 658 nem,
197 603 230 645 sc
244 579 329 644 nolle
342 579 377 643 in
391 580 540 666 presenti
555 599 661 644 rernm
676 591 763 646 statu
775 580 992 666 acquiesceret
1014 594 1135 650 etcum

105 667 262 752 aliae-ejus
282 667 423 732 annones
445 665 864 745 accurateconuiderabant,
880 667 907 732 si
919 688 985 754 qun
1005 668 1038 733 in
1062 687 1136 734 rea·

106 752 240 817 muribus
257 753 391 840 receptis
413 765 446 817 et
466 751 578 837 patriis
598 752 749 817 institutis
770 753 957 837 recessisset,
979 765 1011 819 et
1030 755 1135 821 studia

106 837 144 904 ab
156 839 205 904 bis
217 839 321 905 abana
390 850 487 904 nutus
501 837 627 914 luisset3
643 848 713 902 tum
728 839 822 904 etiam
839 840 927 926 quod
941 840 1018 906 olirn
1033 842 1066 906 in
1076 843 1135 908 tri*-¹

106 925 192 1009 pede,
213 926 269 1012 qui
293 859 431 1011 Deslrilris
452 937 532 1005 erat,
569 945 643 989 uem
667 923 777 990 Groeci
798 945 838 991 ex
856 925 1005 1013 primitiis
1019 949 1134 1018 manu·¹

105 1011 233 1089 biamm,
254 1037 276 1078 a
302 1010 411 1079 Medis
432 1011 523 1076 victis
544 1035 564 1076 a
587 1010 734 1091 latarum,
757 1013 829 1077 Deo
854 1012 1048 1093 dicaverant,
1072 1013 1134 1081 hcc

104 1097 266 1165 distichum
302 1097 456 1183 scriptum
479 1099 548 1184 ipse
568 1097 717 1182 privatim
749 1097 987 1166 inscribendum
1022 1119 1134 1190 censnf
1179 1165 1184 1178 ,

106 1183 182 1262 imi

227 1403 231 1410 ,
299 1357 432 1418 Postquam
442 1357 586 1404 Graecorum
597 1359 649 1404 dux
659 1358 759 1419 agmiru
770 1358 868 1408 Medica
879 1360 960 1420 fudit,

342 1423 433 1469 thbc
444 1419 577 1468 Pausanias
587 1422 639 1469 hnc
650 1429 811 1470 monumenta
822 1425 896 1472 dedit

103 1587 153 1654 sed
166 1586 407 1654 Lacedaemonii
422 1585 484 1652 hoc
496 1585 692 1686 epigramma
703 1589 849 1672 protinus
863 1611 904 1654 ex
919 1587 1044 1676 tripode
1059 1578 1136 1658 tunc

103 1675 346 1761 enculpserunt,
362 1685 395 1738 et
409 1675 443 1738 in
452 1695 488 1737 eo
498 1673 638 1761 singulas
647 1673 790 1740 civitates
800 1677 989 1742 nominatim
1005 1681 1136 1766 inscrip-

103 1774 212 1842 serunt,
242 1773 404 1848 quotquot
425 1759 531 1836 armis,
562 1761 742 1847 opibusque
766 1763 943 1848 conjunctis
963 1762 1136 1846 barbarum

102 1848 358 1937 profligaverunt,
374 1857 406 1912 et
417 1846 538 1911 donum
548 1845 632 1912 istud
645 1847 713 1910 Deo
727 1847 921 1914 dicaverant
947 1849 1024 1916 Hoc
1038 1852 1138 1939 igitur

102 1935 187 1998 etium
202 1935 289 2000 inter
303 1945 421 1998 caetera
430 1933 548 2017 injusta
565 1931 733 1996 Pausaniae
744 1931 886 1999 facinora
896 1937 1136 2018 numerabatur,

102 2031 130 2085 ct
141 2028 309 2108 postquam
326 2021 360 2084 in
372 2018 434 2084 hoc
443 2031 586 2085 stateres
596 2019 665 2103 ejus
677 2041 746 2084 esse
757 2035 937 2104 coeperunt,
952 2033 1025 2088 tuuc
1036 2024 1138 2092 multu

101 2106 194 2194 magia
213 2111 271 2172 hoc
284 2105 350 2192 (jan
359 2106 486 2191 fictum
499 2106 652 2190 praesenti
668 2107 893 2188 perduellionis
907 2109 1041 2174 consilio
1059 2132 1137 2176 con-

101 2193 364 2260 sentaneum'esse
379 2191 556 2256 uidebatur.
600 2189 788 2267 Quinetiam
804 2192 977 2259 audiebant
990 2218 1063 2260 eum
1079 2197 1137 2263 ali·

101 2277 254 2364 quidcum
266 2278 369 2344 servis
380 2277 511 2366 agitare,
524 2277 609 2364 quod
625 2298 735 2343 verum
749 2291 834 2344 erat:
856 2278 1034 2348 libertatem
1050 2283 1136 2350 enim

7 2391 8 2406 ³
101 2366 297 2434 etcivitntern
308 2365 384 2451 ipsis
394 2361 617 2450 pollicebatur,
634 2365 658 2428 ei
669 2385 774 2429 secum
785 2365 1042 2446 insurrexissent,
1051 2391 1137 2434 sum·

8 2527 9 2532 γ
100 2471 242 2538 mamque
252 2451 303 2518 rei
313 2472 421 2516 secum
431 2465 500 2516 trau
559 2449 662 2514 ‘ssent
698 2449 760 2516 Sed
773 2462 880 2516 tamen
892 2475 930 2518 ne
939 2453 984 2517 sic
995 2454 1136 2540 quidem,

100 2535 167 2620 ullis
180 2559 348 2606 servorum
362 2471 609 2601 indicibilibus
623 2533 696 2614 fide,
712 2538 882 2623 quicquam
895 2538 970 2602 nori
985 2539 1018 2602 in
1032 2541 1138 2624 ipsum

7 2695 9 2708 y
98 2635 230 2692 statuere
251 2623 435 2701 voluerunt,
460 2634 585 2688 utentes
609 2643 708 2700 more,
733 2645 798 2708 quo
823 2644 901 2710 erga
925 2645 959 2690 sc
983 2625 1069 2710 ipsos
1090 2629 1139 2692 uti
1208 2693 1214 2703 ,

7 2723 8 2726 ’
97 2722 342 2790 consueverunt,
363 2725 398 2774 ut
421 2729 487 2774 non
510 2709 574 2772 sint
596 2706 712 2774 celeres
737 2708 780 2774 ad
802 2708 920 2810 aliquid
969 2712 1073 2776 rarius
1097 2713 1139 2778 de

97 2795 342 2884 vircspurtano
361 2797 429 2860 sine
450 2793 715 2860 manifestissimis
730 2816 768 2860 ae
789 2795 920 2862 minime
956 2797 1039 2864 ubiis
1054 2799 1139 2864 indi·

7 2891 9 2962 ζ
97 2883 149 2949 ciis
161 2881 422 2952 decernendum:
445 2879 549 2946 donec
564 2879 693 2946 tandem
716 2881 857 2966 quidam,
877 2889 926 2964 (ut
940 2881 1066 2968 fertum)
1081 2886 1138 2972 qui

7 2987 8 3018 ³
95 2983 272 3055 postremas
285 2967 433 3054 epistolas
447 2957 490 3032 ad
507 2967 628 3055 Regem
649 2967 782 3053 scriptae
801 2977 872 3036 erat
883 2967 924 3034 ad
940 2970 1138 3038 Artabazum

96 3057 285 3156 perlaturus,
301 3055 350 3120 vir
365 3053 517 3141 Argilius,
533 3053 588 3140 qui
603 3053 764 3140 quondam
785 3055 853 3140 ejus
866 3057 1003 3122 amasius
1022 3056 1136 3137 fuerat,

95 3143 239 3230 rdmuque
257 3141 304 3206 illi
319 3140 528 3218 fidelissimus,
544 3139 585 3204 ad
601 3162 656 3204 eos
677 3138 831 3205 indicium
854 3141 983 3207 detulit:
1008 3145 1138 3209 territur

7 3301 9 3314 y
95 3231 228 3315 quadum
245 3227 437 3330 suspicione,
453 3247 526 3313 quae
540 3226 601 3311 ipsi
616 3227 650 3290 in
664 3237 803 3292 mentem
817 3241 959 3309 venerat,
969 3230 1053 3315 quod
1066 3229 1137 3294 riul-

7 3389 8 3394 ἵ
94 3313 402 3383 lusdeuuntinnute
410 3311 553 3378 semissis
563 3310 830 3380 adhucrediisset.
847 3311 957 3390 Quare
965 3335 1038 3378 cnm
1050 3316 1138 3403 sigil-

7 3423 11 3450 ³
94 3401 158 3468 lum
170 3401 460 3486 Parmaniaesigillo
474 3399 575 3464 simile
584 3396 716 3476 iecisset,
736 3402 794 3480 (ut,
809 3400 835 3463 si
845 3399 995 3486 opinione
1009 3423 1066 3466 sua
1081 3403 1137 3468 de-

7 3487 8 3530 3
95 3503 200 3576 σφωε
222 3489 346 3564 inisset,
361 3498 416 3551 aut
431 3485 526 3550 etiam
543 3485 569 3548 si
591 3485 668 3571 quid
683 3484 736 3550 ille
750 3497 874 3550 mutare
888 3485 1047 3564 voluisset,
1072 3511 1137 3554 non

7 3613 9 3638 i
94 3575 308 3664 agnosceret)
322 3571 528 3658 epistolarum
539 3569 665 3637 vincula
677 3570 805 3636 laxavit.
852 3571 890 3636 In
907 3573 1023 3658 quibus
1037 3577 1138 3660 suspi-

94 3676 178 3728 catur
192 3660 320 3748 aliquid
335 3655 517 3745 hujusmodi
540 3673 696 3742 praeterea
715 3656 902 3724 mandatum
917 3681 994 3737 esse,
1010 3683 1043 3724 se
1057 3681 1137 3748 quo·

7 3799 8 3810 ,
93 3771 152 3837 qne
165 3748 324 3834 scriptum
339 3744 484 3831 credique
498 3743 689 3809 destinatum
702 3744 832 3808 invenit.

138 3844 211 3902 138.
237 3832 324 3898 Cum
336 3832 435 3982 ifiitur
443 3829 496 3896 illc
510 3829 568 3895 has
578 3829 683 3896 literas
695 3828 837 3916 Ephoris
848 3842 925 3896 tunc
936 3832 1135 3912 ostendisset,

93 3919 312 3988 vehementius
324 3917 345 3984 il

96 4009 342 4159 ,efrem
355 4025 420 4070 ‘¹¹¹⁸
433 4001 733 4154 'bdellii
748 4002 882 4153 llll
900 4002 1136 4156 liiiimffi‘liii

95 4106 638 4264 lifin‘lqllssllel'idp'iaennim
666 4173 820 4263 confugit,
844 4135 953 4262 nique
969 4113 1134 4276 ,impin

94 4265 279 4346 construxit,
295 4263 382 4352 quod
405 4274 497 4348 septo
519 4260 705 4346 interposito
727 4260 897 4326 disclusum
919 4274 1046 4338 erat,1n
1070 4285 1134 4348 quo

587 4373 643 4429 Η

386 3916 515 4019 quidem
529 3937 618 4000 quum
632 3926 706 3980 ante
715 3915 930 3982 crediderunt.
975 3919 1135 3985 Caeterum
