2964 4786
385 295 632 366 HIS'PORIAE
648 297 743 367 'L1B.
768 301 829 368 vl.
1058 315 1121 375 385

93 471 355 560 siccujungunrur
376 493 496 566 ornnes,
511 482 559 538 est
579 469 809 562 domidubiiist
830 471 886 564 sed
905 471 932 538 si
947 474 1045 562 (quod
1067 475 1119 544 isti
1153 493 1215 546 usn.

91 555 185 624 ficere
206 557 348 639 student)
370 571 482 624 contre
503 557 734 647 disjungamur.
779 559 954 648 Siquidem,
976 565 1119 649 quemvis
1141 557 1225 624 ¹²⁸¹⁰ts

90 657 190 712 contre
204 666 263 711 nos
275 644 359 710 scios
374 647 530 723 venerint,
540 659 572 710 et
586 646 702 731 proelio
715 648 893 731 superiores
906 647 1116 729 discesserint,
1132 625 1229 750 ὂῖῥξ·

89 742 186 882 ffi
199 751 265 848 nqp
284 747 477 819 peregerunt
490 751 691 818 quecunque
707 729 888 822 cupiebant,
903 729 959 800 sed
973 734 1117 803 celeriter
1143 705 1232 870 {1¹⁹5

189 831 233 883 ni.
405 869 408 876 .
1168 851 1176 866 ·

124 911 174 969 80.
197 911 220 946 “
231 902 462 981 Quamobrem,
478 903 504 968 si
518 925 629 968 omnes
644 903 678 968 in
695 901 798 968 unum
809 905 968 985 cubemus,
979 927 1045 972 non
1059 906 1115 974 de·
1144 882 1218 998 {4¹2⁹

86 1002 133 1054 cst
143 1010 200 1055 nos
213 990 336 1056 unimus
346 991 494 1076 dejicere;
510 991 564 1054 sed
579 989 654 1055 belli
668 989 848 1056 societstem
863 991 1009 1057 siseriter
1022 994 1114 1062 inire.

86 1072 260 1142 Presertim
274 1097 348 1142 cum
369 1075 525 1144 auxilium
542 1076 629 1140 nobis
643 1097 683 1142 ex
699 1075 923 1164 Peloponneso
944 1078 987 1143 sit
1003 1093 1114 1146 rentu-

82 1181 157 1238 rum,
172 1164 308 1228 Ιιοπιίηεε
320 1163 446 1240 scilicet,
461 1162 517 1264 qui
530 1161 683 1228 nuntietis
698 1162 731 1227 in
745 1183 781 1234 re
794 1161 908 1228 bellice
921 1163 1017 1251 longe
1030 1187 1113 1251 prse-

83 1249 250 1314 stuntiores'.
295 1248 410 1333 Neque
433 1247 677 1314 existimandum
703 1260 762 1326 est,
783 1249 862 1314 iilud
888 1250 1026 1316 studium
1052 1275 1114 1318 esse

80 1334 213 1413 utum,
251 1333 316 1400 uod
329 1333 423 1398 nobis
436 1334 566 1420 quidem
579 1355 720 1420 equum,
736 1335 825 1403 vobis
840 1357 915 1402 vero
929 1350 1034 1402 tutum
1057 1339 1097 1404 sit
1102 1361 1113 1415 ς

80 1420 159 1504 quod
174 1357 326 1487 vindicet·
335 1421 455 1486 neutris
473 1442 567 1506 opem
589 1419 671 1486 serre
685 1420 797 1499 velitis,
813 1417 888 1508 quis
902 1435 1112 1510 utrorumque

77 1504 149 1570 socii
162 1507 247 1572 estin
267 1557 269 1564 .
285 1506 398 1594 Neque
412 1507 508 1584 euim,
524 1520 560 1574 ut
575 1507 688 1585 serbis,
703 1508 819 1596 quibus
831 1523 966 1574 vestrum
982 1531 1110 1576 censam

77 1592 215 1671 tuemini,
230 1596 276 1659 sic
289 1595 384 1658 esiam
404 1613 441 1658 re
459 1594 531 1678 ipse
554 1595 619 1658 hes
640 1605 740 1660 cestra
763 1597 878 1659 aemilii
898 1600 1050 1662 recusatio
1062 1609 1110 1664 est

74 1687 176 1764 nque.¹
217 1679 314 1762 Nem,
328 1679 355 1743 si
377 1693 509 1766 propter
523 1701 588 1755 ros,
604 1680 661 1766 qui
679 1681 767 1744 nodis
783 1675 940 1748 auxilium
962 1681 1045 1750 serre
1058 1705 1109 1749 re·

74 1766 192 1844 usmis,
208 1766 246 1842 is,
262 1767 318 1866 qui
339 1778 544 1854 oppugnetus
563 1764 669 1842 suerit,
685 1779 854 1845 evertetur,
869 1781 901 1831 et
919 1767 957 1848 is,
972 1770 1108 1855 quicum

72 1867 309 2022 rue
771 1853 1107 2006 s,

271 1983 282 2016 9
949 1983 960 2016 9

72 2021 226 2090 auxilium
246 1961 389 2100 tuldditis,
406 2036 442 2090 ut
465 2023 580 2090 servari
607 2035 756 2107 posseut3
779 2019 850 2088 illos
864 2046 950 2102 vero,
966 2045 1008 2090 ne
1031 2029 1106 2092 msii

69 2109 177 2204 cuent,
200 2131 267 2176 non
289 2109 525 2196 prohibueritis.
569 2111 670 2196 Atqui
692 2108 856 2200 honestius
876 2120 931 2188 eet,
954 2110 1026 2190 iilis,
1049 2115 1105 2198 qui

68 2195 214 2280 injurium
229 2197 404 2283 patiuntur,
419 2210 450 2262 et
463 2208 619 2282 pretores
633 2209 707 2260 sunt
720 2198 815 2268 uestri
827 2197 966 2284 cognati,
982 2217 1034 2264 bos
1048 2199 1104 2264 ed-

64 2277 191 2363 junctos
215 2295 248 2349 et
272 2305 441 2349 commune
467 2281 584 2348 Sicilire
608 2282 812 2346 commodum
837 2284 931 2362 tueri,
953 2295 985 2350 et
1009 2284 1112 2350 Athe-

66 2365 196 2448 nienses,
212 2367 269 2456 qui
278 2371 346 2455 jsns
361 2381 435 2434 sunt
449 2369 533 2448 uobis
546 2368 650 2444 amici,
662 2387 727 2432 non
743 2367 845 2431 sinere
858 2387 1001 2452 peceare.
1026 2371 1101 2454 sed,

65 2462 98 2518 st
110 2473 180 2520 tem
195 2468 295 2521 totum
310 2456 418 2540 paucis
433 2451 695 2538 comprehensum
704 2451 921 2538 expediemus,
934 2477 990 2522 nos
1005 2457 1102 2543 Syre-

63 2542 170 2606 muni
184 2541 334 2620 dicimus,
348 2541 467 2606 nullius
488 2561 556 2604 esse
576 2539 707 2628 negotii,
723 2539 818 2623 piene
829 2539 946 2606 doces
963 2542 1020 2608 eut
1034 2565 1100 2625 ros,

62 2639 117 2691 sut
140 2627 234 2706 elios,
249 2627 290 2694 de
313 2627 408 2694 rebus
433 2625 505 2704 illis,
520 2647 600 2712 quus
620 2647 675 2690 vos
700 2625 762 2710 ipsi
784 2645 851 2689 non
876 2629 991 2708 minus,
1009 2651 1100 2714 quum

61 2715 160 2794 qsr'nr's
182 2717 277 2796 alius,
292 2713 492 2800 cognoscitis.
537 2713 708 2776 Precsrnur
725 2732 811 2789 vero,
826 2711 921 2777 simul
937 2727 969 2780 et
990 2717 1100 2781 testifi-

60 2817 180 2879 csmur,
196 2801 259 2866 nisi
272 2801 360 2865 nodis
373 2797 633 2888 percurrerimus,
647 2807 682 2861 ut
695 2798 783 2862 nobis
796 2819 881 2881 opem
894 2797 1023 2882 feratis,
1039 2823 1099 2869 nos

59 2882 180 2952 insidiis
206 2888 316 2972 eppeti
340 2886 381 2952 eb
405 2884 548 2960 Ionibus,
563 2881 727 2968 perpetuis
751 2882 907 2965 hostibus,
923 2897 955 2951 et
974 2889 1100 2956 euobis

58 2971 163 3052 prodi,
188 2971 362 3040 Dorienses
388 2995 408 3036 s
427 2969 651 3038 Doriensibus,
696 2967 740 3033 Et
761 2971 788 3032 si
810 2969 1018 3037 Athenienses
1040 2997 1099 3040 nos

56 3055 254 3146 subegerint,
270 3059 380 3124 vestris
399 3057 527 3144 quidem
548 3053 688 3120 consiliis
708 3056 857 3142 adpaque
870 3056 1005 3129 victores
1025 3083 1098 3126 cvn-

56 3163 155 3223 surnq,
172 3146 229 3211 sed
244 3167 305 3208 suo
319 3145 459 3230 ipsorum
473 3141 603 3206 nomine
617 3139 771 3204 honorem
786 3139 968 3220 habiturust
991 3157 1024 3210 et
1036 3167 1098 3233 pro

53 3229 201 3296 victorius
223 3231 358 3318 proemio
384 3229 507 3294 nullum
534 3227 643 3307 elium,
665 3247 762 3313 quem
787 3225 877 3290 illurn
902 3228 1017 3376 ipsum,
1041 3234 1097 3318 qui

52 3313 222 3384 victorium
238 3319 314 3401 ipsis
329 3315 584 3390 subministrent,
599 3325 793 3400 accepturos.
831 3312 907 3389 Quo
944 3315 971 3380 si
985 3331 1098 3383 contre

53 3399 187 3470 victorie
210 3423 308 3489 penes
322 3421 381 3466 nos
395 3400 499 3478 fuerit,
516 3419 572 3464 vos
593 3400 690 3482 ipsos,
705 3411 741 3463 ut
754 3408 925 3463 uenturum
938 3402 1097 3486 periculo-

50 3507 123 3554 rurn
139 3503 302 3566 metores,
317 3506 429 3575 poenss
449 3487 537 3553 nobis
549 3486 690 3551 daturos.
735 3484 846 3576 Quare
865 3507 929 3549 rens
950 3487 1096 3554 conside·

49 3587 128 3676 fote,
144 3588 248 3663 utque
265 3577 334 3661 jum
355 3595 442 3639 nunc
463 3574 570 3659 eligite
590 3587 647 3636 eut
667 3571 860 3650 servitutem,
876 3593 949 3673 quse
970 3574 1096 3642 nullum

47 3679 275 3814 imi
291 3659 1095 3830 titibhtttt”itt”tttt“tttt

45 3846 148 3920 utque
163 3849 293 3901 nostras
307 3833 489 3898 inimicitius
503 3851 567 3897 non
582 3831 692 3896 breves
705 3829 828 3896 icturus
841 3831 1016 3897 devitetis?

89 3929 147 3988 81.
172 3923 286 4008 Atque
302 3921 526 3984 Hermocrates
540 3917 668 4005 quidem
689 3917 758 3981 boec
770 3916 861 3980 dixit.
907 3917 1095 4002 Euphemus

45 4027 136 4090 vero,
153 4003 400 4074 Atheniensium
415 4005 545 4094 legatus,
562 4018 634 4089 post
648 4004 751 4088 ipsum
767 4001 838 4068 haec
854 4004 950 4067 verbe
963 4001 1044 4070 iecit

86 4101 145 4160 82.
172 4102 198 4136 “
214 4093 434 4160 Venensews
448 4090 587 4178 quidem,
603 4103 639 4154 ut
661 4089 825 4174 pristinem
847 4089 1027 4154 societatem
1043 4113 1094 4157 re·

40 4199 262 4246 noueremus:
285 4179 505 4268 sedquoniam
523 4179 739 4265 Syracusanus
757 4195 812 4240 nos
832 4175 967 4252 incessit,
983 4197 1093 4242 neces·

40 4267 166 4333 surium
184 4279 234 4332 est
255 4265 350 4334 etism
365 4266 406 4332 de
426 4264 562 4354 imperio
583 4273 686 4329 nostro
700 4261 797 4328 verbe
811 4263 927 4344 facere,
941 4274 988 4345 ut,
1003 4265 1059 4330 boc
1072 4287 1093 4329 s

550 4371 569 4414 c
583 4372 601 4414 c
