2964 4786
462 238 710 320 fflsronnn
734 255 823 322 mu.
848 247 926 324 vis.
1144 269 1213 334 sor
1284 341 1288 348 ,

164 437 255 499 reru,
270 418 377 506 gravis
391 434 561 490 ermetune
582 424 735 494 militibus
749 439 841 494 extre
863 428 1058 498 munitiones
1070 431 1105 500 lo
1163 453 1210 512 us,
1246 455 1307 507 usn

162 524 260 588 quem
276 517 360 584 ente
385 507 562 592 productis,
577 520 691 578 manus
704 535 780 580 cunr
803 515 881 601 ipsis
896 518 1065 588 conteruit.
1162 519 1212 586 ui·
1227 521 1317 584 Mn·

161 599 267 654 tetum
282 612 359 656 vero
372 605 404 662 et
415 594 524 660 velites
532 619 559 662 -a
574 596 669 662 latere
682 599 923 670 Atheniensium
938 603 971 683 in
983 604 1084 672 locos
1141 605 1208 672 icso
1225 587 1322 698 (μ’

160 675 382 756 collocaverat,
407 679 462 746 ubi
487 691 700 772 utrorumque
719 687 935 756 munitionum
959 711 1057 776 opere
1084 617 1208 758 haine·
1237 663 1323 764 eiu}²

161 760 253 828 hunt.
298 763 366 830 Hic
391 778 499 834 autem
524 769 682 856 equitatus
704 771 739 836 in
762 772 834 858 ipso
857 773 975 859 psoelio
1000 777 1208 864 impressione
1236 778 1310 828 Μ·

159 845 247 914 sacta
271 849 305 914 in
331 851 496 918 sinistrum
522 855 766 924 Atheniensium
796 879 908 938 cornu,
935 862 1022 947 quod
1050 863 1112 948 ipsi
1139 878 1209 930 erat
1235 842 1308 956 γεῆ*

159 935 356 1020 oppositum,
383 939 421 1003 r'd
446 938 481 1005 iu
506 937 615 1029 fugem
646 943 750 1008 vertit.
795 943 839 1010 Et
867 958 1040 1048 propterea
1067 948 1209 1036 reliquus

159 1022 259 1086 etism
273 1025 396 1090 illontia
410 1025 580 1108 exercitus,
594 1049 615 1094 e
630 1028 837 1117 Syrensssnie
847 1043 960 1110 senus,
971 1033 1006 1098 in
1016 1054 1089 1100 esses
1101 1035 1208 1101 muni-

158 1105 265 1172 tiones
289 1130 434 1196 praeceps
455 1124 502 1177 est
526 1113 719 1200 compulsus.
764 1117 870 1182 Nocte
893 1130 1000 1186 sutem
1026 1118 1208 1207 insequenti

156 1213 289 1264 mesum
300 1217 404 1281 prope
415 1197 623 1266 munitionem
634 1199 880 1270 Atheniensium
893 1204 982 1270 ocius
993 1201 1206 1285 aedilicerunt,

157 1301 199 1344 ee
215 1279 299 1346 ultre
312 1303 379 1347 ean
393 1282 625 1368 perduxerunt,
640 1287 685 1354 its
698 1298 737 1353 ut
747 1309 853 1376 neque
866 1289 927 1376 ipsi
941 1290 1056 1358 abillis
1069 1291 1207 1378 amplius

1 1393 13 1430 κ,
157 1364 310 1450 impediri
331 1381 470 1455 possent,
485 1391 523 1436 ne
543 1393 660 1438 nmesn
680 1374 881 1455 absolverent,
896 1387 930 1444 et
949 1375 1000 1444 sel
1020 1397 1149 1444 omnem
1171 1375 1206 1444 in

157 1463 324 1538 pmterum
349 1454 398 1520 sui
422 1455 684 1524 circumvallandi
708 1459 901 1542 benitatem,
928 1464 1074 1551 quemvis
1098 1463 1206 1530 vinee-

157 1548 244 1616 rent,
261 1537 322 1606 illis
336 1541 505 1629 eriperent.

203 1631 234 1694 7.
258 1623 375 1693 Postea
389 1649 465 1694 sero
480 1628 724 1698 Corinthiorum
740 1632 1059 1702 etAmbrscioterum
1074 1647 1107 1702 et
1117 1634 1204 1702 Leu-
1233 1645 1303 1694 suso

155 1711 323 1778 οιάῑοηιπι
346 1731 452 1795 neves,
476 1737 552 1803 que
574 1715 708 1805 telique
732 1729 835 1798 erent,
861 1739 998 1790 emnem
1021 1715 1328 1822 duodecimf‘ffljlffi·

154 1795 242 1878 clem
259 1797 503 1868 Atheniensium
518 1803 664 1870 custodie
674 1803 875 1906 nevigsnsmt,
885 1815 916 1870 et
929 1808 973 1872 ud
986 1807 1089 1872 urben
1102 1827 1204 1891 eppu·
1218 1787 1321 1886 ὡς.

156 1881 270 1950 lerunt.
314 1884 383 1952 lllis
396 1898 504 1953 sutem
518 1888 851 1976 praeeretErsstnides
867 1889 1068 1958 Corinthius.
1111 1892 1204 1960 Etiu
1236 1903 1302 1969 Aus-

155 1967 283 2057 reliqua
306 1974 385 2038 nerei
411 1984 503 2056 perte
526 1974 727 2054 eedihcsnde,
754 1985 848 2062 ctqtse
871 1995 973 2064 usque
1000 1975 1043 2042 sd
1071 1979 1205 2044 αΙιιΜ

155 2067 375 2124 transversum
399 2081 528 2126 murum
558 2062 775 2150 Syracuseuos
800 2061 998 2149 adjuverunt
1041 2061 1204 2150 Gylippus

156 2156 268 2222 eutem
292 2157 443 2212 caeteram
470 2147 614 2216 Siciliem
642 2147 751 2226 obivit,
776 2160 812 2214 ut
835 2148 962 2216 noveles
1045 2161 1205 2236 senesque

156 2229 269 2314 copies
294 2231 467 2321 colligeret,
491 2234 587 2300 simul
608 2233 703 2300 num
728 2247 766 2300 ut
790 2234 933 2302 civitates
958 2257 976 2302 a
1019 2235 1204 2302 societetetu

10 2350 12 2357 ·
157 2337 269 2382 smum
285 2317 459 2384 ineundam
474 2320 658 2399 solicitsret,
674 2321 699 2384 si
715 2341 780 2408 que
794 2333 850 2386 aut
863 2341 1023 2408 propense
1043 2342 1109 2388 nou
1124 2331 1204 2400 erec

154 2414 215 2468 aut
228 2425 249 2468 s
260 2403 344 2470 bello
357 2426 490 2491 prorsus
504 2405 609 2472 edhuc
623 2406 810 2472 abstinebat.
846 2406 912 2474 Alii
923 2427 1051 2494 qnoque
1065 2409 1206 2492 Syracu·

154 2509 308 2556 senorum
328 2505 360 2556 et
377 2491 619 2559 Corinthiorum
634 2492 730 2579 legati
751 2491 1019 2560 Lecedssmonetu
1040 2506 1073 2560 et
1086 2491 1205 2563 conn-

0 2626 1 2649 ,
156 2572 250 2642 thum
259 2576 347 2642 missi
356 2575 496 2658 fuerunt,
508 2591 545 2646 ut
558 2598 660 2646 nosue
673 2577 829 2646 mereitm
838 2579 1048 2666 trajiceretur,
1059 2596 1204 2666 queem

10 2731 13 2738 ,
156 2662 343 2746 quemodo,
359 2665 425 2732 sive
445 2666 580 2732 nasibus
594 2665 758 2744 onerariis,
773 2666 839 2732 sive
861 2685 1052 2752 quecunque
1072 2664 1137 2731 slis
1149 2685 1204 2730 re·

0 2806 6 2827 ,J
155 2747 247 2814 tione
259 2771 307 2816 res
320 2753 471 2818 commode
481 2751 652 2820 succedere
662 2773 755 2838 posse
769 2751 941 2830 videretur,
956 2751 1044 2838 quod
1057 2749 1204 2818 etAtbe·

1 2859 13 2919 ᾗ
154 2833 282 2901 ruienses
297 2837 377 2904 auae
391 2839 482 2904 eticns
496 2841 602 2924 copias
616 2843 818 2906 meetseren.
863 2837 908 2904 Et
916 2836 1107 2988 Sprecuseni
1122 2837 1203 2904 cles·

154 2939 223 2986 sem
240 2921 452 3002 instruebant,
475 2936 509 2990 et
521 2925 612 3010 Anjm
632 2945 750 3010 quoque
762 2926 813 2990 res'
832 2923 943 3009 pericu
956 2943 1011 2990 um
1033 2921 1202 3002 &citheni

9 3074 12 3085 ,
153 3005 245 3092 quod
270 3007 496 3112 huncquoque
518 3031 584 3076 rem
608 3009 741 3098 aggredi
755 3010 949 3086 statuissent,
972 3008 1054 3076 etin
1072 3020 1203 3076 caeterea

154 3113 209 3160 res
223 3094 298 3160 totis
312 3095 432 3161 viribus
447 3095 687 3164 incumbebant.

1 3238 13 3271 ,z
200 3189 234 3248 8.
257 3181 366 3250 Nicies
381 3204 467 3261 vero,
482 3203 556 3248 eum
570 3183 630 3250 hoc
645 3179 862 3258 intellexisset,
874 3191 906 3248 et
919 3179 1200 3281 host-iumtquidetn

153 3267 344 3350 potentiam,
359 3289 448 3336 suam
463 3289 540 3336 vero
552 3289 653 3336 resen
667 3269 796 3334 onnien
810 3266 975 3352 pmuriem
989 3287 1024 3330 m
1035 3264 1105 3331 dees
1118 3286 1202 3330 cres-

6 3400 13 3440 ,
152 3373 230 3418 core
243 3353 376 3434 videret,
397 3355 527 3421 nuntios
541 3356 664 3440 etipse
684 3352 829 3420 Athenas
846 3353 944 3431 misit,
966 3371 1051 3504 Ἠ
1072 3350 1201 3436 quidem

151 3451 187 3504 et
208 3439 296 3520 alies,
311 3440 353 3505 de
373 3440 508 3529 singulis
521 3441 619 3519 rebus,
635 3461 708 3528 quse
728 3439 939 3541 gerebantur:
1051 3447 1130 3502 tunc
1150 3435 1201 3502 vel

153 3526 308 3610 maxime,
322 3527 410 3615 quod
431 3549 482 3592 res
502 3549 575 3594 sues
596 3527 629 3592 in
653 3545 829 3592 maximum
852 3525 1023 3592 discrimen
1047 3521 1201 3588 edductes

150 3632 234 3694 esse,
249 3625 282 3680 et
295 3614 356 3679 nisi
370 3614 477 3699 primu
487 3633 615 3700 quoque
630 3625 773 3698 ternpore
783 3612 986 3676 Athenienses
995 3620 1052 3676 sut
1061 3630 1096 3674 se
1109 3629 1201 3674 reso·

153 3712 278 3778 cerem,
294 3711 351 3767 eut
364 3699 442 3766 alios
457 3721 522 3765 non
579 3721 656 3764 uscos
671 3699 843 3774 mitterent,
854 3695 975 3763 nullam
988 3694 1097 3760 salutis
1111 3716 1200 3794 spem

153 3807 319 3872 superesse
341 3786 482 3851 duceret
559 3786 657 3850 esitus
679 3796 796 3859 eutem,
820 3805 862 3846 ne
883 3783 991 3857 nuntii,
1014 3781 1070 3867 qui
1096 3792 1200 3844 mnte-

152 3873 287 3953 bentur,
301 3873 350 3938 sel
364 3883 497 3960 propter
510 3870 670 3936 secundine
684 3868 735 3933 vel
753 3881 886 3956 propter
899 3866 1024 3934 consilii
1045 3865 1199 3950 inopium,

152 3959 207 4024 sel
222 3959 317 4024 mern
332 3957 452 4046 aliquid
467 3957 507 4022 ed
522 3956 633 4042 populi
649 3955 843 4020 voluntatem
868 3953 1020 4031 dicentes,
1034 3973 1109 4015 vere
1133 3973 1200 4016 non

152 4045 393 4126 renunciarent,
417 4044 581 4129 epistolem
605 4040 749 4126 scripsit:
781 4041 965 4106 existimans
978 4035 1056 4113 fore,
1081 4049 1118 4136 ut
1138 4037 1200 4102 boc

152 4131 256 4200 murlo
269 4131 469 4217 potissimum
485 4151 572 4194 suem
589 4125 776 4194 sententium
792 4126 916 4212 abipso
936 4121 1053 4190 nuncio
1068 4123 1200 4186 nnnime

3 4231 6 4262 ¹
149 4237 354 4305 suppressam
384 4215 592 4284 Atheniernes
615 4225 855 4363 cognlqs‘qqent,
879 4225 911 4300 et
935 4207 1092 4276 derebus
1118 4207 1199 4274 veris
