3004 4768
416 282 666 352 HISTORIAE
689 285 778 351 LlB.
802 284 900 352 Vlll.
1113 297 1178 358 465

136 449 277 532 dierunt,
290 453 456 520 eunhstlm
471 457 665 524 etChioset
681 457 866 545 Erythraeos
882 457 1109 526 insacietatem
1128 481 1178 528 re-
1211 475 1273 531 seu.

137 556 303 622 ceperunt.
348 541 392 607 Et
405 541 617 630 quadraginta
632 565 727 610 nares
750 547 828 645 ipsis
848 544 1017 610 mittendas
1030 546 1177 612 decreve-
1203 541 1283 604 ⁹²¹⁰e

136 637 226 702 runt,
241 625 329 712 qnod
343 649 408 692 nou
423 629 540 706 minus,
552 650 647 715 quam
663 644 838 716 sexaginta,
853 629 919 695 illic
931 643 1045 710 essem,
1060 654 1100 696 sur
1114 633 1178 698 illis
1192 607 1292 738 3¹1¹}ss

136 711 230 776 awisis
257 713 434 779 civitatium
461 725 637 792 conuecta,
664 738 741 802 quas
767 715 843 779 Chii
870 716 1029 782 dicebant.
1074 721 1178 804 Atque
1205 733 1227 786 ¹.¹
1254 733 1277 806 t,

139 795 278 879 primum
295 798 424 883 quidem
438 821 480 864 ex
495 801 564 865 istis
578 803 801 886 quadraginta,
811 800 919 866 decem
935 815 1027 867 eraut
1041 802 1177 882 missuri,
1206 779 1277 878 fftl.

137 893 172 946 et
196 881 441 966 Mclaucridsm,
463 886 522 972 qui
550 887 693 970 ipserum
722 887 900 953 navarchus
928 903 1007 953 erat.
1051 889 1181 956 Deinde
1205 893 1278 940 vm.

137 989 221 1045 uero,
236 990 311 1034 cum
332 981 533 1037 terremotus
554 972 732 1050 exstitisset,
748 993 809 1058 pru
829 971 1031 1038 Melaucride
1051 973 1179 1040 Chalei-
1213 953 1271 1020 ³⁴!-

139 1052 237 1119 deum
259 1054 423 1134 miseruut,
438 1069 471 1122 et
492 1078 553 1143 pro
567 1057 676 1124 decem
697 1058 831 1124 navibus
845 1058 985 1145 quinque
1005 1069 1124 1125 tuntum
1145 1063 1180 1126 iu

140 1138 304 1206 Laconica
328 1156 562 1227 praepararunt.
605 1145 650 1209 Et
674 1143 745 1208 haec
769 1142 882 1230 hyems
906 1145 996 1222 exiit,
1022 1143 1180 1234 hujusque

137 1224 226 1305 belli,
245 1227 330 1328 quod
354 1227 558 1314 Thucydides
579 1231 777 1316 conscripsit,
801 1228 1052 1296 undevicesimus
1076 1251 1180 1296 auuns

138 1327 375 1469 ΜῗειΙιιιιυειιιιῑε
403 1414 510 1468 autem
542 1423 627 1484 rere,
655 1406 773 1482 stetim,
800 1403 891 1469 Chiis
917 1406 1118 1484 instantibus,
1144 1415 1181 1470 ut
1223 1409 1264 1458 Ab

138 1505 236 1550 neves
263 1487 327 1552 sibi
353 1487 563 1566 mitterentur,
590 1500 623 1554 et
650 1490 874 1569 metuentibus,
904 1512 944 1555 ne
970 1491 1180 1557 Athenienses
1188 1470 1299 1536 ΛΡΜ

1 1635 2 1660 ἦ
139 1571 353 1647 resciscerent,
369 1595 443 1660 quse
456 1574 670 1661 agitabantur,
701 1597 774 1640 nam
789 1597 901 1641 omnes
923 1576 1005 1642 clam
1020 1577 1082 1642 illis
1095 1577 1181 1666 lega-

1 1713 3 1748 ,
136 1669 189 1722 tos
216 1658 459 1725 hcedoemouem
489 1661 653 1740 miseruut)
678 1580 915 1726 lacedemonii
939 1662 1093 1728 miserunt
1117 1677 1182 1729 tres

1 1801 3 1810 ,
137 1743 224 1808 viros
240 1744 415 1827 Spartanos
435 1745 641 1827 Corinthum,
657 1759 692 1811 ut
713 1769 809 1833 quam
835 1746 998 1812 celerrime
1018 1748 1059 1813 ab
1080 1749 1181 1814 altero

139 1828 233 1906 mari,
247 1828 280 1893 iu
304 1831 348 1907 id,
364 1832 450 1917 quod
468 1831 609 1898 Athenas
630 1846 763 1922 spectat,
781 1832 925 1909 naribus,
940 1854 998 1917 per
1020 1832 1180 1900 Isthmum

137 1915 336 1994 transvectis,
351 1937 462 1982 omnes
478 1919 516 1980 iu
539 1917 659 1984 Chium
686 1918 836 2004 navigare
853 1917 1014 2003 juberent,
1030 1931 1094 1982 tam
1116 1941 1179 1999 eas,

1 2006 2 2086 J
138 2023 221 2087 quas
292 2001 317 2066 's
337 2019 574 2088 preparaverat
588 2004 621 2068 iu
646 2004 785 2069 Lesbum
808 2005 983 2081 atumem,
998 2025 1095 2090 quam
1117 2025 1181 2070 οω-

1 2093 2 2100 ’
138 2099 234 2152 teras.
310 2103 384 2154 runt
412 2101 517 2153 autem
548 2088 614 2154 illic
642 2089 799 2156 universae
828 2089 993 2154 sociarum
1022 2091 1181 2157 ciuitatum

138 2193 238 2238 nares
253 2193 389 2239 numero
405 2173 711 2261 undequadraginta.

186 2269 217 2324 8.
241 2257 416 2348 Calligetus
438 2274 544 2326 autem
567 2273 600 2326 et
622 2259 823 2348 Timagoras,
845 2261 1048 2329 Pharnabazi
1073 2262 1181 2351 legati,

1 2349 3 2362 '
136 2344 237 2432 hujus
258 2345 363 2412 classis
386 2347 419 2412 iu
443 2347 561 2412 Chium
586 2345 816 2434 proficiscentis
840 2349 1010 2436 participes
1036 2369 1102 2413 esse
1123 2371 1181 2415 nu-

137 2431 287 2508 luerunt;
309 2453 412 2520 neque
429 2433 580 2517 pecunias
594 2431 762 2508 dederunt,
778 2453 856 2518 quas
877 2455 983 2498 secum
998 2434 1181 2517 attulerant,

1 2564 6 2604 ,
136 2529 177 2582 ut
191 2517 297 2584 classis
310 2521 498 2619 mitteretur,
514 2519 657 2620 quinque
669 2532 702 2583 et
718 2517 830 2605 viginti
851 2518 981 2596 talenta,
997 2521 1050 2620 sed
1063 2535 1183 2604 postea

1 2654 5 2712 ²
137 2603 1042 2775 tttttttthfflttttt‘ttttttt‘ult
1058 2617 1182 2757 illl:

137 2777 262 2842 mittere
275 2776 430 2852 statuisse,
446 2797 487 2840 ue
509 2777 576 2861 ipse
589 2775 718 2862 quidem
740 2774 829 2840 aliud
851 2775 989 2840 censuit:
1013 2775 1068 2841 scd
1090 2777 1180 2856 socii,

136 2883 213 2927 cum
230 2862 420 2929 Corinthum
435 2863 664 2940 convenissent,
680 2861 860 2928 consultare
871 2875 1052 2946 coepcruut.
1099 2861 1182 2948 Ipsis

136 2959 247 3014 eutem
263 2948 364 3012 visum
378 2960 426 3012 est
444 2947 586 3048 primum
608 2949 739 3032 quidem,
755 2948 789 3011 iu
807 2947 927 3012 Chium
942 2969 1009 3012 esse
1029 2948 1182 3035 navigan·

135 3033 231 3112 dum,
243 3034 325 3100 duce
340 3032 526 3111 Chalcideo,
538 3034 593 3121 qui
608 3033 749 3120 quinque
762 3054 859 3097 neves
874 3033 907 3097 in
923 3032 1083 3098 Laconica
1097 3053 1181 3117 pree·

135 3131 324 3206 paraverat:
348 3119 464 3186 deinde
481 3141 563 3195 uero,
577 3119 611 3182 iu
627 3117 774 3197 lesbum,
790 3118 872 3184 duce
886 3118 1070 3198 Alcamene,
1107 3139 1181 3183 uem

136 3205 237 3272 etiam
253 3207 331 3296 Agis
355 3229 391 3272 eo
413 3209 533 3272 mittere
554 3215 723 3270 statuerat:
746 3217 910 3290 postremo
930 3225 1017 3281 vero,
1040 3205 1074 3267 in
1136 3203 1180 3270 cl·

134 3293 321 3378 lespoutum
336 3291 514 3377 proficisci3
538 3289 727 3374 (Clearchus
740 3301 857 3366 autem,
874 3289 1179 3374 Rhamphioeflitu,

1 3378 7 3420 '⁵
136 3378 233 3444 classi
249 3375 414 3461 prefectus
427 3377 563 3458 fueram)
588 3375 732 3441 Primum
747 3389 854 3442 autern
869 3375 1034 3440 dimidiam
1050 3375 1179 3440 nuvium

2 3496 4 3506 λ
152 3475 345 3616 efflui&
362 3461 1089 3633 lffiffnllffiffldffliss
1104 3479 1179 3610 iil.

136 3657 229 3702 mum
247 3636 353 3721 potius
365 3635 566 3700 adverterent
579 3633 699 3734 edness,
715 3655 787 3718 quae
801 3641 874 3696 tunc
894 3632 1179 3734 proficiscerentur,

3 3821 4 3830 Ν
134 3715 1180 3892 tffitffipttttt'tttlt‘atttffitttlttt

3 3905 5 3938 ³
136 3894 300 3962 niensium
320 3892 545 3969 imbecillitate,
560 3891 645 3977 quod
670 3892 812 3975 ipsorum
834 3889 921 3989 nulle
942 3909 1059 3988 magna
1072 3887 1179 3990 classis

132 3979 579 4134 's‘iffl'rldliiipliii‘l
593 3976 704 4164 *illl
719 3973 1177 4145 ilielffliisllilm*

186 4160 218 4217 9.
242 4149 403 4218 Corinthii
416 4171 502 4227 uero,
541 4169 663 4214 uarnvre
683 4149 743 4232 rpsi
759 4147 987 4212 lacedemonii
1002 4143 1179 4230 navigatio·

138 4259 217 4308 netu
238 4250 398 4326 urgerent,
414 4256 488 4301 cum
509 4171 572 4300 ilis
594 4247 701 4386 tappelp
722 4233 873 4317 nauigare
892 4229 1075 4307 noluerunt,
1090 4229 1178 4322 prius
