2964 4786
346 302 409 378 599
715 303 1017 374 rnucrnrnts

255 501 316 552 neu
349 481 504 568 porturis
548 478 770 558 Quamobrem
785 491 1031 546 consentaneum
1045 489 1103 558 est,
1117 499 1169 546 res
1191 477 1301 555 etium,
1317 495 1388 566 qne

236 563 322 676 3²¹(ss
349 569 403 634 bic
428 580 510 645 arnt,
534 589 555 630 a
579 569 666 631 nobis
690 567 851 671 constitui,
870 579 974 670 ‘pr-put
999 567 1083 631 uobis
1107 564 1270 643 conducit,
1294 564 1389 651 idque

235 661 335 806 ‘tiu
349 653 841 826 t‘ttittttltttttttt
854 652 1389 824 ttltffltttfflitttt

247 823 279 930 3·
291 823 319 872 ⁰·
348 827 503 904 sionibus,
520 847 598 913 quas
613 841 724 891 comra
745 847 804 890 nos
825 841 989 914 spargunt,
1003 845 1061 890 vos
1080 825 1121 889 ad
1142 823 1330 889 swietatem
1345 840 1390 886 se·

255 899 316 997 ulli
348 935 421 979 cum
436 915 607 978 ineundam
622 912 779 977 solicitam
792 911 912 990 volunt,
925 925 961 977 ut
975 913 1024 976 uei
1034 911 1179 997 pervim,
1191 910 1245 975 vel
1259 923 1390 994 propter

347 999 551 1064 solitudinem
573 1009 713 1075 cedrum,
729 999 756 1061 si
770 1018 827 1063 nos
843 1017 880 1062 re
899 997 1015 1063 infecta
1036 997 1215 1074 abierimus,
1231 996 1295 1080 ipsi
1312 995 1388 1060 Sici·

346 1085 399 1149 lioe
424 1085 639 1172 principatum
664 1085 840 1150 obtineant.
884 1084 1022 1150 Necesse
1045 1095 1092 1148 est
1116 1084 1388 1160 antemissas

346 1175 533 1258 contingere,
549 1173 794 1257 quemadmodum
809 1173 947 1252 dicimus,
962 1171 989 1235 ai
1004 1190 1077 1234 cum
1091 1169 1169 1254 ipsis
1184 1191 1243 1234 vos
1258 1171 1389 1255 conjun-

346 1259 440 1342 gatis.
484 1257 590 1322 *Num
615 1278 718 1344 neque
742 1279 800 1321 nos
823 1267 926 1323 tantas
948 1257 1057 1341 copias
1081 1257 1113 1319 in
1135 1274 1239 1320 unum
1261 1269 1389 1320 contra·

347 1345 433 1422 here,
450 1355 545 1430 atque
558 1345 616 1407 huc
629 1343 721 1408 facile
735 1357 952 1429 transportare
964 1343 1096 1429 posthac
1115 1343 1315 1427 poterimus3
1337 1363 1389 1405 ne·

347 1451 410 1516 que
425 1432 474 1493 isti
489 1431 686 1515 Syracusani,
702 1431 794 1494 nobis
816 1429 1007 1507 absentibus,
1024 1441 1117 1494 erunt
1138 1429 1261 1492 infirmi
1280 1441 1390 1493 contra

347 1517 436 1580 vos.’'

391 1611 444 1667 86.
469 1609 490 1643 “
506 1601 569 1666 cui
583 1613 689 1666 autem
711 1602 782 1666 haec
798 1623 861 1664 non
877 1599 1025 1665 videntur
1039 1603 1088 1666 ita
1101 1623 1134 1666 aa
1150 1601 1276 1678 habere,
1293 1612 1330 1665 ut
1344 1603 1390 1665 di-

345 1689 445 1765 cimas,
461 1689 548 1752 iilum
570 1689 638 1773 ipsa
659 1706 708 1752 rea
730 1687 844 1774 arguit.
892 1687 986 1751 Prius
1011 1688 1096 1752 enirn
1122 1707 1181 1751 nos
1206 1687 1389 1764 arcessistis,

345 1773 469 1840 nullum
493 1773 589 1838 alium
613 1783 733 1840 metum
759 1775 846 1838 nobis
865 1773 1066 1854 incutientes,
1081 1773 1140 1838 nisi
1163 1775 1265 1860 quod,
1283 1775 1312 1838 si
1336 1797 1391 1860 per

345 1875 486 1924 nostram
513 1860 738 1945 negligentiam
760 1879 816 1922 vos
840 1858 874 1921 in
899 1861 1171 1945 Syracusanorum
1197 1873 1390 1945 potestatem

345 1947 453 2009 venire
468 1947 650 2022 sineremus,
667 1965 725 2008 nos
740 1965 867 2031 quoque
880 1947 1023 2031 pericula
1037 1947 1226 2012 subiremus.
1265 1947 1390 2022 Quam·

280 2091 284 2096 .
345 2031 454 2096 obrem
470 2053 535 2095 non
552 2046 598 2095 est
612 2052 750 2118 oequum,
766 2053 821 2094 voe
843 2052 930 2095 nunc
949 2031 1052 2096 eidem
1077 2033 1194 2097 rationi
1217 2031 1318 2098 fidem
1335 2031 1390 2098 ba·

346 2115 419 2181 bere
434 2117 528 2194 nolle,
546 2139 639 2201 quam
663 2131 768 2182 tamen
790 2115 883 2181 nobis
905 2117 1000 2182 ettam
1022 2118 1167 2183 oratione
1188 2129 1295 2184 vestm
1316 2141 1389 2205 per-

345 2202 477 2268 suadere
505 2201 665 2266 volebatis.
710 2205 834 2278 Neue,
858 2203 891 2266 in
917 2204 1130 2289 suspicionem
1156 2204 1279 2282 venne,
1302 2206 1389 2292 quod

345 2309 417 2350 cum
435 2287 607 2372 majoribus
622 2289 720 2373 copiis
742 2225 893 2353 adversus
915 2290 1047 2354 istorum
1070 2291 1248 2376 potentiam
1263 2293 1325 2356 hue
1339 2315 1391 2356 re-

343 2375 496 2451 nerimus,
512 2371 578 2437 imo
599 2375 704 2459 potius
725 2395 842 2459 cuquam
860 2385 917 2457 est,
931 2397 984 2441 nos
997 2377 1201 2462 &ammon
1222 2378 1293 2443 istis
1315 2379 1391 2443 nnl-

343 2457 407 2523 lam
429 2459 548 2524 habere
570 2459 674 2524 iidem.
721 2460 789 2525 Nos
811 2460 896 2526 enim
920 2479 962 2526 nc
984 2463 1155 2550 consistere
1203 2463 1314 2528 uidem
1341 2467 1393 2530 iic

343 2565 519 2632 possumus,
535 2545 595 2610 nisi
618 2545 805 2611 vobiscum.'
838 2547 937 2623 Quod
960 2548 987 2610 si
1008 2548 1115 2626 etiam,
1131 2569 1172 2634 pe
1214 2549 1250 2614 di
1272 2553 1392 2632 effecti,

342 2650 393 2694 res
419 2631 496 2696 istas
518 2632 744 2720 subigamus,
763 2655 816 2699 eas
839 2643 941 2697 tamen
965 2634 1103 2699 retinere
1129 2655 1195 2698 nou
1222 2657 1391 2721 possemus

341 2733 473 2801 propter
495 2719 704 2806 navigationis
724 2719 969 2806 longitudinem,
985 2735 1016 2784 et
1035 2719 1258 2786 difficultatem
1283 2737 1392 2789 custn-
1467 2727 1468 2734 '

342 2801 450 2864 diendi
477 2804 570 2867 urbes
593 2827 732 2894 magnas,
748 2813 799 2869 ‘et
819 2827 891 2891 quae
917 2805 1156 2872 mediterraneis
1178 2809 1284 2893 copiis
1307 2811 1393 2875 indi·

383 2899 418 2948 nt
439 2897 469 2952 et
490 2892 640 2953 nituntur.
687 2893 731 2954 At
756 2891 806 2954 isti
829 2913 894 2954 non
916 2893 1037 2968 caenis,
1056 2891 1112 2956 sed
1135 2893 1169 2956 in
1192 2895 1279 2958 urbe
1301 2897 1392 2961 robis

341 2904 486 3049 idiotas,
509 2974 696 3052 habitantes,
721 2977 809 3040 cu'us
835 2975 972 3061 populus
994 2989 1041 3042 est
1066 2977 1170 3063 major
1195 2980 1248 3044 bis
1272 2985 1392 3048 nostris

340 3059 451 3142 copiis,
475 3081 548 3146 quae
562 3062 633 3143 jam
655 3064 706 3125 luia
727 2997 852 3139 adsunt,
871 3061 995 3127 assidue
1016 3064 1101 3128 nodis
1125 3064 1341 3150 insidiantur,
1361 3082 1393 3134 et

340 3144 512 3230 quamlibet
532 3148 727 3210 occasionem
750 3149 845 3224 nocti,
861 3171 927 3212 eant
941 3169 1007 3212 non
1021 3151 1181 3216 omittant.
1231 3153 1288 3233 ld,
1303 3156 1393 3240 quod

339 3250 410 3293 cum
427 3253 502 3316 erga
518 3232 604 3308 alios,
619 3245 684 3295 tum
700 3233 794 3296 etiam
810 3255 886 3322 erga
899 3234 1075 3299 Leontinos
1084 3237 1151 3321 jam
1168 3235 1392 3307 declararunt.

341 3313 504 3380 Etiamne
527 3339 611 3382 nrrnc
633 3318 751 3382 audent
774 3321 921 3383 adversus
937 3341 1001 3399 eos,
1017 3322 1072 3407 qui
1096 3322 1169 3387 haec
1191 3325 1393 3410 impediunt,

339 3401 438 3486 etqui
455 3401 494 3464 ad
511 3401 596 3466 hunc
616 3425 713 3490 usque
733 3405 816 3469 diem
836 3407 975 3470 Siciliam
999 3408 1171 3486 sustinent,
1188 3431 1234 3474 ne
1252 3415 1289 3477 in
1307 3416 1394 3502 ἱμο-

338 3505 407 3548 rum
431 3500 616 3568 potestatem
640 3491 812 3576 redigatur,
829 3509 884 3556 voe
900 3507 935 3555 nt
953 3507 1003 3557 stu
1031 3493 1100 3557 idos
1115 3517 1154 3558 uc
1175 3512 1323 3567 amentes
1338 3503 1394 3569 ad·

338 3570 472 3648 hortari,
495 3583 525 3635 et
546 3575 588 3636 ad
607 3577 778 3639 societatem
800 3579 964 3642 solicitam.
1005 3515 1080 3644 llos
1103 3601 1181 3646 vero
1209 3599 1333 3653 contra
1356 3589 1395 3654 ad

338 3654 469 3719 salutem
493 3657 587 3744 longe
608 3661 772 3724 certiorem
795 3683 846 3726 uos
860 3661 1079 3743 adhortamur,
1096 3681 1269 3750 t(treantes,
1286 3697 1330 3739 ne
1344 3695 1395 3742 sn·

892 3753 904 3778 .

338 3897 343 3908 Ι
369 3833 382 3862 '¹
399 3831 464 3881 Nam
476 3849 554 3898 neque
565 3841 633 3886 nobis
643 3841 747 3887 incultas
758 3841 803 3888 etit
814 3846 920 3904 amplius
931 3849 1032 3906 parandi
1044 3855 1142 3898 tantum
1156 3853 1304 3914 copiarum,
1314 3873 1398 3921 neque

336 3897 377 3942 rati
392 3903 437 3974 aaa
458 3899 531 3946 Vatia.
563 3903 615 3949 Nec
629 3906 695 3952 enlm
712 3912 788 3954 unta
801 3909 835 3984 'in
850 3923 929 3958 unum
945 3913 1041 3962 munta
1060 3915 1132 3962 vires·
1144 3917 1222 3966 facite
1232 3934 1249 3968 a
1265 3925 1344 3972 nob'u
1354 3938 1398 3974 u·

334 3970 716 4099 ”assumeremus
733 3970 855 4082 tm·
877 3975 963 4086 ttt·
1091 4051 1231 4109 ..,.,..-
1249 4050 1396 4118 aas.

337 4089 514 4166 rudentur'esse
531 4095 601 4140 urbes
613 4093 703 4172 intuiti
715 4097 754 4144 sul
764 4099 824 4160 «1ζᾷ
832 4100 951 4164 legium
962 4103 1098 4170 mekerias
1109 4097 1265 4176 ῑνμμχῗις.
1277 4133 1339 4178 que
1357 4121 1396 4166 in·

336 4157 386 4194 star
395 4152 615 4204 medatemunearum
626 4173 700 4218 coprus
711 4175 736 4208 et
747 4165 833 4211 bellum
844 4175 963 4228 apparatu
974 4171 1103 4220 instructae
1115 4183 1184 4222 sunt
1217 4179 1302 4231 inu.

368 4213 506 4292 morantes,
517 4233 548 4268 ne
563 4233 625 4278 eum,
637 4237 689 4283 qua
705 4227 813 4288 utrisque
817 4225 872 4292 jam
890 4233 996 4281 invicem
1013 4247 1067 4283 ease
1080 4244 1173 4300 potest,
1184 4243 1395 4296 meermann-

335 4277 461 4337 negirgatrs
472 4288 517 4328 etc.
534 4283 643 4334 Aeacius.
674 4289 753 4339 insat.
