2994 4788
418 281 670 366 merorum
693 293 782 366 Lm.
807 297 872 366 111.
1103 302 1165 370 nt

123 472 246 560 egistis.
279 459 841 560 Sedhocnequaquemestoequum.
887 471 952 538 Sed
1005 471 1166 538 emedtne·

120 559 199 624 dum
218 559 431 624 Athenienses
446 558 593 646 elegistis,
609 561 655 640 sic
668 560 764 624 etiam
780 569 860 622 ¹une
875 559 970 622 cumi
986 559 1023 624 lis
1038 572 1164 625 certate.

119 667 226 732 neque
241 646 398 726 societatis
413 659 490 711 tunc
504 643 598 709 lactae
610 645 665 730 jus
680 643 828 731 proferte,
847 659 883 708 ut
896 646 1007 730 capitis
1022 647 1165 729 periculo
1175 680 1279 742 olymp.

121 753 178 796 vos
199 731 263 797 hoc
279 732 410 797 nomine
430 753 518 814 nunc
538 730 718 796 liberandos
740 753 807 795 esse
829 731 1062 796 demonstretis.
1094 753 1163 797 eam

121 818 208 882 euim
225 817 416 896 deseruistis,
433 819 564 904 ejusque
578 817 653 903 jure
667 819 795 896 violato,
812 839 889 900 curn
900 817 1078 906 AEginetss,
1095 831 1163 882 turn

120 905 219 969 etism
233 905 406 969 nonnullos
420 905 499 972 alios
514 925 554 968 ex
575 903 644 980 illis,
660 904 847 990 quibuscum
864 903 967 987 loedus
981 927 1019 969 ec
1034 905 1165 969 societs'-

121 1002 186 1056 tem
203 990 392 1076 interposito
408 990 619 1078 jurejurando
633 989 787 1067 feceratis,
810 1011 876 1055 una
898 1013 970 1055 cum
989 991 1165 1057 Athenien·

122 1077 221 1154 sibus,
237 1080 352 1162 quibus
366 1089 501 1142 vestram
518 1099 647 1162 operam
659 1079 804 1151 narsetis,
816 1078 848 1139 in
865 1077 1046 1140 servitutem
1059 1079 1165 1163 potius

121 1163 299 1250 redegistis,
315 1185 409 1250 quam
426 1163 642 1248 impedivistis,
658 1185 697 1226 ne
712 1167 746 1227 iu
760 1167 932 1246 seruitutem
948 1166 987 1226 ab
1003 1166 1067 1228 iilis
1081 1169 1165 1232 redi-

116 1261 285 1336 gerentur.-
315 1251 346 1314 id
371 1273 411 1315 ue
433 1271 498 1313 non
522 1247 620 1325 inriti,
637 1249 756 1336 quippe
770 1251 825 1335 qui
845 1249 930 1337 leges
944 1249 1046 1313 selvas
1069 1251 1166 1334 hahe-

121 1337 209 1413 retis,
226 1357 307 1422 quas
323 1273 429 1402 adhuc
445 1337 572 1413 habetis,
586 1354 691 1420 neque
707 1337 812 1421 (sicuti
827 1339 901 1416 nos)
915 1335 956 1400 eb
974 1336 1038 1401 ullo
1052 1339 1165 1402 coacti.

1196 452 1257 533 ceti.

1185 549 1268 612 Peiop.

1183 629 1229 664 nn.
1240 615 1265 661 ὅ.

1192 743 1233 793 tte.
1244 747 1267 793 ἳ-

1186 807 1225 856 p.
1236 807 1263 856 C.

1191 875 1260 920 Vsrr.

1201 939 1256 988 Sti.

121 1421 328 1488 novissimam
345 1425 439 1487 etiem
462 1421 728 1497 adhortationem,
746 1443 809 1508 qua
827 1428 1008 1508 (antequam
1029 1424 1165 1507 circum-
1274 1423 1278 1428 ’

120 1508 335 1590 veneremini)
354 1509 395 1574 ad
416 1529 526 1595 pacem
550 1507 781 1590 imitabimini,
798 1521 849 1592 et,
871 1523 908 1572 ut
928 1510 1049 1574 neutris
1070 1531 1164 1593 opem

121 1597 258 1674 ferretis,
280 1594 547 1672 admouebamini,
565 1593 734 1658 admittere
755 1593 909 1659 noluistis.
956 1594 1047 1672 Quos
1069 1592 1167 1684 igitur

122 1703 236 1747 omnes
259 1682 366 1747 Graeci
389 1682 471 1746 odiis
493 1690 726 1766 prosequentur
742 1680 872 1765 justius,
890 1703 984 1768 quem
1006 1705 1070 1760 vos,
1093 1685 1166 1769 *qui

121 1767 259 1833 honesto
283 1768 422 1854 quodam
445 1767 614 1852 probitatis
635 1788 673 1830 ac
693 1765 889 1850 fortitudinia
914 1780 1073 1852 praetextu
1095 1768 1168 1834 ilios

124 1853 268 1919 funditus
282 1867 421 1920 evertere
432 1851 617 1918 studuistis?
639 1852 683 1916 Et
694 1852 848 1936 praeclara
862 1853 916 1916 illa
926 1853 1078 1934 facinora,
1094 1876 1167 1940 quse

123 1939 289 2026 quondam
305 1963 325 2004 a
340 1941 428 2005 vobis
442 1939 566 2003 sortiter
579 1937 664 2002 edita
678 1937 870 2025 gloriamini,
887 1939 928 2002 ad
944 1961 999 2002 vos
1013 1961 1077 2002 non
1095 1963 1168 2025 per-

123 2027 237 2104 tinere,
253 2047 341 2092 nunc
354 2025 603 2090 demonstrastis.
619 2047 657 2088 ec
671 2045 756 2100 vero,
768 2045 841 2109 qum
852 2040 991 2090 vestrum
1002 2026 1166 2112 ingenium

123 2105 444 2198 semper'expetehat,
460 2113 527 2198 jam
544 2110 740 2196 apertissime
753 2109 909 2198 patefacta
924 2111 1167 2198 redarguuntur.

124 2199 339 2263 Athenienses
368 2201 450 2263 enim
482 2199 628 2283 iniquum
656 2197 717 2261 iter
746 2201 902 2284 ingressos
932 2195 1055 2283 sequuti
1084 2201 1168 2266 estis.

124 2283 227 2362 Quod
248 2285 348 2372 igitur
368 2285 482 2350 attinet
496 2284 535 2348 ad
560 2283 722 2368 bnostruin
748 2283 880 2347 invitum
906 2283 1114 2368 Medismum‚
1137 2300 1169 2352 et

123 2383 267 2436 restrum
282 2371 497 2436 voluntarium
514 2370 731 2447 Atticismum,
745 2369 807 2434 hoc
822 2369 919 2434 modo
935 2369 1022 2435 vobis
1037 2393 1168 2456 respon-

124 2457 253 2526 demus.

169 2553 225 2613 65.
250 2555 273 2588 ‘⁸
288 2547 388 2624 Quod
403 2569 479 2612 vero
501 2557 622 2633 spectet
643 2545 684 2611 ad
706 2545 865 2632 injuriam,
885 2569 981 2631 quam
997 2547 1086 2611 vobis
1110 2569 1167 2612 no—

123 2631 253 2698 vissime
264 2632 379 2698 factam
394 2633 499 2698 dicitis
512 2640 583 2718 (nos
598 2633 852 2712 enimetentibus
862 2632 966 2697 adhuc
980 2629 1167 2711 foederibus,

125 2730 159 2782 et
178 2719 285 2804 primo
310 2722 425 2788 mensis
449 2719 511 2797 die,
534 2741 599 2806 quo
621 2719 763 2782 solennia
786 2739 875 2783 sacra
898 2719 1114 2800 celebrsbstis,
1134 2722 1168 2784 in

124 2817 264 2870 vestram
282 2807 393 2876 urbem
409 2806 528 2871 nefarie
541 2805 663 2869 venisse
671 2805 794 2885 dicitis)
810 2827 851 2869 ne
864 2804 926 2869 hac
941 2805 1069 2892 quidem
1085 2808 1117 2870 in
1134 2829 1169 2870 re

126 2913 187 2956 nos
214 2893 341 2978 gravius
364 2913 510 2978 peccasse
530 2891 688 2970 ducimus,
711 2911 808 2976 quern
833 2913 900 2956 vos.
947 2892 982 2957 Si
1002 2893 1086 2956 enim
1110 2912 1169 2957 nos

125 2976 201 3062 ipsi,
225 2978 266 3042 ad
288 2993 423 3062 vestram
445 2978 558 3044 urbem
579 2975 725 3063 profecti,
752 2999 807 3041 vos
831 2999 1113 3063 oppugnassemus,
1137 2993 1170 3044 et

126 3085 244 3149 ugrum
265 3064 372 3130 hostili
393 3087 483 3129 more
503 3076 721 3138 resumemus,
745 3063 892 3148 injuriam
915 3063 1058 3148 profecto
1080 3066 1169 3129 vohis

126 3149 325 3216 fecissemus:
350 3151 405 3216 scd
420 3152 446 3215 si
462 3163 573 3216 vestrae
590 3149 725 3214 civitatis
739 3171 812 3213 cum
835 3150 949 3233 opibus
963 3162 1030 3213 tum
1053 3173 1169 3238 genere

126 3237 188 3299 viri
205 3238 358 3320 primarii,
374 3239 500 3324 quivos
521 3250 553 3302 et
575 3236 615 3300 ab
637 3247 770 3300 externa
791 3237 939 3299 societate
961 3249 1113 3313 avertere,
1137 3253 1169 3301 et

127 3323 169 3386 ad
184 3325 291 3408 patrie
311 3325 456 3388 omnium
471 3325 659 3388 Boeotorum
678 3319 754 3406 jura
768 3321 919 3385 reducere
934 3321 1091 3400 volebant,
1111 3345 1170 3388 sua

126 3403 245 3494 sponte
260 3433 318 3474 nos
340 3412 583 3487 accersiverunt,
599 3407 676 3494 quid
693 3406 819 3472 tandem
843 3408 968 3493 injuriae
990 3409 1079 3473 vohis
1094 3409 1169 3476 faci-

129 3494 229 3560 mus?
260 3496 325 3574 Qui
348 3497 433 3562 enim
449 3495 580 3574 ducunt,
604 3495 711 3580 potius
732 3507 875 3579 peccant,
892 3515 987 3580 quem
1009 3497 1063 3582 qui
1087 3499 1171 3579 ipsos

127 3597 316 3668 sequuntur.
363 3582 429 3648 Sed
449 3581 569 3648 necilli
585 3585 635 3662 (ut
655 3593 764 3644 nostra
778 3579 838 3645 fert
860 3581 981 3664 opinio)
999 3586 1063 3648 ullo
1084 3588 1171 3648 modo

150 3679 307 3748 crearunt,
334 3691 393 3734 nec
419 3691 486 3733 nos.
532 3668 615 3734 Cum
639 3666 723 3732 enirn
750 3666 834 3732 cives
856 3683 969 3744 essent,
993 3681 1115 3747 utros,
1138 3679 1171 3734 et

118 3689 227 3842 iunge
242 3756 377 3842 majores
394 3777 471 3840 opes
493 3753 643 3840 periculis
662 3751 847 3837 objicerent,
864 3775 930 3818 suoe
953 3755 1041 3821 urbis
1062 3770 1171 3842 portas

127 3853 335 3928 aperuerunt,
356 3854 388 3906 et
408 3843 442 3906 iu
465 3860 553 3906 suem
575 3839 687 3904 urbem
711 3861 769 3904 uos
794 3840 906 3917 amice,
927 3862 993 3905 nou
1016 3841 1171 3908 hostiliter

160 4033 176 4064 ¹
186 4029 219 4077 Id
228 4034 270 4083 eri.
283 4029 342 4078 iilos
352 4030 492 4077 certaminis
509 4031 586 4097 socios
596 4035 621 4076 ct
632 4027 755 4096 mijutores
772 4031 870 4090 habete,
881 4045 1015 4091 eorumque
1034 4041 1105 4088 opem
1124 4031 1172 4076 im·

126 4095 232 4154 pionte,
245 4102 273 4141 ut
284 4107 391 4155 presens
402 4095 563 4142 infortunium
575 4109 590 4140 a
601 4099 670 4145 vobis
680 4103 798 4145 avertem.
833 4096 918 4146 liuue-

161 4163 174 4192 2
185 4159 235 4214 Qui
246 4160 272 4206 iu
283 4160 382 4206 illorum
393 4158 527 4219 perniciem
539 4162 631 4207 strenui
642 4161 784 4208 instituistis
795 4174 847 4206 esse
857 4161 868 4208 i
885 4159 965 4221 Steph.
1000 4159 1085 4206 Inuus.

163 4223 176 4261 t
186 4223 291 4280 Scilicet,
302 4227 333 4271 ad
345 4237 398 4278 nce,
410 4225 453 4284 qui
464 4229 553 4284 preter
564 4225 716 4273 voluntatem
728 4239 785 4272 cum
798 4225 877 4274 Medis
888 4225 1026 4277 sensimuse
1044 4231 1068 4269 et
1077 4225 1107 4270 sd
1119 4237 1172 4277 vos,

126 4291 174 4350 qui
184 4295 271 4352 sponte
280 4303 338 4336 curn
350 4287 540 4336 Atheniensibus
550 4289 659 4337 stetistis.
670 4297 716 4337 etc.
734 4291 815 4336 ioum.

641 4373 664 4416 N
