3004 4768
462 265 713 336 HISTORIAE
735 267 826 336 LIB.
847 264 928 333 vll.
1152 272 1217 332 439

177 437 268 502 seder
291 437 325 502 in
351 439 427 504 locis
448 441 681 506 mediterraneis
703 439 867 516 inhient,
894 441 965 506 illes
986 437 1081 505 inniti
1107 457 1217 520 seque·
1251 451 1313 498 neit

180 523 311 588 bentur.
364 525 410 590 At
440 525 490 590 Co
593 527 604 590 i
626 546 691 590 non
712 526 815 592 solum
838 526 1022 600 Dorienses,
1044 522 1099 588 sed
1121 521 1217 586 etiem
1238 515 1322 579 ¹³⁶¹⁰e

180 607 356 687 Corinthii,
361 609 476 760 ¹polemi
500 634 517 675 e
542 633 648 678 versus
671 612 858 678 Corinthios
879 623 977 697 etque
993 609 1218 695 Syracusanos,
1233 579 1332 706 5ῗῇᾆί

178 695 329 780 quemvis
350 696 360 759 i
385 717 479 762 orum
501 697 631 784 quidem
653 711 757 762 essem
778 697 894 773 coloni,
909 696 1024 764 horum
1047 715 1123 760 vero
1145 716 1220 782 cog·
1246 708 1324 757 sm

179 781 262 882 neti,
277 793 288 828 ¹
302 793 410 846 temen
425 784 611 848 necessitate
631 782 772 870 quidem,
788 782 894 868 quoed
917 781 1088 866 speciosam
1104 780 1220 846 hones·
1245 773 1319 886 εἰπε·

178 877 256 930 tetis
276 887 414 944 cenum,
438 889 528 952 mant
545 869 789 952 preterdebent,
805 871 887 952 qnod
906 869 1131 946 Leontinosin
1151 885 1222 931 neas
1254 867 1320 952 341:

177 954 266 1017 sedes
288 955 449 1018 restituere
477 956 677 1031 velient-sne
701 975 778 1020 vero
799 966 922 1038 sponte,
945 965 1076 1038 propter
1096 952 1220 1030 odium

179 1059 249 1122 qno
278 1037 463 1104 Corinthios
487 1039 771 1126 prosequebantur,
794 1039 995 1104 Athenienses
1019 1058 1084 1102 non
1114 1039 1221 1102 minus

177 1123 403 1210 sequebantur,
424 1147 515 1209 piem
535 1127 606 1190 aiii.
651 1125 806 1192 Messenii
850 1145 965 1209 noque,
988 1122 1043 1210 qui
1066 1143 1154 1186 nunc
1174 1122 1222 1186 sic

177 1209 394 1293 appellantur,
409 1225 441 1275 et
487 1210 519 1274 ui
541 1210 747 1296 Naupactum
770 1147 923 1287 inodiunt,
938 1224 971 1274 et
991 1210 1053 1272 elii
1073 1231 1113 1274 ex
1130 1205 1220 1292 Pylo,

178 1315 258 1380 quse
278 1307 356 1362 tunc
376 1295 417 1360 eb
433 1297 461 1360 A
501 1296 680 1362 enieneibus
701 1296 879 1374 tenebitur,
894 1295 935 1362 ed
957 1294 1020 1360 hoc
1038 1293 1158 1359 bellum
1172 1315 1221 1358 ee-

177 1382 277 1445 sumti
306 1379 445 1446 fuerunt.
490 1381 573 1446 Item
604 1380 846 1470 Megarensium
872 1380 995 1448 exsules
1024 1401 1089 1444 non
1116 1379 1220 1458 multi,

178 1487 256 1532 cnm
273 1466 469 1548 Selinuntiis,
484 1467 539 1554 qui
555 1466 613 1533 Me
672 1491 761 1534 enses
783 1479 883 1544 erem,
898 1479 1030 1554 propter
1050 1468 1156 1531 exsilii
1168 1487 1222 1531 ee·

176 1552 358 1619 lemitetem
373 1565 566 1641 pugnarunt.
624 1577 675 1620 em
691 1575 767 1622 veto
781 1555 888 1620 ceteri
903 1576 962 1620 sue
975 1565 1090 1638 sponte
1103 1545 1220 1637 potius,

178 1661 273 1723 quarn
295 1641 472 1704 necessitate
492 1641 601 1718 coacti,
624 1639 708 1706 henc
728 1639 966 1726 expeditionem
988 1652 1063 1704 sunt
1085 1637 1222 1724 sequuti.

179 1724 296 1812 Argivi
312 1724 440 1812 quidem
462 1746 526 1790 non
548 1726 651 1812 megis
672 1723 830 1794 societatis
851 1728 963 1813 gretie,
979 1746 1074 1812 quem
1089 1735 1223 1809 propter

178 1831 275 1876 suum
289 1811 324 1876 in
335 1809 596 1876 lacedemonios
610 1811 730 1889 odium,
740 1824 772 1878 et
785 1811 902 1899 singuli
917 1823 1047 1897 propter
1061 1811 1221 1894 privatum

178 1917 221 1962 ec
235 1917 376 1982 presens
398 1899 432 1962 in
453 1899 574 1981 aiiqttos
595 1900 709 1978 edium,
724 1898 897 1964 Dorienses
918 1897 1068 1962 adversus
1082 1896 1222 1960 Dorien-

177 2003 242 2059 ses,
257 1983 381 2070 sequuti
403 1996 478 2048 sent
499 1982 722 2062 Athenienses,
738 1983 794 2071 qui
815 1995 889 2053 sunt
912 1983 1017 2048 lones.
1062 1979 1222 2046 Mantinei

175 2068 278 2133 etiem
308 2080 340 2134 et
363 2068 469 2134 ceteri
496 2067 641 2134 Arcades
663 2071 809 2136 mercede
831 2067 993 2145 conducti,
1018 2067 1073 2153 qui
1098 2087 1222 2152 semper

176 2155 266 2220 aiios
278 2153 440 2230 hostibus,
463 2154 644 2240 quicunque
665 2156 742 2240 ipsis
762 2155 918 2242 propositi
936 2155 1079 2231 finissent,
1102 2150 1221 2232 beilum

178 2237 301 2305 inferre
322 2253 560 2321 consueverant,
581 2251 659 2306 tunc
685 2241 758 2308 iilos
779 2242 873 2307 etiem
895 2239 1046 2318 Arcades,
1069 2237 1125 2324 qui
1147 2257 1220 2302 cum

178 2323 416 2390 Corinthium
437 2327 577 2392 Siciliam
597 2326 735 2407 iterent,
760 2326 861 2394 nihilo
892 2327 1006 2403 minus,
1030 2346 1120 2410 prem
1141 2323 1222 2388 aiios

177 2411 341 2497 quoslibet,
357 2411 439 2476 lucri
460 2411 563 2498 gretie
577 2411 716 2478 hostium
731 2412 803 2478 loco
817 2409 1023 2476 hebuerunt'
1041 2410 1222 2474 mesenes

177 2499 278 2562 etiem
294 2519 332 2562 ec
348 2495 463 2576 AEtoli,
477 2497 623 2562 mercede
637 2509 669 2563 et
682 2499 743 2584 ipsi
757 2497 898 2573 edducti,
911 2519 977 2560 cnm
988 2494 1223 2560 Atheniensibus

176 2585 225 2646 od
238 2583 294 2646 Ace
307 2583 415 2646 belhem
432 2592 502 2648 erent
516 2604 580 2665 pro
594 2585 663 2648 ecti.
708 2582 836 2648 Accidit
856 2594 973 2660 eutem,
991 2593 1027 2654 ut
1043 2580 1221 2659 Cnetenses,

176 2668 237 2754 qui
260 2689 334 2732 cem
358 2667 492 2733 Rhodiis
514 2669 565 2734 Ge
576 2689 627 2734 em
650 2668 869 2746 condiderent,
892 2689 956 2732 non
978 2688 999 2731 e
1018 2667 1081 2731 niis
1102 2661 1224 2728 colonis

176 2765 318 2830 stereon
341 2752 397 2818 sed
407 2763 596 2820 contremet
605 2753 746 2831 colonos,
761 2752 857 2833 ultro,
870 2753 1015 2818 mercede
1024 2749 1129 2816 ellecti
1141 2747 1223 2830 mili·

177 2851 298 2905 tsrent.
342 2839 551 2904 Acumenom
578 2860 705 2926 quoque
729 2837 887 2915 nonnulii,
912 2859 985 2904 cum
1010 2837 1092 2901 lucri
1116 2856 1222 2911 cause,

177 2938 252 2990 tum
266 2945 340 2990 vero
356 2923 456 2990 multo
470 2923 570 3011 megin
583 2938 717 3009 propter
729 2945 870 2990 emerem
886 2946 951 3009 quo
961 2921 1221 3000 Demosthenem,

178 3023 217 3076 et
237 3021 368 3095 propter
390 3008 732 3096 benevolentiamque
751 3007 957 3073 Athenienses
977 3013 1127 3094 (quorum
1143 3005 1222 3070 socii

176 3097 287 3177 erent)
307 3094 588 3196 pnosequebentiu,
604 3096 669 3159 iliis
686 3093 841 3158 euxilium
862 3093 1012 3158 tulerunt.
1059 3096 1166 3240 Aipue
1186 3088 1221 3153 hi

176 3180 311 3268 quidem
333 3193 417 3246 intre
436 3181 524 3245 sinus
549 3179 632 3244 Ionii
657 3177 738 3244 fines
764 3177 959 3245 hebitebent.
1003 3177 1075 3242 *Ex
1121 3175 1222 3240 telicie

175 3287 259 3331 vero
278 3264 417 3352 populis,
438 3265 495 3352 qui
517 3263 700 3349 hujusmodi
725 3276 904 3364 temporum
927 3263 1082 3350 angustiis
1106 3274 1138 3326 ct
1158 3261 1223 3360 rei-

205 3351 321 3416 ublicee
346 3351 500 3416 seditione
528 3362 606 3414 tunc
635 3349 803 3434 intercepti
831 3348 966 3424 fuerent,
993 3358 1025 3412 et
1051 3346 1167 3446 Tthh
1191 3358 1223 3446 et

177 3373 412 3521 itenponsini,
428 3435 560 3500 condem
577 3435 723 3500 militiam
738 3448 813 3500 sunt
828 3433 971 3520 sequuti:
993 3455 1035 3496 ex
1051 3431 1222 3498 Siciliensi-

178 3525 244 3588 bus
263 3543 351 3600 vero,
373 3521 471 3586 Nexii
494 3534 526 3586 et
550 3520 705 3586 Cetenaei.
750 3521 804 3586 Ex
827 3521 970 3585 berberis
996 3516 1146 3604 Egestoei,
1168 3517 1223 3603 qui

214 3719 228 3758 r
244 3711 338 3761 Temen
358 3715 440 3761 hostes
449 3719 529 3771 ment,
541 3719 596 3759 tum
613 3713 687 3760 offleii
705 3715 785 3773 grene
798 3725 857 3774 erge
870 3712 1040 3769 Athenienses,
1052 3711 1141 3772 quine
1157 3723 1225 3771 pere-

178 3783 254 3836 bnnt,
274 3785 328 3826 tum
344 3780 460 3838 libenter,
479 3783 577 3838 propter
595 3778 680 3824 odium
701 3778 891 3825 Corinthiorum.
924 3776 996 3824 Veiis.
1029 3775 1124 3824 Temen
1140 3788 1226 3835 seque·

180 3847 282 3897 bantur,
293 3843 371 3890 coccii
381 3843 490 3902 quidem,
502 3849 530 3887 nt
546 3854 598 3902 pree
613 3855 640 3887 se
652 3842 778 3900 fmebent3
796 3843 838 3889 sed
852 3855 902 3887 non
913 3841 996 3887 minus
1006 3853 1050 3887 sue
1061 3847 1156 3902 sponte,
1168 3837 1226 3898 quie

179 3907 324 3955 Corinthios
333 3906 389 3952 odio
399 3907 616 3965 prosequebentnr.
647 3903 734 3966 seps*
945 3923 947 3933 ·
1073 3931 1076 3936 -

215 3975 231 4004 ²
247 3970 286 4018 lie
298 3969 390 4016 Itelicis
408 3983 465 4016 vero
483 3968 570 4017 inurit
588 3976 614 4016 et
635 3968 807 4029 Metapontini,
819 3981 896 4027 mum
916 3970 947 4016 ed
967 3970 1040 4022 tueri
1057 3968 1226 4022 mediatem

179 4035 282 4083 meet·
293 4035 380 4080 seditio
391 4041 464 4092 esset,
476 4046 526 4081 une
541 4033 716 4079 miiitererunt.
749 4032 859 4092 inteilige
873 4033 1036 4088 neeeuitmm,
1047 4035 1073 4076 et
1091 4037 1227 4088 repnentur

181 4097 215 4146 ed
221 4101 303 4158 price
321 4098 421 4144 trenrire
436 4101 460 4143 et
469 4097 589 4144 mentre
607 4110 632 4143 ee
650 4097 792 4158 adiungerer
809 4094 870 4150 Aet,
882 4099 945 4148 (mers
956 4091 1102 4153 demittente)
1117 4094 1150 4140 Ut
1164 4107 1228 4154 coge-

180 4167 268 4209 rentur
277 4160 308 4206 ed
318 4161 427 4208 maceda
437 4161 550 4224 stipiendia
557 4161 682 4222 proficisci.
711 4158 744 4207 Id
753 4161 814 4206 eninr
826 4159 916 4208 videtur
930 4159 1064 4222 tignipieere
1070 4172 1114 4218 per
1123 4158 1227 4219 ιἠίγιις

180 4223 345 4290 Menogenis·
357 4224 436 4288 Siepi.
695 4283 712 4348 f
