2994 4788
407 300 655 382 HtsTotttAE
680 301 782 384 Ltus,
796 301 860 371 111.
1103 306 1164 372 1⁹3

117 471 162 538 sd
179 471 337 540 Cenmnm
363 473 499 544 Euboe
519 479 761 560 promontorium
786 474 891 542 breuis
905 485 986 540 esset
1006 485 1035 538 tr
1055 471 1165 562 'ectus
1197 481 1258 539 Bell

117 572 231 642 postea
252 583 328 628 uero
350 577 466 647 praeter
488 564 671 650 opinionem
687 585 738 628 res
758 563 833 648 ipsis
853 561 955 626 cessit.
978 494 1064 660 nihil
1079 557 1163 627 enim
1186 546 1268 658 ξξοξ

117 641 197 710 mali
208 647 286 714 inde
299 648 538 718 Atheniensibus
551 650 665 714 evenit.
711 649 811 736 Cujus
830 651 875 714 rei
885 647 955 714 baec
970 645 1163 712 lmtcausa:
1178 677 1276 736 orm„

115 733 197 816 quia
211 733 372 812 Thessali,
386 737 442 822 qui
463 757 571 801 rerum
594 735 720 802 illatum
744 734 960 819 potiebantur,
976 747 1008 798 et
1027 753 1163 820 quorum
1187 739 1275 788 Sta·

117 817 154 884 iu
175 841 257 903 agro
278 821 489 900 condebatur,
511 823 611 896 veriti,
626 844 667 887 ne
688 835 901 908 prepotentes
922 817 1046 886 accolas
1067 817 1164 886 habe·
1188 805 1262 918 ᾆξ’.

117 919 203 983 rent,
217 907 346 974 assiduo
361 906 445 973 bello
461 931 558 975 novos
573 907 703 974 colonos
718 908 915 993 premebant,
930 908 1034 972 donoc
1048 929 1101 972 eos
1115 918 1164 972 at·
1194 933 1251 986 828.

115 991 210 1057 tritos
233 994 266 1057 in
289 994 496 1078 paucissimos
518 995 719 1079 redegerunt,
734 993 878 1081 quamvis
898 995 990 1060 initio
1012 991 1164 1078 permulti

115 1075 260 1144 luissent.
304 1080 452 1158 Quilibet
465 1081 550 1148 enim
566 1081 650 1147 hanc
671 1081 794 1160 urbem,
810 1102 905 1167 quam
923 1077 1164 1149 Lacedaemonii

115 1165 309 1241 condebant,
323 1167 466 1234 stabilem
482 1167 551 1234 iore
564 1189 704 1253 spaeram,
721 1190 755 1232 eo
766 1167 964 1234 confidenter
978 1165 1056 1232 ibat.
1101 1166 1163 1230 Ve-

1 1332 3 1339 ,
115 1263 289 1318 ruutamen
305 1254 353 1318 vel
368 1255 430 1338 ipsi
447 1255 679 1330 laeedaemonii
699 1255 911 1341 magistratus,
928 1254 982 1338 qui
999 1253 1072 1322 illuc
1085 1274 1163 1338 pro.-

114 1334 351 1417 licisoabantur,
369 1344 455 1408 iltius
474 1343 614 1411 sinuatis
632 1361 682 1406 res
704 1343 842 1408 maxime
863 1339 1104 1416 labefactarunt,
1128 1354 1161 1406 et

115 1423 229 1492 urbem
246 1425 478 1512 infrequentem
493 1427 712 1505 reddiderunt,
746 1427 810 1492 uod
826 1427 981 1513 plurimos
990 1425 1159 1491 deterruis-

111 1522 205 1588 sant3
227 1514 381 1598 asperius,
411 1514 585 1601 quinetiam
614 1450 775 1579 nonnullis
803 1515 837 1578 in
867 1513 963 1580 rebus
993 1534 1159 1598 perperam

111 1598 194 1679 ipses
215 1599 416 1685 imperantes.
440 1599 648 1686 quamobrem
672 1601 783 1687 populi
804 1599 932 1666 finitimi
956 1598 1078 1666 facilius
1104 1621 1159 1668 eos

106 1683 179 1768 jam
193 1687 398 1772 superabant.

111 1831 116 1842 .
155 1779 214 1838 94.
238 1771 360 1840 Eadem
375 1785 496 1853 testate,
512 1789 546 1842 et
558 1775 619 1840 sub
641 1776 725 1842 idem
744 1786 879 1860 tempus,
896 1797 961 1863 quo
984 1771 1160 1840 Athenien.

112 1877 165 1920 sea
180 1858 213 1922 in
230 1858 322 1927 Malo
336 1861 570 1939 detinebantur,
582 1862 629 1928 illi
644 1883 771 1948 quoque
782 1862 1002 1938 Athenienses,
1015 1861 1071 1946 qui
1087 1883 1158 1926 cum

112 1943 249 2030 triginta
269 1947 402 2014 navibus
425 1948 510 2014 circa
527 1949 784 2032 Peloponnesum
809 1961 910 2024 orant,
926 1947 1064 2034 primum
1089 1947 1159 2032 qui-

109 2027 187 2094 dem
201 2031 245 2096 ad
262 2031 463 2098 Ellomenum
476 2034 650 2100 Leucadiae
663 2033 818 2121 quosdam
831 2057 871 2100 ex
884 2031 1089 2118 praesidiariis
1100 2054 1160 2117 per

109 2114 245 2185 insidias
257 2117 495 2196 interfecerunt,
511 2121 626 2186 deinde
646 2143 721 2186 uero
742 2141 815 2185 cum
837 2123 958 2208 majore
977 2119 1086 2184 classis
1100 2140 1158 2204 ap·

110 2216 239 2285 paratu,
255 2217 287 2269 et
301 2227 374 2274 cnm
390 2209 539 2272 omuibus
563 2207 793 2284 Acarnanibus,
809 2207 865 2294 qui
886 2229 961 2271 eum
983 2205 1158 2292 frequenti·

110 2287 172 2354 bus
186 2291 296 2376 copiis,
311 2314 390 2379 quas
404 2316 445 2358 ex
467 2296 616 2360 omnibus
637 2317 703 2358 suae
725 2294 829 2381 gentis
849 2292 1030 2360 civitatibus
1043 2295 1156 2381 coege-

106 2392 195 2453 rant,
218 2381 360 2463 exceptis
380 2379 540 2457 OEniadis,
555 2403 609 2446 eos
634 2380 879 2460 comitabantur,
902 2393 1058 2464 praeterea
1080 2401 1153 2444 oum

106 2459 308 2548 Zacyntbiis,
331 2478 364 2532 at
386 2466 610 2551 Cephalleniis,
643 2479 677 2532 et
700 2465 883 2552 quindecim
907 2465 1152 2551 Corcyraeorum

107 2547 256 2628 navibus,
285 2551 436 2619 adversus
467 2553 647 2620 Leucadem
681 2556 816 2618 iverunt.
862 2558 971 2640 Atque
999 2550 1153 2617 Leucadii

106 2635 252 2720 quidem,
276 2659 349 2704 cum
373 2641 517 2724 ipsorum
542 2661 617 2727 ager
639 2654 703 2708 tarn
728 2652 821 2704 extra
844 2659 939 2725 quam
963 2635 1048 2703 intra
1071 2635 1153 2710 lsth·‚

107 2741 200 2788 mum
217 2723 285 2807 (ubi
301 2738 337 2789 et
359 2725 428 2812 ipsa
443 2725 566 2792 leucas
588 2739 634 2791 est
655 2727 725 2806 sita,
748 2739 779 2790 et
800 2725 959 2812 Apollinis
982 2724 1149 2810 templum]

105 2815 295 2887 vastaretur,
315 2813 401 2896 qnod
421 2811 557 2878 militum
580 2834 714 2876 numero
735 2810 832 2900 longe
853 2809 1016 2877 inferiores
1037 2825 1152 2889 essent,

104 2894 325 2980 quiescebant.
357 2903 540 2964 Acarnanes
554 2921 630 2964 vero
645 2898 895 2966 Demosthenem
908 2897 1163 2965 Atheniensium

104 2983 220 3046 ducem
237 2983 405 3070 rogabunt,
421 2998 458 3051 ut
479 3007 533 3050 eos
548 2984 809 3050 circumvallarat.
831 2985 918 3054 hanc
931 2985 1015 3056 enim
1040 2987 1151 3050 urbem

103 3065 200 3133 facile
220 3072 399 3157 expugnari
421 3093 522 3154 posse,
538 3095 633 3157 seque
647 3073 774 3136 civitate
795 3069 854 3135 sibi
875 3093 1000 3156 semper
1022 3069 1152 3136 inimica

101 3151 278 3223 liberatum
290 3156 333 3220 iri
347 3157 515 3241 putabant.
562 3157 625 3224 Sed
648 3157 881 3238 Demosthenes
902 3157 964 3222 hoo
979 3157 1049 3242 ipso
1071 3171 1151 3220 tam-

101 3259 187 3324 pore
202 3241 305 3307 verbis
320 3243 554 3310 Messeniorum
575 3243 733 3310 adductus
748 3259 807 3322 ests
820 3258 857 3310 ut
878 3241 1031 3320 crederet,
1047 3265 1065 3306 e
1080 3241 1111 3308 di

100 3326 208 3392 nitate
221 3349 280 3394 sua
293 3351 371 3410 esse,
385 3352 458 3396 cum
475 3343 582 3396 tantus
604 3331 764 3396 exercitus
778 3344 858 3394 esset
872 3343 1011 3405 coactus,
1029 3265 1151 3396 AEtodl

101 3412 225 3478 bellum
242 3413 367 3492 inferre,
384 3417 469 3502 quod
485 3431 518 3482 et
533 3417 702 3502 Naupacto
717 3417 821 3482 hostes
832 3428 946 3482 essent.
993 3413 1074 3481 Etsi
1090 3414 1149 3484 hos

99 3515 295 3584 superasset,
322 3502 459 3590 reliquas
502 3525 608 3588 noque
636 3503 789 3582 civitates,
812 3525 886 3588 quae
908 3503 942 3566 in
968 3500 1030 3566 illis
1056 3501 1149 3587 Epiri

100 3585 252 3670 partibus
272 3601 375 3668 erant,
396 3590 428 3654 in
453 3593 495 3655 At
519 3591 695 3656 aniensium
718 3603 902 3676 potestatem
927 3587 1018 3656 facile
1032 3587 1149 3654 'redae'-

98 3685 228 3738 turutn.
272 3673 458 3740 AEtolorum
479 3677 564 3741 enim
579 3690 706 3760 gentem
724 3697 871 3762 magnam
896 3676 982 3742 illam
1007 3674 1148 3762 quidem,

100 3772 137 3824 et
150 3758 334 3826 bellicosam
350 3784 435 3827 esse:
458 3763 534 3848 quia
548 3775 654 3829 tamen
669 3764 703 3828 in
719 3764 795 3828 vicis
813 3761 903 3828 nullo
918 3763 1147 3840 matutinatis,

99 3845 201 3934 idque
216 3846 315 3934 longo
331 3848 496 3914 intervallo
511 3850 594 3914 inter
608 3871 641 3914 se
651 3849 842 3915 distantibus
856 3848 1072 3925 habitabatur
1088 3849 1148 3914 levi

98 3945 267 4002 armsturs
288 3934 448 4012 utebatur,
463 3958 532 4000 eam
550 3957 616 4000 non
637 3936 806 4002 difficulter
820 3935 865 4000 ab'
876 3958 915 4001 eo
937 3935 1040 4022 subigi
1056 3957 1148 4020 posse

98 4017 378 4108 demonstrabant,
393 4025 423 4086 si
440 4024 582 4087 celeriter
603 4043 669 4088 eom
694 4025 862 4100 invasisset,
888 4037 1054 4106 antequam
1078 4021 1148 4106 ipsa

97 4106 202 4191 copiis
217 4107 363 4173 omnium
386 4129 516 4174 suarum
532 4109 694 4173 civitatum
714 4113 745 4172 in
764 4132 862 4174 unum
879 4110 997 4174 coactis
1019 4105 1145 4174 obviam

95 4191 163 4278 ipsi
173 4194 340 4280 prodiret,
356 4209 392 4260 ut
406 4196 498 4263 saluti
513 4194 711 4282 fortunisque
732 4195 955 4262 communibus
975 4215 1070 4280 opem
1086 4191 1147 4260 fer·

609 4303 632 4346 o
