2994 4788
316 323 379 382 ess
456 294 459 300 ’
682 309 987 380 ruucrurms
1052 319 1057 330 ·

221 503 282 552 nen.
315 489 437 574 priores
459 505 524 550 non
545 483 805 574 aggrederentur,
821 505 880 550 nec
903 482 1008 568 proelii
1030 483 1200 568 periculosi
1222 481 1348 548 initiam

208 569 292 630 P⁰¹⁰P·
314 597 371 640 sae
392 586 504 660 sponte
518 571 667 636 lacerent.
694 571 851 658 siquidem
871 585 980 655 aperte
1001 569 1303 646 demonstraverant,
1317 591 1351 633 se

201 650 248 749 32¹²
265 637 288 684 ᾖ
315 660 355 726 ad
381 661 500 724 hostem
526 656 775 744 propulsandum
801 673 929 743 paratos
949 677 1025 734 esse,
1050 657 1172 744 sibique
1195 655 1351 742 quodem·

208 715 298 815 edulii
314 747 412 812 modo
427 747 493 809 sine
511 744 639 830 pulvere
654 747 800 810 silebere
815 743 978 808 victoriam
999 743 1115 808 merito
1129 743 1285 810 tributum
1299 743 1350 806 iri.

213 834 243 882 U·
260 835 287 881 ⁰·
314 833 409 898 simul
424 834 530 912 etiem,
546 831 631 918 quod
646 832 686 896 ed
704 830 911 920 Megarenses
926 829 1082 907 attineret,
1098 851 1164 895 rem
1179 831 1238 894 sibi
1250 828 1351 896 felici·

215 899 285 1013 Ἠ·
315 933 363 986 tar
376 940 545 984 cessuram.
590 916 662 982 Nisi
677 918 761 983 enim
777 919 810 980 ia
824 919 941 982 illorum
958 929 1163 1000 conspectam
1179 917 1348 993 venissent,

315 1006 397 1070 'rent
413 1004 502 1070 nullo
517 1004 661 1069 modain
677 1004 810 1068 dubium
826 1025 847 1068 a
860 1025 895 1067 se
910 1017 1056 1068 roceium
1070 1003 1127 1080 iri;
1150 1001 1205 1068 sed
1219 1001 1350 1088 precul-

313 1091 412 1158 dabio
427 1115 460 1157 se
474 1091 563 1170 urbe,
579 1092 669 1178 quasi
683 1090 792 1166 victos,
807 1091 953 1173 protinus
964 1090 1122 1174 privatum
1133 1089 1172 1154 iri
1182 1091 1351 1172 putabunt.

312 1179 386 1244 ,lem
397 1199 472 1242 vero
486 1177 566 1242 illud
580 1179 675 1242 etiam
685 1176 818 1241 fortasse
832 1187 1029 1253 eventurum,
1046 1188 1082 1241 ut
1098 1175 1159 1260 ipsi
1173 1173 1351 1241 Athenien·

313 1287 360 1330 ses
376 1265 525 1350 proelium
548 1262 770 1340 detrectarent,
784 1276 880 1347 atque
895 1263 941 1327 ite
956 1283 1005 1325 res
1026 1283 1088 1339 eas,
1105 1283 1240 1349 qumans
1256 1283 1352 1327 censs

313 1362 474 1429 venerant,
491 1350 551 1414 sibi
562 1350 629 1413 siae
644 1347 758 1433 proelio
769 1361 989 1413 conservatum
999 1348 1039 1412 iri
1046 1347 1216 1414 credebam.
1251 1347 1352 1425 Quod

312 1439 407 1502 etiem
423 1438 535 1500 evenit.
579 1433 800 1522 ‘Megarenses
814 1435 910 1514 enim,
925 1455 998 1500 cum
1015 1434 1225 1500 Athenienses
1240 1435 1353 1499 eeNi·

312 1519 1352 1694 tl,ilii{tiit,itittihtiiehlttititittt

312 1694 543 1771 insedentibus,
559 1694 645 1779 quod
665 1695 807 1778 ipsorum
829 1693 925 1758 etiem
939 1693 1167 1758 Atheniensium
1181 1692 1281 1758 duces
1302 1715 1352 1758 re·

312 1793 474 1866 putarent,
501 1780 572 1855 sibi,
592 1789 623 1844 ei
643 1781 777 1845 hastibru
799 1778 976 1881 periculum
1001 1800 1066 1844 non
1089 1801 1158 1844 esse
1179 1801 1249 1865 par.
1275 1801 1350 1845 naus

313 1889 385 1933 cum
402 1865 553 1953 pleraque
567 1864 699 1931 feliciter
712 1866 786 1950 ipsis
795 1885 863 1952 Jam
877 1867 1105 1942 successissent,
1122 1867 1350 1942 eeisiimobcni,

314 1975 356 2030 ae,
372 1954 397 2017 si
413 1953 533 2037 priores
548 1953 696 2036 proelium
710 1953 858 2016 edsersus
872 1953 981 2038 copiae
995 1953 1060 2017 suis
1074 1952 1208 2036 majores
1222 1952 1351 2028 inirent,

314 2053 370 2104 aut
384 2041 517 2104 victores
533 2037 670 2126 Megere
691 2052 850 2123 capturos,
865 2053 920 2104 aut
935 2039 1045 2118 victos,
1060 2041 1175 2104 amisse
1197 2053 1350 2123 praesten-

314 2126 435 2192 tissime
461 2128 556 2190 totius
580 2124 737 2190 exercitus
762 2137 861 2210 perte,
887 2123 1008 2189 cladem
1034 2139 1229 2209 accepturos.
1276 2124 1352 2190 lllos

314 2210 754 2362 titittdtittltbi
766 2208 1352 2384 ,tilitttitlttlititltiltz

651 2340 661 2373 i

313 2397 382 2450 tum
397 2382 541 2468 partibus
556 2383 673 2446 merito
687 2382 766 2447 velle
783 2383 823 2447 be
837 2383 859 2447 li
873 2382 1034 2448 fanonem
1049 2383 1232 2469 periclitari,
1247 2395 1280 2448 et
1294 2405 1349 2448 au·

312 2470 398 2536 dere.
444 2469 527 2534 Cum
551 2479 657 2535 autem
679 2468 719 2533 eli
745 2468 863 2534 nandiu
886 2470 920 2533 in
943 2470 1040 2535 armis
1063 2469 1254 2536 commorati
1274 2469 1349 2534 fuis·

313 2568 393 2634 sent,
416 2567 448 2621 ei
471 2567 585 2622 neutra
604 2556 687 2620 acies
744 2566 844 2620 teram
867 2577 908 2642 ag
931 2555 1103 2634 rederetur,
1127 2555 1347 2632 discesserunt,

313 2644 401 2728 prius
424 2641 636 2708 Athenienses
657 2641 690 2706 in
714 2640 868 2722 Nisaeem,
913 2641 1006 2707 einde
1027 2664 1103 2708 vero
1126 2639 1348 2728 Peloponnesii

312 2728 400 2793 unde
412 2739 576 2793 venerant.

358 2821 411 2882 74.
435 2813 488 2876 Sic
514 2812 612 2900 igitur
641 2813 854 2902 Megarenses,
882 2813 1028 2880 exsulum
1058 2815 1162 2892 amici,
1189 2835 1264 2880 cum
1291 2814 1349 2902 ipsi

315 2897 469 2975 Bmsidae,
484 2913 521 2963 ut
535 2898 658 2978 victori,
674 2915 741 2963 tum
764 2900 858 2964 etism
874 2904 994 2966 ceteris
1007 2901 1140 2967 dacibus
1154 2923 1197 2968 ex
1213 2901 1349 2967 civitati·

312 2983 372 3050 bus
386 2985 495 3048 snimo
517 2985 618 3074 meme
634 2984 824 3062 confirmati,
841 2987 926 3072 quod
943 2987 1155 3053 Athenienses
1176 3001 1255 3053 tuno
1270 3010 1292 3073 p

311 3093 390 3136 nare
404 3070 587 3150 noluissent,
604 3083 710 3155 portas
723 3073 887 3156 aparinen
910 3087 1030 3139 etcum
1045 3095 1083 3139 eo
1094 3085 1223 3159 recepto
1238 3075 1272 3138 in
1334 3109 1349 3124 ·

312 3156 455 3244 loquium
469 3159 611 3235 veniunt,
626 3157 687 3222 illis
703 3158 772 3242 jem
786 3158 902 3224 timore
921 3158 1083 3244 perculsis,
1099 3160 1155 3247 qui
1171 3158 1348 3226 Athenien·

312 3245 393 3309 sium
407 3257 513 3330 partes
527 3244 651 3331 sequuti
665 3246 802 3311 fuerant.
825 3257 936 3329 postes
949 3267 1025 3310 vero
1039 3247 1092 3312 hic
1103 3245 1244 3333 quidem,
1257 3246 1350 3312 sociis·

311 3330 344 3394 in
359 3329 453 3396 urbes
468 3353 540 3396 suss
553 3329 693 3416 dilapsis,
705 3343 737 3395 et
759 3331 827 3416 ipse
843 3331 1035 3400 Corinthum
1051 3355 1203 3411 resersus,
1218 3333 1347 3418 expedi·

341 3568 353 3607 f
368 3576 424 3622 Non
435 3577 587 3624 dubitaturos
598 3575 684 3635 hsisse,
693 3579 736 3625 seri
746 3579 905 3638 proculdubio
915 3579 1047 3628 emissuros
1058 3580 1169 3640 mque,
1181 3580 1254 3641 quasi
1264 3581 1345 3628 siaiu·

311 3635 431 3698 rimu-‘iu
441 3638 465 3686 el
475 3639 496 3687 lr
504 3638 569 3706 η’χῃ
579 3639 629 3700 etri,
640 3643 698 3702 poni
708 3643 800 3703 aliquid
810 3643 836 3688 ln
847 3643 929 3690 dubio.
944 3643 987 3690 ΛΕ.
999 3643 1067 3690 Pori·
1102 3643 1187 3692 Huni·
1251 3701 1252 3706 Ἰ

342 3705 492 3764 'Siquidem
510 3705 676 3765 Megarenses,
692 3707 733 3754 ubi
749 3707 909 3753 Athenienses
926 3707 1015 3768 egressi
1026 3709 1090 3769 apud
1108 3719 1192 3754 muros
1206 3709 1294 3770 longos
1309 3711 1344 3756 in·

309 3773 402 3814 abacta
412 3767 464 3813 acie
473 3769 627 3828 quieverunt,
639 3770 705 3818 idem
716 3771 797 3832 stipsi
808 3772 925 3820 iecerunt.
957 3772 1211 3826 Quiescebentsutem
1221 3774 1270 3833 ilii,
1282 3775 1342 3835 quod

309 3845 395 3880 eorum
405 3834 479 3879 daces
489 3834 628 3890 censebunt,
640 3835 661 3880 si
672 3849 686 3881 s
697 3835 888 3882 Lacedaemoniis
900 3849 949 3882 non
965 3837 1147 3894 invaderentur,
1157 3839 1344 3901 haudquaqurai

308 3909 353 3956 par
368 3909 420 3943 esse
436 3895 566 3942 discrimen
583 3906 629 3945 ete.
657 3899 730 3945 Valla.
763 3900 951 3948 Atheniensibus
967 3915 1073 3962 namque
1089 3902 1140 3947 scie
1153 3901 1274 3950 instructa
1289 3909 1342 3950 ente

308 3962 393 4021 longos
405 3961 536 4024 progressis
551 3975 644 4021 muros,
656 3963 820 4024 Megarenses,
833 3971 962 4024 postquam
974 3979 1021 4012 non
1036 3971 1201 4022 occurrerunt,
1212 3967 1260 4028 tpn'
1271 3968 1341 4014 etism

308 4026 463 4086 quieverunt.
478 4025 567 4086 qulppe
578 4027 652 4074 duces
663 4029 753 4074 Athen.
765 4035 813 4076 ete.
828 4029 937 4076 Aeacius.
960 4029 1031 4078 Tota
1039 4029 1147 4077 hialocse
1157 4030 1341 4088 museum,

308 4091 347 4136 citi
357 4093 379 4136 cl
389 4090 492 4138 sensim
502 4089 633 4149 Qffttdcrurti
649 4093 801 4152 interpretat
821 4091 879 4153 quid
887 4094 937 4140 cidi
952 4095 1008 4141 celii
1025 4094 1064 4142 hic
1079 4100 1164 4149 nostem
1176 4095 1241 4142 seua
1258 4096 1340 4158 ωψ-

309 4155 365 4200 iura
375 4157 463 4214 assequi
471 4167 572 4214 poscunt·
605 4155 657 4203 Aut
668 4158 753 4216 igitur,
770 4161 796 4202 ut
807 4171 857 4203 mec
867 4156 922 4219 sert
930 4161 1050 4214 sentmiia,
1062 4157 1109 4207 ini
1119 4159 1189 4207 aava
1198 4159 1339 4222 maden

308 4215 523 4331 &mavultis
533 4231 577 4279 m
587 4220 693 4269 admito
702 4220 864 4268 similitudinis
874 4221 1032 4284 murenam
1041 4229 1064 4272 ci
1073 4224 1192 4272 msto
1197 4228 1253 4286 posi
1263 4230 1337 4286 lisy·-

309 4283 365 4346 ‘ie‘
493 4293 565 4332 nrrr·
750 4293 752 4298 ’
