2994 4788
411 305 661 378 Hrsrourm
684 309 776 379 Lm.
798 283 866 376 ιιι.
1055 407 1058 412 Ι
1097 315 1159 382 ror

1 494 3 499 ·
114 473 197 542 soto
211 476 337 546 Dorico
349 479 513 568 depositis,
528 505 601 550 cum
617 484 760 549 exercitu
815 481 1027 549 rLocroruni
1042 503 1155 574 ιςιιιιιι
1188 499 1256 551 uun

117 561 322 651 Naupactum
344 589 453 634 versus
473 570 649 636 contendit.
687 569 744 636 *Et
788 591 843 635 um
867 571 928 636 iter
949 569 1077 647 faceret,
1094 572 1159 638 (Ε-
1184 565 1266 626 ΜΨ

116 669 252 716 neonem
278 653 420 739 ipsorum
446 670 480 721 et
503 657 677 745 Eupalium
703 657 804 742 oepit;
828 679 901 722 nom
928 657 1103 744 Eurylocho
1126 681 1160 725 se
1174 631 1273 758 (iffi,

117 736 291 835 adjungere
303 740 481 808 uoluerunt.
529 743 613 808 Cum
636 743 798 830 inagnum
816 743 1030 828 Naupactium
1048 767 1161 831 perve-
1185 757 1263 808 ssu

117 837 249 902 maseut,
263 841 297 892 et
316 825 419 892 AEtoli
442 829 537 895 simul
559 830 716 895 auxilium
737 830 767 894 ei
785 831 852 916 jum
876 830 1030 910 tulissent,
1046 853 1161 919 agrum
1189 823 1219 870 ⁰·
1231 823 1259 870 ⁰·

117 923 291 989 vastarunt,
315 927 347 978 et
368 915 520 981 suburbia
541 915 637 981 nullis
658 916 763 980 cincta
786 916 887 982 muris
986 933 1071 984 runt.
1118 917 1163 984 Et
1192 889 1262 1002 ‘gar'

118 995 336 1084 Molycricnm
356 1001 502 1086 profecti,
523 1025 596 1090 quse
618 1001 862 1068 Corinthiorum
884 1003 939 1089 qui
964 1025 1015 1068 sm
1037 1004 1163 1071 colonis

116 1097 197 1162 erat,
220 1085 276 1150 sed
297 1087 539 1154 Atheniensium
561 1089 697 1175 imperio
719 1089 863 1175 parebat,
883 1103 1047 1175 cepemnt.
1091 1091 1162 1157 De·

117 1169 300 1240 mosthenes
316 1194 391 1246 vero
407 1175 610 1241 Atheniensis
625 1180 651 1260 (r
660 1174 766 1241 adhuc
780 1175 865 1240 enirn
880 1189 954 1260 post
968 1175 1105 1241 reditum
1120 1199 1163 1243 ex

118 1256 255 1336 AEtolis,
280 1259 336 1325 ubi
357 1261 478 1326 cladem
503 1273 677 1347 acceperat,
698 1262 784 1326 circa
808 1261 1011 1348 Naupactum
1033 1262 1162 1351 agebat)

117 1363 192 1408 cum
213 1343 338 1411 hostilis
359 1348 520 1414 exercitus
541 1349 713 1414 adveutum
738 1349 965 1434 praesensisset,
980 1362 1012 1414 et
1033 1349 1074 1414 de
1093 1349 1164 1434 ipss

118 1430 288 1515 Naupacto
317 1433 455 1514 timeret,
484 1435 527 1501 ad
555 1437 739 1501 Acarnanes
768 1434 940 1520 proiectus,
970 1435 1047 1521 ipsis
1075 1457 1164 1524 aegre

118 1520 267 1618 (propter
291 1519 463 1587 discessum
486 1543 527 1588 ex
551 1520 714 1602 Leucade)
741 1522 906 1607 persuasit,
929 1536 966 1586 ut
993 1521 1163 1608 Naupacto

118 1603 262 1670 subndio
271 1607 425 1673 venirent.
448 1607 576 1674 Etcum
588 1630 626 1673 eo
640 1608 727 1673 mille
740 1607 847 1695 grevia
860 1623 1033 1673 armaturae
1046 1608 1163 1674 militas

117 1691 254 1756 navibus
279 1705 387 1758 vectos
412 1695 584 1760 miseruntr
607 1693 663 1781 qui
686 1693 799 1760 urbem
826 1695 970 1782 ingressi,
993 1716 1063 1761 eam
1089 1708 1163 1762 sunt

119 1777 223 1842 tutati.
270 1777 379 1845 Metus
393 1782 478 1846 enim
492 1780 664 1846 vehemens
678 1795 756 1858 erat,
772 1803 823 1858 ne,
839 1801 913 1846 cum
933 1801 965 1844 nr
1032 1803 1070 1846 us
1083 1796 1164 1847 essct

118 1883 287 1929 murorum
311 1865 460 1944 ambitus,
483 1881 514 1933 et
537 1867 632 1952 pauci
656 1889 717 1953 pro
742 1879 921 1954 ugnatores,
944 1889 982 1931 ur
1009 1870 1029 1932 ‘s
1055 1870 1165 1934 incolo:

118 1950 253 2016 hostibus
278 1947 425 2018 resistere
447 1973 513 2019 non
535 1967 673 2040 possent.
751 1952 922 2038 uryloohus
945 1973 1032 2034 vero,
1054 1954 1163 2039 etqui

118 2055 194 2100 oum
214 2058 256 2102 eo
275 2050 377 2121 erant,
392 2061 466 2106 cum
490 2039 729 2116 intellexissent,
746 2039 977 2104 Athenimsr'urrt
999 2039 1108 2124 copias
1129 2040 1162 2104 in

119 2123 232 2188 urbem
248 2125 415 2212 ingressas,
430 2149 564 2214 eamque
581 2125 759 2214 expugnari
780 2146 846 2190 non
867 2147 972 2226 posse,
988 2147 1022 2190 se
1036 2147 1164 2210 recepe·

117 2221 199 2274 rrsnt
221 2231 288 2275 non
312 2211 348 2277 in
364 2211 633 2299 Peloponnesum,
657 2212 713 2278 sed
736 2213 770 2276 iu
786 2209 961 2288 iliolrdem,
978 2234 1052 2297 quae
1077 2233 1165 2278 nunc

119 2295 270 2382 Calydon
293 2313 425 2365 voratur
447 2312 481 2365 et
503 2298 707 2374 Pleuronem,
725 2309 759 2363 et
780 2299 812 2362 in
835 2297 898 2364 slia
920 2297 1004 2364 illius
1026 2298 1165 2384 regionis

118 2380 201 2461 loca,
223 2405 370 2449 necnon
392 2385 425 2450 in
450 2385 629 2452 Proschion
649 2383 792 2451 AEtolioe.
838 2384 922 2450 Nam
947 2385 1165 2451 Ambrociotoe

118 2467 162 2532 ad
177 2492 233 2535 eos
248 2470 381 2557 profecti
395 2473 472 2558 ipsis
485 2485 768 2558 pommeranum
782 2493 888 2536 aecum
905 2473 1012 2558 Argos
1029 2471 1166 2556 Amphi·

117 2553 291 2636 lochicum,
306 2572 342 2624 et
361 2573 510 2624 caeteram
526 2555 799 2644 Amphilochium,
815 2569 847 2622 et
869 2557 1084 2622 Acarnaniam
1109 2579 1166 2644 ag·

116 2641 342 2742 graderentur.
388 2645 492 2713 Simul
511 2645 608 2712 etiam
629 2645 707 2730 ipsis
721 2643 882 2721 dixerunt,
897 2642 975 2720 lore,
990 2657 1039 2725 ut,
1055 2643 1080 2707 si
1095 2643 1166 2709 hoec

60 2805 66 2816 Ι
115 2749 153 2793 ιιι
168 2750 259 2795 suam
281 2745 470 2818 potestatem
485 2731 693 2819 redegissent,
709 2743 777 2796 tots
793 2729 957 2816 Epirotica
971 2751 1050 2814 gens
1065 2731 1166 2796 socie-

118 2825 219 2882 tatem
235 2837 308 2884 curu
325 2818 579 2884 Lacedaemoniis
593 2817 806 2882 contraheret.
852 2815 1054 2902 Eurylochus
1069 2817 1167 2900 igitur

117 2900 237 2968 horum
253 2907 358 2970 verbis
372 2905 542 2985 adductus,
556 2915 589 2968 et
602 2903 739 2968 dimissis
750 2901 881 2980 AEtolis,
894 2903 1014 2967 circum
1028 2903 1082 2967 illa
1096 2903 1168 2968 luca

118 3010 196 3053 cnm
219 2993 361 3057 exercitu
383 2990 577 3078 conquievit,
597 2989 701 3056 donce
722 2987 937 3055 Ambraciotis
956 2989 996 3054 sd
1020 2989 1168 3054 militiam

118 3075 274 3160 proiectis
295 3079 347 3146 sd'
360 3080 466 3164 Argos
487 3075 630 3142 subsidio
651 3075 760 3142 venire
780 3089 954 3161 oporteret.
979 3088 1075 3163 atque
1096 3075 1169 3141 haec

117 3174 215 3227 aeatas
229 3165 375 3231 excessit.

167 3257 242 3316 108.
267 3251 428 3338 Sequente
442 3263 547 3318 sutem
564 3251 688 3339 hyeme,
705 3248 926 3326 Athenienses,
938 3249 994 3335 qni
1008 3249 1042 3314 in
1059 3248 1168 3314 Sicilia
1204 3265 1263 3314 Post

118 3349 223 3414 mont,
240 3358 314 3401 cum
329 3339 422 3404 sociis
438 3338 571 3416 Graecis,
587 3350 619 3402 et
633 3339 709 3401 otiis
720 3333 845 3416 Siculis,
857 3349 1015 3421 quotquot
1028 3334 1168 3401 violento
1183 3331 1239 3381 ⁰0²·
1255 3331 1279 3378 ⁷·

121 3421 397 3506 Syracusanorum
421 3425 556 3509 imperio
576 3423 820 3509 premebantur3
843 3436 876 3486 et
890 3421 955 3510 qui,
972 3443 1046 3486 cum
1065 3443 1169 3488 eorrrns

117 3523 229 3573 emant
249 3511 336 3589 socii,
351 3511 529 3578 defectione
550 3533 570 3574 a
593 3509 800 3611 Syracusanis
824 3506 917 3586 fecta,
939 3508 1024 3592 ipsos
1045 3507 1078 3572 iu
1105 3507 1169 3574 hoo

119 3593 209 3659 bello
222 3595 390 3683 juvabunt,
406 3597 541 3662 Nessum
558 3595 675 3662 sicilie
690 3595 857 3680 oppidum,
873 3594 964 3681 cujus
985 3615 1091 3661 arcem
1108 3595 1169 3682 Sy·

118 3683 270 3748 mamni
282 3683 443 3760 tenebant,
459 3681 599 3771 aggressi
614 3693 699 3746 sunt.
721 3701 822 3768 quum
836 3692 942 3746 autem
957 3679 1021 3746 hoe
1042 3703 1168 3768 expug·

117 3789 202 3833 nare
228 3790 293 3834 nou
319 3771 510 3856 potuissent,
531 3769 690 3834 abierunt.
737 3767 776 3831 ln
801 3767 873 3852 ipso
898 3779 1003 3832 autem
1027 3781 1167 3853 receptu,

122 3855 328 3942 Syracusani,
351 3857 407 3943 qui
430 3857 464 3921 in
489 3868 686 3931 arcessant,
708 3853 953 3920 Atheniensium
976 3856 1091 3935 socios,
1113 3853 1169 3941 qui

120 3957 304 4007 extremum
328 3965 443 4031 agmen
465 3941 667 4019 claudebant,
683 3941 759 4005 dnm
783 3963 817 4006 se
838 3941 1028 4027 reciperent,
1044 3940 1168 4004 invase-
1311 3985 1313 3990 ·

120 4040 213 4095 runt.
245 4043 278 4094 et
308 4028 515 4115 impressione
543 4027 575 4092 in
605 4025 678 4110 illos
705 4025 800 4105 facts,
831 4047 979 4115 magnam
1010 4025 1169 4093 exercitus

156 4248 169 4286 r
187 4241 258 4290 Nam
266 4241 348 4288 adhue
358 4247 413 4300 post
423 4241 530 4288 raditum
538 4239 571 4285 sh
578 4235 681 4285 Stollco
691 4237 759 4284 clade
769 4235 834 4284 circs
844 4241 890 4283 stc.
906 4233 983 4282 Valla.
1001 4231 1026 4282 N
1027 4240 1068 4281 tm
1079 4233 1169 4291 adhuc,

124 4308 156 4354 ab
166 4305 272 4356 Attolics
283 4301 578 4368 superiumentarium.
601 4299 710 4428 Agstgsn
739 4300 827 4350 fluns
