2964 4786
363 314 810 382 HISTORIAELIB.V1.
907 315 908 318 ’
1044 323 1109 384 388

89 487 261 550 Graeoorum
282 483 430 552 libertate
450 490 670 565 commanda,
687 509 791 574 neque
807 488 913 550 ceteri
927 485 1035 550 Graeci
1051 507 1111 572 pro
1146 505 1206 553 serr.

87 593 134 636 sua
155 571 296 654 ipsorum
321 573 466 638 libertate
490 575 654 638 retinendo
679 573 788 638 Medis
811 573 1003 636 restiterunt.
1048 573 1110 638 Sed
1137 569 1220 632 ¹³⁰¹⁰ta

87 657 115 720 hi
128 657 259 743 quidem,
276 669 313 722 ut
329 659 453 723 Graecm
474 660 508 722 in
530 681 630 734 suam,
647 681 711 723 non
733 673 838 723 autern
862 661 894 721 in
916 657 1000 722 illiue
1023 659 1113 723 Medi
1127 635 1224 760 3ῗὲὲέ

85 755 259 828 potestatem
275 743 475 831 redigerent:
501 744 547 807 illi
563 766 647 822 vero,
665 760 700 809 ut
715 745 878 808 dominum
896 757 1066 823 mutarent,
1083 756 1114 810 et
1138 764 1179 810 91.
1191 763 1215 811 2.

85 831 166 894 alium
178 831 324 894 laederent
338 852 405 894 uon
421 831 681 915 insipientiorem,
698 830 752 896 sed
768 831 963 895 astutiorem.
1144 827 1174 876 Π·
1184 827 1212 874 ⁰·

122 922 167 983 77.
190 915 424 1002 “Quanquam
448 925 513 980 nott
535 930 707 1000 propterea
728 938 815 980 nunc
832 918 1039 996 venimus,.ut
1061 939 1113 982 ac·
1141 893 1210 1010 ’ἐπ’

85 1003 265 1066 cusationem
281 1004 312 1066 in
331 1001 574 1066 Atheniensium
591 1002 761 1078 civitatem,
777 1001 850 1065 licet
865 1001 993 1066 abunde
1007 1003 1114 1067 crimi·
1198 992 1205 1009 ⁸

83 1109 150 1152 oum
171 1089 265 1172 copia
284 1100 430 1172 suppetat
452 1088 601 1153 adversus
616 1110 697 1165 eam,
714 1087 801 1173 apud
824 1109 876 1152 tos
898 1088 1112 1166 instituamus,

83 1174 131 1258 qui
144 1174 241 1258 probe
260 1175 361 1238 nostis
376 1195 487 1238 omnes
502 1176 568 1260 ejus
589 1175 729 1252 in'urias,
746 1175 800 1238 sed
824 1173 927 1238 multo
950 1174 1060 1261 magis,
1077 1189 1113 1239 ut

81 1279 133 1324 nos
146 1259 229 1344 ipsos
243 1281 436 1336 accusemus,
449 1260 515 1346 qui,
528 1282 601 1324 cum
618 1198 791 1325 habeamus
802 1261 839 1324 ob
850 1263 950 1324 oculos
963 1261 1113 1346 exempla

82 1345 273 1423 Graecorum,
291 1347 345 1431 qui
364 1345 427 1410 illic
449 1359 534 1423 sunt,
551 1347 712 1431 quomodo
731 1347 764 1410 iu
785 1347 965 1411 servitutem
982 1347 1021 1410 ob
1036 1349 1113 1430 aptis

80 1431 189 1497 redacti
209 1431 337 1509 fuerint,
353 1432 439 1518 quod
462 1433 522 1496 sibi
537 1433 612 1518 ipsis
627 1455 720 1518 opem
743 1455 808 1497 nou
825 1432 965 1509 tulerint,
981 1445 1013 1496 et
1026 1453 1114 1496 nunc

78 1517 133 1581 ista
153 1518 322 1602 praeseutia
344 1531 525 1582 commenta
545 1517 694 1582 adversus
715 1541 782 1594 nos,
799 1521 916 1584 scilicet
932 1535 965 1582 et
981 1517 1114 1583 Leonti-

79 1623 185 1668 uomm
215 1619 425 1690 cognatorum
456 1605 489 1668 in
518 1625 607 1669 suam
637 1606 795 1669 civitatem
830 1605 1054 1680 restitutiones,
1082 1617 1114 1670 et

76 1689 290 1776 Egestaeorum
315 1691 474 1755 sociorum
493 1691 662 1776 suppetias,
679 1713 801 1776 quaese
815 1692 1007 1775 ipsissme,
1022 1695 1114 1757 simu-

76 1777 150 1854 lant,
170 1776 310 1842 nolimus
335 1777 564 1862 conspirantes,
588 1777 733 1842 alacriter
758 1776 834 1863 ipsis
858 1775 1035 1854 ostendere,
1056 1799 1114 1842 nos

74 1882 136 1926 nou
158 1887 227 1929 esse
242 1863 346 1940 Ioues,
362 1885 465 1950 neque
482 1863 731 1948 Hellespontios,
746 1885 849 1948 neque
870 1862 1043 1926 insularum
1066 1865 1115 1928 in-

75 1949 166 2026 colas,
193 1951 260 2037 qui,
286 1949 453 2014 dominum
479 1961 535 2013 aut
561 1950 705 2026 Medum,
733 1961 789 2013 aut
817 1947 989 2034 quemlibet
1014 1949 1113 2014 alium

73 2055 196 2119 semper
221 2047 463 2112 commutantes,
485 2036 641 2113 serviunt3
657 2035 718 2108 sed
742 2035 926 2112 Dorienses,
940 2035 995 2120 qui
1021 2035 1114 2099 liberi

73 2143 112 2184 ex
125 2123 226 2188 libera
243 2122 464 2206 Peloponneso
474 2123 619 2206 prrffecti,
638 2122 777 2187 Siciliam
793 2121 946 2185 incolunt.
990 2121 1044 2184 An
1059 2145 1114 2186 ex-

73 2221 263 2292 spectamus,
278 2207 380 2273 donec
395 2208 572 2294 oppidatim
595 2208 710 2296 singuli
732 2206 921 2293 capiamur?
943 2229 1015 2271 cum
1035 2209 1114 2272 scia·

71 2315 150 2372 mus,
168 2318 229 2360 nos
250 2295 311 2359 hac
327 2317 389 2359 una
404 2296 528 2360 ratione
549 2295 621 2378 capi
643 2317 745 2378 posse,
761 2307 793 2358 et
814 2293 1112 2372 animadvertamus,

70 2403 123 2444 eos
145 2383 189 2447 ad
211 2381 296 2446 hanc
317 2394 416 2446 artem
440 2382 563 2445 animos
584 2381 806 2466 appellerent
828 2380 908 2444 alios
931 2380 1059 2465 quidem
1075 2383 1114 2445 de

67 2467 163 2534 nobis
180 2467 326 2533 oratione
343 2467 522 2545 dissociant,
539 2466 617 2532 alios
632 2489 707 2531 vero
729 2487 785 2551 spe
803 2466 959 2530 societatis
981 2466 1022 2530 ad
1046 2488 1115 2530 mu-

68 2564 161 2620 tuum
185 2554 307 2620 bellum
329 2554 499 2633 concitent,
514 2553 592 2618 alios
607 2575 692 2631 vero,
708 2564 804 2638 prout
824 2563 966 2637 possunt,
983 2552 1116 2639 singulis

65 2639 193 2727 aliquid
218 2639 329 2705 blandi
355 2639 506 2718 dicentes,
530 2641 722 2704 detrimento
747 2636 912 2703 afficiant?
939 2637 981 2702 Et
1008 2638 1116 2702 existi-

65 2747 209 2805 mamus,
225 2727 251 2791 si
267 2726 397 2804 vicinus,
410 2727 465 2813 qui
489 2727 639 2790 remotior
653 2740 712 2804 est,
728 2726 816 2811 prius
831 2725 972 2811 perierit,
987 2724 1116 2789 calami·

64 2825 166 2880 ratem
185 2815 228 2878 ad
243 2813 416 2899 quemlibet
431 2813 528 2877 elium
543 2812 583 2877 de
598 2813 690 2876 nobis
705 2833 768 2876 non
785 2825 1025 2897 perventuram:
1050 2810 1116 2876 'sed

64 2901 179 3000 potius
202 2923 264 2986 pro
281 2921 473 2986 unoquoque
495 2912 649 2976 nostrum,
666 2900 768 2979 illum,
784 2898 840 2984 qui
856 2899 888 2961 in
905 2897 1115 2963 calamitatem

63 2987 233 3064 inciderit,
248 2986 350 3052 solum
365 2985 520 3050 infelicem
536 2985 634 3050 iore.''
878 3058 881 3066 Ι

107 3083 164 3142 78.
194 3078 217 3114 “
234 3073 332 3148 Quod
348 3074 372 3136 si
388 3073 440 3137 cui
461 3073 543 3136 forte
557 3072 590 3135 in
615 3083 750 3135 mentem
766 3071 864 3151 venit,
881 3073 1116 3158 Syracusanum

84 3160 217 3237 uidem,
233 3171 266 3224 at
291 3181 356 3222 non
379 3181 412 3222 se
436 3160 550 3243 ipsum,
568 3157 809 3222 Atheniensium
836 3179 902 3221 esse
928 3157 1062 3234 hostem,
1085 3169 1117 3220 et

58 3181 190 3311 durum
207 3245 269 3311 sibi
283 3257 374 3330 putat
389 3267 454 3308 esse
469 3266 529 3330 pro
545 3266 614 3308 mea
623 3247 737 3327 patria
752 3244 935 3329 periclitari,
946 3243 973 3306 is
989 3241 1116 3329 cogitet,

59 3355 95 3396 se
109 3355 184 3398 non
209 3332 311 3419 magis
333 3353 392 3416 pro
409 3353 498 3408 mea3
521 3331 575 3395 sed
602 3330 719 3415 pariter
745 3343 840 3415 atque
861 3329 954 3393 simul
980 3351 1039 3414 pro
1062 3351 1119 3393 sua

56 3420 171 3505 ipsius
199 3419 234 3481 in
263 3440 333 3482 mea
355 3430 593 3504 pugnaturum:
616 3431 648 3482 et
674 3439 713 3480 eo
732 3419 840 3496 tutius,
856 3415 953 3501 quod,
977 3437 1028 3478 me
1053 3437 1119 3479 non

56 3507 156 3590 prius
173 3527 310 3582 everso3
334 3504 388 3568 sed
407 3525 458 3567 me
481 3503 602 3568 socium
629 3502 759 3580 habens,
777 3524 835 3566 nec
857 3523 919 3586 ope
941 3502 1117 3579 destitutus,

54 3593 100 3657 sit
117 3607 345 3679 pugnaturus
392 3589 472 3654 Item
489 3593 610 3674 cogitet,
627 3590 855 3654 Atheniensem
878 3587 965 3652 nolle
982 3590 1120 3674 Syracu·

53 3700 228 3744 sanorum
253 3676 433 3740 inimicitias
448 3675 576 3740 ulcisci:
601 3675 675 3740 'sod
699 3675 761 3739 hoo
782 3697 855 3739 meo
871 3689 1046 3760 proetextu,
1062 3695 1121 3760 quo

37 3768 212 3852 ,simulam
227 3786 259 3827 se
274 3765 350 3826 milri
371 3773 405 3827 ut
425 3765 506 3827 hosti
523 3763 631 3826 bellum
654 3763 780 3846 inferre,
797 3773 931 3825 vestram
948 3762 1118 3826 amicitiam

50 3854 121 3918 sibi
148 3851 357 3917 conciliatam
380 3871 444 3912 non
471 3849 576 3912 minus
601 3848 791 3913 confirmare
810 3848 896 3913 velle.
943 3847 1077 3928 Verum,
1093 3849 1119 3910 si

50 3939 134 4028 quis
160 3934 292 4000 invidet
315 3935 410 4013 nohis,
427 3948 483 4000 aut
504 3935 598 4000 etiam
621 3957 675 4000 nos
702 3936 825 4014 metuit,
844 3935 910 4022 (qui
937 3935 1021 3998 enim
1047 3947 1121 3997 sunt

83 4106 100 4146 ἲ
119 4112 179 4160 Sed
193 4109 435 4156 ineosubstlturam
450 4109 594 4170 potius,qui
608 4110 674 4169 prior
688 4115 827 4169 pessusest.
849 4107 924 4156 Vallo.
958 4106 1060 4166 Sedpro
1078 4119 1121 4152 no-

42 4177 89 4226 lrr's
102 4175 261 4238 quemlibet
271 4175 366 4220 cladem
378 4176 491 4234 perterre,
503 4188 547 4234 pro
558 4175 620 4221 sein
632 4175 743 4222 loturum
755 4175 883 4221 sustinere.
900 4172 1007 4218 Aeacius.

44 4281 47 4289 ,
78 4245 95 4284 8
120 4241 182 4288 Sed
214 4239 260 4284 hoc
281 4239 361 4286 colore
387 4251 458 4286 suam
480 4252 529 4285 non
557 4239 639 4286 minus
665 4239 789 4285 vobiscum
813 4238 947 4285 amicitiam
969 4236 1119 4282 confirmare.

49 4305 145 4353 Valla.
