2994 4788
405 327 654 398 HISTORIAE
679 329 768 397 LIB.
793 333 860 398 111.
1102 333 1160 401 181'

113 502 240 568 idoneis
263 501 516 588 fidejussoribus,
530 503 709 590 hospitibus
732 506 811 570 suis:
837 528 870 571 ro
884 525 959 570 vero
974 506 1052 592 ipse,
1070 507 1160 594 quod
1190 521 1251 570 neu.

115 589 360 654 Corinthiorum
385 591 489 654 verbis
515 591 644 656 adducti
670 595 888 678 promisissent
913 589 991 669 fore,
1015 605 1051 658 ut
1076 593 1157 658 Cor·
1181 587 1262 696 “¹⁰ss

113 697 222 762 cyrsm
239 679 272 740 iu
288 677 430 762 ipsorum
452 689 638 760 potestatem
662 678 850 766 redigerent
898 677 947 742 Hi
969 692 1074 744 eutem
1094 681 1156 744 sin·
1171 665 1269 776 (iij

113 763 206 846 gulos
221 763 305 827 cives
324 762 536 841 solicitsbsnt‚
552 787 590 829 sc
604 763 637 828 id
653 764 800 847 agebunt,
817 779 853 830 ut
867 765 1024 830 civitatem
1039 766 1079 830 ed
1101 767 1157 831 de-
1181 781 1222 828 ts.
1236 781 1262 828 r.

112 845 284 913 sectionem
298 849 339 912 ub
355 850 605 915 Atheniensibus
618 849 796 916 faciendum
817 850 1026 936 impellerent.
1073 852 1157 917 Cum
1183 845 1214 954 3·
1227 845 1254 890 ⁰·

114 947 222 999 cutem
248 937 356 1000 Attico
381 937 479 1012 nevis,
504 937 580 1001 item
605 949 635 1002 et
661 935 831 1002 Corinthia
854 938 998 1016 venisset,
1023 952 1158 1089 utrugue
1191 923 1255 1025 332¹

114 1041 189 1086 cum
205 1022 328 1109 legetis,
344 1044 423 1108 quos
439 1021 589 1087 vehebat:
613 1045 750 1109 cumque
764 1037 892 1088 ventum
907 1037 989 1088 esset
1009 1025 1040 1088 in
1058 1047 1096 1090 co
1121 1049 1157 1090 o·

114 1109 238 1193 quium,
256 1108 420 1194 Corcyraei
443 1109 661 1186 decreverunt,
683 1123 729 1177 ut,
743 1111 991 1174 Atheniensibus
992 1111 1154 1260 Oguidem,

113 1215 155 1258 ex
186 1209 283 1279 pecto
315 1195 403 1271 socii,
436 1194 675 1344 Pelpponnesiis
705 1217 790 1271 vero,
821 1195 989 1281 quemodm
1037 1219 1089 1261 um
1123 1212 1156 1262 et

112 1281 214 1364 prius,
230 1282 325 1344 amici
340 1293 454 1345 essent.
531 1296 544 1344 t
567 1281 705 1345 Pithiam
729 1281 795 1366 (hic
817 1283 903 1346 enim
926 1295 995 1346 eret
1009 1284 1155 1347 volunta-

113 1367 181 1430 rius
205 1365 448 1431 Atheniensium
472 1366 598 1452 hospes,
615 1381 647 1432 et
668 1381 745 1432 tunc
768 1369 902 1432 civitatis
923 1369 1085 1454 princeps)
1104 1369 1155 1434 isti

112 1453 173 1516 viri
196 1453 230 1517 iu
245 1453 402 1538 judicium
426 1466 553 1530 vocent,
575 1454 701 1518 crimini
724 1454 844 1532 dsntes,
868 1455 954 1541 quod
979 1455 1155 1540 Corcyram

112 1538 146 1602 in
160 1539 402 1604 Atheniensium
415 1552 600 1624 potestatem
617 1540 762 1628 redigere
776 1541 949 1606 moliretur.
997 1541 1065 1606 Hic
1080 1563 1155 1606 vero

112 1625 290 1702 absolutus,
316 1626 451 1689 vicissim
483 1647 553 1690 reos
578 1625 657 1690 fecit·
682 1627 822 1713 quinque
851 1649 892 1691 ex
923 1627 984 1692 illis
1010 1629 1155 1692 omnium

112 1711 296 1790 ditissimos,
321 1713 445 1775 crimini
476 1712 566 1790 dans,
593 1713 680 1798 quod
709 1735 749 1776 ex
773 1713 861 1778 Jovis
890 1726 921 1779 et
947 1715 1055 1778 Alcini
1079 1714 1155 1778 sono

113 1797 214 1862 vallos
229 1798 448 1882 prseciderent.
495 1799 561 1862 Pro
581 1798 712 1885 singulis
734 1811 838 1863 eutem
854 1799 943 1864 vellis
957 1802 1074 1888 singuli
1092 1815 1155 1866 stu·

112 1897 198 1948 teres
225 1893 296 1948 eret
321 1884 440 1950 mulcta
460 1885 642 1949 constituto.
689 1884 774 1948 Cum
803 1901 908 1948 autem
939 1885 985 1949 illi
1013 1888 1155 1952 damnati

111 1969 257 2046 fuissent,
274 1983 306 2034 et
327 1970 478 2035 mulctum
501 1970 680 2055 persolvere
701 1971 864 2048 deberent,
879 1993 916 2034 uc
938 1985 1070 2056 propter
1086 1974 1155 2058 ejus

112 2055 367 2156 magnitudinem
382 2059 422 2120 sd
437 2056 555 2141 templo
569 2056 784 2120 consedissent
798 2056 967 2142 supplices,
984 2065 1051 2136 ‘ut
1067 2080 1155 2122 com·
1200 2117 1207 2132 ,

113 2143 273 2225 positione
288 2141 378 2218 luctu,
395 2143 489 2207 certis
504 2143 706 2226 pensionibus
721 2141 872 2206 mulctum
894 2143 1065 2230 irrogatam
1082 2164 1155 2229 per·

113 2228 286 2308 solverent,
313 2227 435 2293 Pithiss
458 2234 538 2313 (erat
561 2229 645 2294 enim
672 2239 707 2292 et
727 2230 867 2310 senator)
890 2231 1056 2316 Coreyraeis
1080 2251 1154 2314 per-

96 2353 98 2356 ·
112 2315 223 2394 suasit,
240 2328 276 2379 ut
290 2314 360 2402 lege
374 2317 409 2378 in
423 2337 472 2380 eos
485 2329 624 2403 egerent.
670 2313 721 2379 Illi
738 2337 823 2390 vero,
839 2337 910 2378 cum
925 2328 1057 2401 propter
1071 2315 1154 2381 hanc

112 2400 216 2488 legem
241 2401 281 2464 ob
306 2401 471 2465 tutoribus
491 2411 522 2464 et
546 2403 644 2465 Curia
666 2401 922 2486 prohiberentur,
942 2402 1035 2465 simul
1059 2406 1154 2468 etiem

113 2487 274 2564 audirent,
292 2485 444 2563 Pithism,
456 2487 608 2573 quamdiu
624 2500 752 2551 senstor
766 2501 854 2562 esset,
870 2487 1067 2551 multitudini
1083 2511 1155 2572 per-

114 2594 293 2650 suesurnm,
325 2585 361 2637 ut
389 2572 516 2636 eosdem
546 2573 676 2653 amicos,
705 2573 873 2659 hostesque
904 2573 1042 2650 duceret,
1073 2595 1154 2658 quos

113 2660 340 2736 Atheniensem
365 2658 448 2723 sueto
468 2659 706 2746 conjuratorum
729 2679 837 2742 runnu,
862 2679 934 2722 cum
961 2660 1155 2746 pugionibus

113 2746 148 2808 in
173 2747 327 2812 Senatum
347 2767 389 2810 ex
410 2747 583 2830 improviso
605 2746 797 2828 irrumpunt,
821 2757 946 2808 etcum
969 2746 1074 2831 ipsum
1100 2746 1155 2810 Pi·

114 2830 228 2912 thiom,
243 2848 312 2897 tum
328 2833 421 2896 etism
443 2831 531 2907 slios,
547 2844 613 2896 tum
634 2844 826 2907 senatorum,
842 2851 937 2916 quem
958 2834 1155 2916 privatorum

112 2917 284 2984 homiuum
304 2917 346 2982 ed
365 2919 528 3005 sexaginte
547 2917 753 2982 interficiunt.
800 2917 899 2981 Pauci
918 2939 993 2981 vero
1013 2919 1154 3004 quidem,

113 3006 170 3090 qui
194 3026 267 3070 cum
288 3004 396 3070 Pitbic
412 3019 584 3082 senserant,
601 3004 642 3068 ed
658 3005 799 3068 Atticum
820 3001 991 3082 triremem,
1006 3027 1078 3091 quae
1099 3007 1154 3070 nd·

114 3091 180 3156 huc
195 3089 314 3167 ederet,
330 3090 528 3177 confugiunt.

158 3185 214 3245 71.
241 3178 313 3241 Hoc
333 3175 471 3241 facinore
493 3189 687 3261 perpetrato,
708 3191 740 3240 et
761 3179 943 3242 convocetis
965 3177 1153 3263 Corcyraeis,

113 3263 271 3328 dixerunt
291 3263 363 3328 haec
382 3263 504 3348 optimo
520 3285 598 3337 esse,
613 3275 709 3348 etque
732 3261 793 3325 hoc
816 3263 911 3327 modo
929 3265 1103 3348 Corcyroeos
1120 3267 1153 3328 in

112 3351 299 3416 servitutem
322 3349 365 3414 eb
385 3350 633 3414 Atheniensibus
655 3347 786 3411 minime
804 3348 966 3413 reductum
990 3349 1038 3412 iri.
1060 3371 1098 3414 ac
1120 3350 1154 3414 in

111 3449 277 3522 posterum
301 3450 440 3514 neutros,
457 3435 538 3498 lnisi
559 3457 633 3499 cum
656 3433 787 3520 singulis
807 3434 940 3499 navibus
958 3435 1114 3514 venirent,
1136 3460 1156 3500 e

114 3523 296 3608 Corcyraeis
313 3524 434 3608 pecatis
452 3521 669 3606 recipiendosr
693 3525 720 3583 si
736 3541 812 3584 vero
834 3542 906 3584 cum
928 3519 1084 3605 pluribus,
1100 3545 1155 3587 eos

113 3609 148 3672 in
163 3609 303 3674 hostium
321 3629 466 3684 numero,
482 3607 617 3692 locoque
636 3605 808 3670 ducendos.
855 3606 937 3670 Cum
959 3620 1065 3672 sutem
1084 3608 1155 3674 haec

113 3694 286 3773 dixissent,
306 3695 460 3780 populum
485 3695 517 3756 in
542 3713 631 3757 susm
655 3693 845 3756 sententiam
869 3693 1030 3758 decretum
1051 3693 1155 3760 fecere

111 3793 309 3868 coegerunt:
332 3781 501 3865 statimque
515 3778 634 3868 legatos
650 3775 793 3842 Athenas
807 3780 973 3856 miserunt,
990 3781 1043 3866 qui
1059 3794 1091 3845 et
1105 3805 1155 3846 res

111 3883 218 3956 gestes
242 3867 436 3952 nuntiarent,
451 3879 483 3929 et
499 3865 545 3929 itu
563 3863 649 3929 fecto
667 3885 748 3948 opus
768 3863 861 3930 fuisse
880 3866 1153 3932 demonstrarents

145 4042 205 4088 tUt
216 4042 374 4101 pensionibus
384 4041 506 4086 solverent
522 4042 548 4085 tn
563 4038 668 4099 singulos
683 4051 755 4084 conor
770 4038 807 4083 cet
821 4051 907 4086 mererer
923 4039 1019 4086 teretis.
1053 4039 1092 4086 lte
1103 4041 1156 4086 Bu·

112 4106 332 4230 &i'Nisinliiiiicl
344 4183 401 4218 cum
419 4169 522 4231 singrrllr
541 4167 638 4213 uenient
654 4167 767 4224 novibus,
779 4167 936 4227 recipiendos.
974 4166 1040 4214 vetto
1059 4175 1083 4214 et
1095 4167 1155 4213 Asc·

113 4237 170 4283 eius.
206 4237 289 4284 lusu.

607 4311 629 4356 u
648 4302 665 4356 8
