2964 4786
380 362 628 435 HISTORIAE
651 362 739 430 Llll.
764 363 841 430 Vll.
1075 376 1139 434 4³5

107 545 191 687 isidi:
204 535 768 708 wimiis-xssadfflddniie
795 557 891 605 mm
915 534 1138 618 memma,
1161 555 1246 681 giii-

148 715 198 772 51.
221 708 410 795 Syracusani
434 730 521 789 vero,
535 729 608 773 cunr
630 707 693 773 hoc
711 709 954 789 intellexissent,
968 709 1082 776 anintis
1103 723 1135 778 et
1150 685 1252 810 (iffi

108 791 163 876 ipsi
177 793 277 860 multo
298 794 399 880 megin
415 795 512 862 erecti
527 809 602 860 sunt
623 796 663 860 nd
688 795 930 890 Atheniensium
952 795 1059 883 fugam
1076 798 1135 862 im·
1166 764 1241 860 sis

104 875 299 960 pudendam,
314 879 400 968 quod
420 880 468 946 vel
491 881 550 965 ipsi
565 881 763 946 Athenienses
779 880 846 966 jam
868 894 1087 968 agnoscerent,
1102 905 1136 950 te
1162 877 1194 925 Ὀ·
1212 877 1241 926 ⁰·

104 982 203 1062 neque
226 963 337 1044 classe,
362 987 466 1053 neque
484 963 639 1050 peditatu,
662 965 868 1050 Syracusanis
889 966 1026 1050 amplius
1040 990 1135 1053 supe·
1160 940 1237 1055 ζξῖ

104 1067 197 1115 ποτα
211 1072 286 1116 esse.
332 1049 402 1116 Neo
421 1051 517 1126 enim,
532 1049 680 1118 furtivam
700 1049 874 1119 abitionem
897 1051 1065 1118 molituros
1085 1054 1135 1122 iu·

103 1132 170 1212 isse,
184 1137 354 1202 uedehuut.
400 1135 504 1203 Simul
518 1137 613 1203 ctiam
627 1136 714 1222 quod
729 1135 850 1202 nollent
869 1159 923 1202 eoa
947 1137 982 1201 in
996 1137 1136 1224 eliquans

101 1218 191 1286 elium
216 1222 335 1288 Sicilioe
358 1235 483 1306 portem
505 1221 674 1306 proiectos,
695 1221 740 1286 ihi
762 1222 938 1300 estundere,
960 1236 993 1286 et
1011 1244 1137 1309 oppug-

1 1319 3 1358 l
101 1317 174 1370 natu
189 1306 380 1373 difficiliores
401 1329 489 1372 esser
512 1306 569 1372 sed
582 1303 648 1372 illic
669 1308 776 1392 primo
790 1330 918 1393 quoque
932 1319 1087 1393 tempore,
1102 1323 1136 1376 et

1 1401 3 1450 e
100 1389 132 1454 in
146 1390 219 1458 loco
238 1393 298 1458 sibi
320 1393 501 1470 commodo,
516 1393 603 1476 ipsos
622 1392 666 1460 ad
687 1392 836 1476 proelium
858 1393 970 1460 nerele
989 1395 1135 1460 commit·

97 1477 228 1542 tendum
241 1478 371 1564 adigme
384 1481 506 1546 neilmt.
550 1478 656 1544 Nares
676 1478 774 1564 igitur
787 1479 945 1546 instruere
954 1493 1132 1565 coeperunt,

96 1572 128 1626 et
141 1563 264 1650 aliqum
277 1565 356 1643 dies,
373 1576 451 1650 quot
472 1564 548 1630 satis
569 1585 636 1628 ease
655 1563 732 1648 ipsis
754 1564 810 1638 visi
833 1577 916 1644 aunt,
928 1586 968 1630 se
981 1587 1134 1632 exercue-

96 1660 179 1712 runt
226 1649 398 1736 Postquam
414 1671 490 1714 vero
503 1663 629 1734 tempus
643 1661 859 1734 opportunum
872 1651 1010 1730 sdvenit,
1026 1652 1134 1735 priore
1162 1663 1228 1723 sug

95 1733 224 1817 quidem
239 1735 292 1800 die
306 1737 345 1800 ad
368 1733 610 1800 Atheniensium
633 1735 824 1800 munitiones
838 1749 1047 1814 sumserunt,
1063 1759 1133 1802 eas·
1179 1727 1220 1776 ²⁸·

94 1839 157 1904 que
177 1841 367 1908 oppugnare
388 1832 570 1906 creperum:
593 1841 731 1919 cumque
756 1820 902 1906 quiedam
925 1843 991 1886 uon
1016 1843 1134 1910 magna

1 1921 3 1965 i
94 1924 218 1982 manus,
236 1921 300 1972 tam
314 1908 420 1994 grauis
433 1918 605 1971 armaturas
627 1904 773 1983 milrtunr,
790 1927 884 1991 qnam
906 1907 1059 1993 equitum,
1074 1929 1133 1993 per

93 1991 250 2076 quaedam
273 2005 382 2076 portes
409 1992 608 2075 eruptionem
637 1991 670 2056 in
698 2011 754 2056 eos
782 1990 918 2071 iecisset,
946 1993 1133 2077 Sysaamu

90 2076 268 2142 nonnullos
281 2080 403 2142 illorum
423 2077 530 2164 gravis
552 2087 724 2142 armeturae
746 2075 860 2142 milites
881 2078 1131 2160 interoeperuut,

91 2173 266 2228 acceleres
279 2163 313 2227 in
327 2162 436 2250 sugam
452 2181 559 2226 versos
572 2162 753 2246 persequuti
769 2174 852 2228 sunt.
896 2162 1059 2238 Quoniam
1073 2184 1132 2227 au·

1 2303 2 2306 ,
89 2258 154 2312 tem
182 2248 246 2326 via,
268 2269 334 2334 qus
358 2247 498 2312 incursio
524 2246 631 2325 fiebat,
657 2262 726 2312 eret
749 2259 894 2335 angusta,
920 2247 1132 2316 Athenienses

1 2363 2 2394 1
90 2332 271 2486 amiserqpt
292 2335 492 2421 septuaginta
510 2333 641 2420 equites,
657 2347 689 2402 et
709 2332 880 2402 nonnullos
899 2333 1006 2422 gravis
1024 2351 1131 2402 utma-

87 2432 172 2486 tnrre
187 2420 233 2486 m'
247 2419 318 2486 ites.

131 2515 189 2574 59.
219 2507 326 2594 Atque
353 2506 416 2572 hou
443 2507 570 2593 quidem
595 2506 649 2571 die
678 2507 950 2594 Syracusanorum
974 2508 1130 2573 exercitus
1138 2517 1249 2583 Augen

1 2623 2 2626 ¹
83 2593 179 2658 illiue
192 2615 229 2658 se
242 2593 372 2676 recepit.
418 2592 550 2657 Postero
563 2613 640 2657 vero
652 2591 715 2670 die,
727 2611 800 2658 cnm
816 2611 874 2656 sex
885 2603 917 2656 et
930 2593 1131 2680 septuaginta

82 2677 226 2744 navibus
239 2678 435 2763 prodierunt,
450 2692 483 2744 et
497 2699 569 2742 cum
580 2677 723 2762 peditatu
738 2674 831 2742 simul
845 2677 887 2742 sd
896 2677 1130 2744 Atheniensium

84 2765 286 2830 munitiones
299 2783 477 2848 perrexere.
520 2761 728 2828 Athenienses
749 2783 824 2828 sero
838 2783 911 2827 cum
925 2783 981 2828 sex
995 2774 1028 2828 et
1040 2777 1131 2830 octo·

80 2849 176 2935 ginta
198 2849 336 2914 naribus
356 2847 482 2912 obviarn
505 2847 580 2932 ipsis
604 2847 740 2926 iverunt,
758 2860 878 2913 etcum
892 2847 934 2912 ed
949 2867 1062 2918 manua
1076 2871 1129 2914 ve·

82 2935 222 3012 nissent,
243 2933 393 3019 proelium
417 2932 530 2998 novole
554 2933 791 3001 commiserunt.
836 2932 880 2998 Et
905 2932 1129 3019 Eurymedon·

79 3030 145 3086 tem
164 3019 243 3107 (qui
256 3019 406 3084 dextrum
430 3017 671 3084 Atheniensium
694 3038 794 3082 corun
816 3017 955 3095 tenebat,
970 3019 1130 3084 etadver·

79 3107 247 3171 sariorum
270 3125 366 3170 naves
390 3101 641 3169 circumcludere
665 3101 802 3179 volebat,
823 3123 861 3166 ao
883 3104 953 3166 ideo
975 3104 1127 3170 'numum

157 3213 204 3258 en
220 3189 318 3291 longo
331 3189 411 3254 serie
422 3199 624 3254 extenuamm
663 3187 836 3252 roduxerat
848 3188 981 3271 propina
994 3191 1128 3271 mnam)

102 3297 284 3364 ymcnsam
304 3276 453 3362 sociique,
480 3294 554 3338 cum
579 3293 610 3336 m
653 3273 719 3348 ium
747 3272 990 3338 Atheniensium
1015 3295 1128 3358 agnen

73 3363 230 3448 primum
244 3361 404 3440 vicissent,
417 3360 523 3444 ipsum
545 3377 674 3444 quoquo
695 3357 729 3422 in
751 3379 893 3424 concavo
906 3370 1018 3458 portua
1031 3371 1128 3445 utque

73 3449 200 3514 intimo
231 3447 299 3534 ejus
329 3467 449 3511 recessu
475 3445 712 3527 interceperunt
720 3465 730 3519 3
752 3455 785 3508 et
813 3464 887 3508 cum
912 3463 1027 3528 ipsum,
1056 3457 1127 3509 tum

74 3535 179 3600 etiam
196 3553 304 3612 nares,
315 3553 389 3619 quae
399 3531 504 3615 ipsum
516 3527 971 3616 sequebantunproiligaruut.
996 3527 1127 3594 Deinde

70 3641 155 3686 vero
171 3618 332 3703 reliquam
354 3615 450 3682 etiem
473 3613 712 3680 Atheniensium
736 3613 867 3680 classem
877 3614 946 3699 jam
968 3614 1126 3701 persequi,

71 3719 107 3772 et
122 3705 169 3771 ad
188 3719 310 3770 terram
325 3700 502 3788 propellere
516 3713 695 3783 coeperunt.

117 3801 180 3859 58.
209 3789 371 3874 Gylippns
394 3807 478 3863 vcro,
494 3803 626 3850 cernens
645 3782 783 3850 hostiurn
800 3783 931 3851 classem
948 3785 1016 3884 jam
1032 3806 1126 3870 snpe-

69 3879 153 3957 rsri,
180 3887 219 3941 et
240 3887 331 3940 extra
344 3871 481 3968 ‘nullum
503 3883 535 3936 ct
554 3891 611 3936 sua
626 3882 728 3936 castra
754 3869 898 3956 proferri,
920 3889 1051 3955 cupiens
1072 3891 1126 3934 eos

99 4123 123 4152 Β
141 4121 239 4178 Atque
252 4115 306 4162 hec
316 4113 435 4162 runctan's
453 4110 642 4158 Atheniensibus
652 4119 725 4156 cause
736 4119 812 4154 mora
823 4105 878 4152 Arit-
900 4103 980 4164 Steph.
1010 4101 1093 4152 unns.

99 4187 114 4218 ὓ
134 4183 171 4231 in
181 4191 231 4228 eas
241 4179 332 4226 laxiore
342 4179 417 4224 ductu
426 4176 561 4222 terendam
571 4173 671 4235 propius
681 4179 781 4219 terram.
801 4169 875 4215 Veiis.
903 4165 990 4216 Wsss.

100 4253 115 4282 ο
134 4248 329 4308 ugneasepts.
358 4241 446 4289 iluna.
575 4299 651 4364 ΕΗ
