3004 4768
405 309 654 380 HISTORIAE
677 314 769 382 LIB.
791 315 870 382 VII.
1102 326 1167 384 45³

129 491 284 562 premunt.
330 481 414 547 Nam
436 496 469 549 et
530 507 560 562 ο,
583 487 729 572 quamvis
758 489 862 574 neque
882 489 1023 571 corpora
1043 487 1163 555 viribus
1196 501 1258 548 Bell·

129 564 277 632 valentior
291 567 362 646 sim,
379 591 474 655 quam
491 594 511 635 u
524 571 574 636 lus
592 570 634 635 de
648 572 747 650 vobis,
765 577 835 659 (vos
855 573 1018 658 enimipsi
1033 575 1100 660 jam
1118 577 1163 638 vi·
1185 566 1267 626 ‘⁸¹⁰¹'

127 648 212 729 detis,
238 665 273 718 ut
302 653 415 718 morbo
441 655 499 720 sim
526 655 687 739 affectum)
712 680 813 759 neque
839 657 986 724 felicitate
1011 659 1161 746 cuiquam
1176 627 1276 754 δῗγὲζζ

127 736 280 802 secundus
299 751 394 804 antea
414 738 508 805 firisse
529 741 648 820 uidear,
664 764 737 807 cum
760 764 794 807 m
818 745 941 828 privata
954 745 1030 826 vita,
1046 759 1113 811 tum
1128 745 1161 812 in
1186 755 1263 806 em.

127 823 245 888 crateris
259 824 364 903 rebus,
379 847 466 891 nunc
479 837 581 891 tumen
596 828 629 892 in
645 827 756 893 eodem
779 829 921 914 periculo
935 830 1077 915 pendens
1091 853 1162 894 ver·
1190 821 1219 933 ξ·
1232 823 1260 869 ⁰·
1359 905 1363 914 .

127 927 185 986 sor,
200 908 234 972 in
257 931 323 995 quo
343 911 392 976 vel
414 912 632 998 abjectissimas
655 913 845 979 conditionis
867 914 1013 980 homiues
1033 937 1162 981 versan-
1195 899 1260 998 gfff

127 1003 185 1057 tur.
230 994 327 1071 Quen
351 1018 425 1061 uam
454 997 555 1062 multa
583 999 711 1085 quidem
740 1021 781 1064 ex
810 1001 922 1085 patriis
946 1001 1097 1066 institutis
1121 1001 1164 1067 ad

125 1077 269 1170 pietatem
349 1083 375 1146 is
403 1082 617 1167 proestandam
645 1097 802 1186 perpetuo
823 1085 902 1162 seci3
933 1086 1041 1150 multis
1066 1089 1163 1152 etiam

125 1164 247 1248 pietatis
267 1166 391 1252 officiis,
412 1190 486 1253 quae
508 1168 626 1234 debent
648 1169 768 1235 uiridia
789 1192 906 1249 carere,
923 1172 1071 1237 mortales
1093 1193 1164 1236 sum

124 1265 344 1338 prosequutus.
390 1252 510 1331 Quare,
537 1258 674 1338 qrscmvis
694 1267 801 1321 nemra
810 1259 950 1343 fortune
970 1279 1092 1340 proram
1113 1255 1165 1340 cs-

111 1336 209 1422 flicta
238 1339 392 1417 uideatur,
416 1361 519 1404 rerum
543 1351 650 1404 tamen
672 1340 853 1406 futurarum
876 1363 949 1427 spes
971 1355 1018 1408 est
1040 1343 1163 1420 audax3

126 1420 180 1486 sed
199 1421 313 1502 clades,
337 1445 415 1510 quas
436 1425 526 1490 nullo
546 1438 657 1491 nostro
677 1428 793 1492 merito
815 1430 1003 1514 accepimus,
1027 1451 1081 1494 nos
1096 1430 1163 1515 jam

124 1519 253 1573 terrent.
299 1511 344 1576 At
372 1508 504 1576 fortasse
532 1511 709 1578 cessabunt.
755 1513 840 1578 Nam
869 1526 901 1578 et
930 1514 1006 1578 satis
1032 1512 1165 1580 feliciter

123 1613 196 1656 cum
218 1591 360 1660 hostibus
382 1609 430 1662 est
450 1609 568 1674 actum,
583 1608 625 1676 et,
642 1597 668 1662 si
690 1599 743 1663 cui
762 1599 908 1664 Deorum
930 1599 1023 1664 invisi
1043 1599 1164 1664 bellum

123 1676 185 1742 boc
199 1683 403 1766 suscepimus,
419 1681 494 1747 satis
514 1704 684 1768 poenarum
700 1685 769 1770 jam
789 1684 944 1750 dedimus.
990 1685 1118 1750 Etenim
1133 1697 1165 1752 et

123 1763 177 1830 alii
205 1765 353 1832 nonnulli
371 1769 438 1853 jam
462 1768 580 1834 bellum
609 1769 679 1834 aliis
707 1769 895 1847 intulerunt,
923 1773 1073 1856 quicum
1104 1769 1164 1835 hu·

123 1850 262 1917 manitus
291 1865 484 1938 peccassent,
510 1875 625 1938 poeuas
653 1867 759 1921 tamen
788 1854 967 1920 tolerabiles
995 1855 1164 1922 dederunt.

122 1935 342 2013 Quamobrem
364 1939 532 2004 verisimile
554 1940 690 2020 videtur,
712 1963 772 2008 nos
793 1963 920 2029 quoque
941 1962 1027 2007 nunc
1049 1941 1167 2014 debere

121 2043 258 2107 sperare,
275 2023 383 2089 Deum
397 2025 505 2091 mitius
519 2026 687 2092 nobiscum
701 2049 769 2092 esse
783 2039 940 2092 acturum.
984 2027 1058 2091 Jam
1078 2027 1165 2091 enim

119 2107 266 2197 ipsorum
290 2111 425 2176 Deorum
447 2111 675 2193 misericordis,
700 2133 795 2198 quam
823 2114 908 2190 odio,
931 2131 1039 2178 sumus
1060 2112 1165 2199 digni·

120 2213 204 2272 ores,
219 2207 251 2260 et
272 2199 411 2262 conuenit
432 2219 493 2277 vos,
509 2219 582 2264 cum
597 2197 729 2262 videatis
743 2219 799 2263 vos
821 2199 918 2284 ipsos,
933 2198 1042 2286 quales
1056 2210 1088 2263 et
1108 2197 1166 2284 qui

118 2281 227 2366 gravis
241 2293 412 2348 armatura
428 2283 543 2348 milites
556 2284 624 2349 acie
642 2285 794 2349 instructa
816 2285 956 2371 pergitis,
971 2284 1084 2350 animis
1099 2304 1166 2348 nou

118 2365 217 2432 nimis
230 2369 438 2434 consternari.
468 2369 654 2446 Quinetiam
670 2368 748 2435 illud
763 2369 910 2458 cogitate,
919 2393 974 2435 vos
987 2371 1084 2470 ipsos,
1094 2369 1166 2435 ubi·

118 2473 249 2538 cunque
262 2454 477 2532 comederitis,
493 2455 538 2519 ibi
552 2455 698 2540 protinus
712 2456 796 2522 vobis
810 2458 887 2538 apsis
901 2477 967 2520 esse
981 2457 1140 2520 civitatem
1154 2478 1164 2534 ;

117 2550 155 2603 et
171 2537 251 2616 fore,
268 2552 303 2605 ut
323 2539 413 2606 nulla
434 2540 494 2606 alia
511 2541 682 2606 Siciliensis
696 2543 807 2607 ciuitas
820 2553 876 2607 aut
890 2555 1041 2619 vestrum,
1057 2541 1083 2603 si
1097 2562 1166 2604 eam

118 2623 289 2706 invadatis,
315 2626 357 2689 im
382 2639 468 2692 etum
494 2626 587 2692 facile
608 2625 772 2709 sumiueat,
793 2639 860 2704 aut
884 2629 909 2692 si
936 2627 1025 2691 sedes
1048 2625 1165 2690 alicubi

116 2709 269 2789 fixeritis,
285 2647 432 2796 expellat.
473 2712 542 2778 Iter
556 2725 661 2778 autem
677 2725 713 2778 ut
727 2725 797 2778 tuto
811 2725 843 2778 et
858 2713 987 2777 servatis
1001 2710 1165 2776 ordinibus

116 2794 189 2874 flat,
205 2817 337 2884 operam
353 2798 484 2884 vosipsi
500 2812 592 2865 caute
605 2798 734 2876 dabitis,
748 2797 831 2863 nihil
844 2798 930 2864 eliud
951 2798 1166 2885 unusquisque

116 2901 230 2947 secum
252 2883 320 2968 ipse
340 2895 501 2970 reputans,
517 2884 588 2962 nisi,
604 2905 794 2971 quocunque
816 2885 850 2948 in
865 2887 938 2949 loco
951 2904 1096 2970 pugnare
1110 2903 1164 2946 co·

115 2979 212 3033 actus
225 2967 331 3050 fuerit,
345 2969 442 3048 bunc,
459 2970 484 3034 si
500 2969 631 3036 victoria
645 2970 796 3054 potiatur,
811 2983 843 3034 et
856 2969 993 3055 patriam
1007 2981 1039 3032 et
1054 2967 1165 3032 urbem

115 3051 183 3119 sibi
206 3052 361 3120 futurum.
406 3055 473 3120 lter
501 3069 607 3120 autem
637 3068 669 3120 et
696 3065 795 3119 noctu
819 3066 852 3119 et
880 3054 1017 3119 interdiu
1047 3053 1167 3137 pariter

116 3161 242 3223 magna
262 3140 464 3207 festinatione
484 3139 664 3206 faciendum
685 3141 757 3205 erit.
802 3139 947 3225 Exiguos
970 3139 1054 3205 enim
1079 3159 1167 3203 com·

114 3237 246 3290 meanis
260 3225 423 3292 babemus.
461 3225 547 3293 Etsi
562 3225 648 3312 quod
663 3226 800 3290 amicum
816 3224 971 3310 oppidum
986 3223 1166 3290 Siculorum

116 3311 210 3376 nacti
231 3310 394 3390 fuerimus,
411 3313 477 3395 (isti
498 3311 583 3378 enirn
604 3325 736 3397 propter
753 3311 1025 3397 Syracusanorum
1047 3319 1166 3373 metum

114 3395 230 3462 adhuc
241 3419 319 3484 erga
333 3419 392 3461 nos
406 3397 439 3462 in
455 3397 520 3462 fide
538 3409 720 3463 constanter
776 3395 889 3477 uetant)
907 3397 975 3482 jam
992 3415 1067 3458 vero
1081 3394 1167 3457 exis·

113 3484 245 3561 timete,
261 3505 317 3548 vos
331 3484 365 3546 in
386 3483 458 3549 loco
479 3496 550 3548 tuto
571 3505 647 3548 esse.
692 3485 722 3549 A
769 3503 822 3547 eos
837 3502 913 3546 vero
927 3482 1067 3544 nuntium
1082 3499 1167 3563 prae·

114 3567 252 3647 mittite,
267 3569 324 3656 qui
340 3568 452 3655 jubeat
470 3591 521 3635 eos
542 3568 630 3635 nobis
650 3568 778 3632 obviarn
793 3567 912 3645 venire,
927 3579 960 3630 et
980 3565 1058 3630 alios
1079 3585 1167 3628 com-

114 3665 248 3736 pseutus
262 3653 383 3720 afferre.
422 3655 462 3719 In
476 3675 601 3719 summa
614 3655 671 3718 lace
685 3653 800 3731 sciatis,
816 3651 1166 3730 militen-necessarium

114 3761 193 3807 esse
214 3737 315 3819 vobis,
330 3739 407 3808 viris
428 3762 496 3806 esse
517 3737 663 3817 fortibus,
681 3738 767 3824 quod
788 3737 897 3804 nullus
921 3738 962 3802 sit
983 3737 1072 3802 locus
1091 3757 1167 3822 pro·

114 3827 274 3912 pinquus,
291 3847 366 3912 quo,
382 3827 407 3890 si
425 3826 540 3914 ignave
554 3846 610 3889 vos
630 3824 799 3912 gesseritis,
815 3824 892 3889 salvi
913 3823 1078 3908 pervenire
1092 3842 1168 3906 pos-

116 3911 215 3988 sitis3
245 3925 287 3990 et,
311 3913 338 3975 si
364 3933 450 3977 nunc
478 3911 584 3976 hostes
608 3910 793 3989 devitaritis,
820 3921 952 3975 ceteros
977 3906 1105 3994 quidem
1131 3909 1169 3970 de

115 3997 212 4064 vobis
226 4019 264 4061 ea
282 4010 543 4086 consequuturos,
558 4017 631 4083 quae
653 3997 788 4060 revisere
809 3993 1048 4078 concupiscitis3
1072 3991 1170 4055 Athe·

116 4084 253 4148 nienses
274 4104 350 4149 vero
371 4102 520 4171 magnam
544 4092 651 4148 vestre
671 4083 805 4146 civitatis
827 4081 1011 4165 potentiam,
1028 4076 1086 4141 etsi
1104 4076 1169 4140 col-

116 4165 262 4254 lapsam,
293 4182 461 4236 erecturos.
508 4169 578 4232 Viri
608 4169 692 4233 enim
721 4177 791 4232 mut
820 4167 940 4243 civitas,
971 4185 1036 4230 non
1065 4175 1170 4228 autem

115 4255 258 4332 moenia,
274 4276 378 4342 neque
392 4255 576 4320 naves'viris
591 4255 733 4319 vacuoe.’'

620 4360 642 4402 a
657 4363 680 4426 p
697 4349 716 4404 8
