3004 4768
347 302 413 362 590
716 293 1023 362 THUCYDIDlS

252 477 314 528 usu
346 477 396 532 ter
410 465 583 553 navigandi
604 465 824 532 difficultatem
848 467 912 534 illio
933 467 1182 555 quinquereme
1201 465 1270 532 dies
1286 487 1387 530 mora·

237 542 329 658 ἵξιζῗ
347 551 531 629 maluisset,
549 553 665 618 Chium
683 555 838 638 pervenit.
890 641 899 655 ⁶
1061 641 1067 653 ἣ
1173 640 1181 653 ·
1268 640 1276 653 ·
1342 639 1349 651 Ι

233 671 332 784 ‘lut
345 639 1388 814 nlhsllltllltthll{thellttltttttllt

246 801 318 910 θ’θ’
346 814 437 878 vibus
460 813 559 877 Semo
579 812 731 888 discesit,
747 833 935 897 properans,
959 834 999 878 ne
1019 812 1074 878 ille
1095 813 1184 876 ocius
1204 815 1238 876 in
1261 810 1389 876 Helles·

252 879 320 980 ὦ·
344 911 479 984 pontum
495 897 726 985 ingrederetur.
771 899 836 963 Sed
851 919 925 964 cum
940 899 1089 978 audisset,
1101 899 1288 964 Mirtdcrrnn
1304 898 1390 983 apud
1492 973 1493 988 χ

345 984 464 1050 Chium
480 1007 558 1064 ease,
572 1007 646 1050 curn
661 987 755 1050 etism
778 985 1000 1062 existimasset,
1015 985 1120 1069 ipsum
1142 983 1209 1050 illic
1228 985 1390 1050 subsesso-
1492 991 1493 1052 ]

344 1093 428 1149 rum,
444 1075 655 1156 speculatores
669 1070 798 1157 quidem
814 1087 846 1136 et
861 1071 894 1136 in
918 1071 1024 1136 Lesbo
1045 1086 1077 1136 et
1098 1071 1130 1134 in
1147 1071 1299 1155 opposita
1314 1093 1390 1136 cou-

344 1158 465 1222 tinente
484 1157 661 1237 collocavit,
677 1179 718 1222 ne
731 1179 827 1220 naves
842 1156 918 1238 illtc,
934 1158 960 1222 si
982 1157 1064 1222 forte
1085 1156 1194 1244 aliquo
1209 1157 1390 1242 proticisce-

241 1254 315 1304 rnmo
344 1257 465 1321 rentur,
479 1245 574 1327 ipsum
590 1242 734 1308 laterent.
781 1243 854 1327 Ipse
868 1265 1029 1308 verocum
1047 1243 1146 1308 classe
1162 1243 1389 1329 Methymnam

241 1319 310 1370 '⁰¹⁵¹'
343 1329 514 1416 profectus,
529 1330 662 1394 lerinam
678 1343 709 1394 et
723 1342 840 1394 coetern
861 1332 1037 1395 necessaria
1057 1350 1099 1415 ap
1144 1331 1207 1394 rari
1218 1331 1327 1415 jussit,
1346 1345 1389 1406 ut,

342 1418 370 1481 ai
386 1420 488 1502 major
502 1437 593 1514 mora
608 1415 708 1516 fieret,
725 1437 765 1480 ex
789 1415 894 1480 Lesbo
917 1415 1037 1516 Chium
1060 1418 1173 1480 inccta
1195 1416 1296 1481 classe
1310 1419 1388 1501 peti·

343 1517 471 1654 {tlh
492 1501 1015 1673 {llllt'lllttllhl't
1041 1501 1390 1676 {obiicim-

344 1674 432 1740 Nam
455 1673 750 1759 Methymnteorum
774 1675 909 1754 exsules,
924 1678 980 1761 qui
1001 1697 1066 1741 non
1087 1676 1232 1739 minimae
1251 1677 1388 1739 auctori·

344 1761 418 1826 tatis
432 1776 533 1836 eraut,
549 1781 623 1825 cum
638 1760 679 1825 sd
699 1761 932 1847 quinquaginta
946 1762 1051 1848 gravis
1074 1760 1245 1826 armaturae
1260 1761 1388 1839 milites,

343 1848 399 1934 qui
414 1848 563 1912 amicitias
577 1868 673 1947 causa
686 1869 740 1911 eos
755 1849 880 1946 sequuti
895 1847 1030 1924 fuerant,
1049 1849 1153 1946 Cuma
1177 1862 1391 1948 transportas-

343 1933 815 2098 {²3¹¹‘2’12‘023235‘inii'2‘313ii
823 1934 983 2084 chiffl?
1006 1933 1391 2106 {libidini-iffi

342 2106 426 2172 duce
450 2106 585 2184 delecto,
614 2105 837 2192 Methymnam
865 2106 1005 2190 primum
1033 2107 1138 2170 adorti
1162 2105 1312 2172 luerunt:
1335 2107 1390 2172 sed

342 2193 385 2257 de
398 2215 439 2258 eo
452 2205 569 2258 conatu
585 2192 709 2292 dejectu
725 2204 856 2278 propter
872 2191 1112 2258 Atheniensium
1128 2191 1318 2293 prtesidium
1334 2197 1391 2258 ad-

344 2277 1393 2450 tlh{tltlltt'l'tlt}llttltlttt‘ltttltt:

346 2450 496 2518 Ereasum
511 2450 552 2517 ad
567 2449 776 2516 defectionem
799 2451 1032 2535 compulerunt.
1078 2449 1269 2539 Thrasyllus
1293 2453 1392 2536 igitur

343 2537 494 2602 adversm
508 2559 577 2602 esur
600 2559 673 2602 curn
697 2551 766 2603 tota
786 2537 884 2602 classe
904 2536 1075 2622 profectus,
1091 2559 1157 2602 eom
1178 2539 1313 2626 aggredi
1328 2553 1391 2604 stn-

343 2623 463 2689 tuebat.
510 2624 572 2690 Sed
585 2637 617 2688 et
629 2623 852 2710 Thrasybulus
865 2643 938 2688 cum
949 2625 1026 2708 quin
1049 2645 1090 2689 ue
1106 2625 1273 2690 navibuse
1291 2625 1389 2691 Samo

343 2723 418 2774 ante
441 2713 539 2794 ipsius
561 2713 723 2776 cdoentmn
747 2710 824 2775 illuc
849 2709 1010 2795 profectus
1028 2646 1147 2788 iuerat,
1165 2733 1239 2776 cum
1261 2711 1307 2776 de
1327 2713 1391 2777 hoc

341 2796 488 2860 exsulum
514 2797 647 2881 trajectu
671 2797 809 2862 nuntius·
827 2795 902 2882 ipsis
925 2795 1038 2862 allatus
1063 2795 1182 2864 suisset.
1229 2797 1296 2862 Sed
1314 2821 1389 2864 cum

342 2884 442 2946 aerius
463 2903 499 2949 eo
518 2883 662 2959 venisset,
678 2905 732 2946 ner
754 2885 837 2966 ipsos
859 2885 977 2949 exsules
999 2893 1176 2968 assequutus
1184 2884 1319 2968 ficisset,
1335 2888 1390 2950 ad·

343 2989 451 3033 versus
474 2967 625 3033 Eressum
646 2969 816 3056 profectus,
833 2969 1001 3034 stationem
1023 2983 1135 3034 contre
1154 2991 1222 3034 eom
1239 2970 1389 3038 habehat.

343 3055 515 3120 Accessere
539 3055 791 3138 praeterendum
817 3055 964 3141 quoedem
990 3077 1084 3120 naves
1107 3077 1146 3120 ex
1175 3055 1390 3142 Hellesponto

341 3140 473 3206 domum
489 3141 668 3220 redeuntes,
683 3155 716 3206 et
732 3140 973 3227 Methymnaeae.
1018 3142 1123 3207 Naves
1136 3157 1242 3207 autem
1260 3146 1389 3210 univer-
1494 3173 1496 3200 l

342 3249 397 3306 soe,
413 3249 485 3312 quie
508 3238 580 3292 tunc
594 3230 658 3292 illic
679 3229 821 3305 aderant,
837 3239 928 3292 erant
950 3249 1084 3292 numero
1103 3244 1224 3314 septem
1248 3247 1281 3295 et
1296 3254 1390 3295 sexa·-
1495 3241 1496 3300 l

340 3313 1389 3488 lllnttlllttlhbllttllttltttttltlffi

1379 3453 1390 3484 2

341 3502 610 3637 exdddndrdtbim
626 3593 700 3637 vero
716 3571 896 3650 Mindarus,
912 3586 944 3637 et
966 3519 1272 3658 deloponuesiorum
1290 3597 1389 3640 naves

340 3679 383 3721 ex
400 3657 486 3722 Chio
496 3658 657 3745 profecta,
669 3679 743 3722 cum
758 3659 895 3724 duorum
912 3659 1035 3724 dierum
1050 3661 1172 3726 cibaria
1187 3661 1389 3741 sumsissent,

341 3744 1262 3898 tlzulfflllrmuwmm
1274 3748 1386 3848 Chi-⁸⁵³

340 3916 484 3981 ciderent
497 3855 534 3980 id
546 3853 740 4004 navesffddoe
757 3854 798 3983 dd
822 3847 1387 4002 Epwugmuggasntpoeugugtgffi

343 4002 484 4068 Lesbum
503 4003 666 4080 hebentes,
683 4007 716 4068 in
738 4005 954 4070 continentem
979 4006 1180 4094 navigarunt.
1225 4007 1312 4072 Corn
1327 4031 1385 4073 an·

342 4101 405 4158 tem
421 4091 463 4154 ed
484 4093 561 4174 agri
578 4088 727 4154 Phocaici
742 4105 871 4176 portum
895 4091 928 4155 in
948 4092 1107 4157 Cratereia
1129 4096 1220 4158 situm
1242 4093 1386 4180 appulis-
1495 4169 1496 4178 ἵ

342 4187 422 4252 sent,
438 4191 470 4240 et
485 4176 654 4261 prandium
671 4179 717 4241 ibi
733 4177 926 4255 sumsissent,
942 4199 1028 4242 orum
1044 4180 1224 4244 Cumanam
1249 4195 1383 4264 praeter·

342 4261 424 4325 vecti
443 4276 648 4327 coenuverunt
663 4263 696 4326 in
715 4264 895 4351 Arginusis,
911 4287 983 4350 quae
1008 4279 1081 4332 sunt
1104 4267 1137 4331 in
1158 4269 1344 4333 continente
1366 4291 1385 4332 e
