3004 4768
394 304 643 375 HISTORIAE
665 307 755 374 LIB.
778 306 877 376 VIII.
1091 318 1155 379 469

139 499 190 542 ute
213 479 254 543 ad
279 477 488 546 obsidendam
510 479 818 566 Peloponnesiorum
841 477 972 544 classem
1001 479 1155 566 proiectae
1186 504 1246 552 neu

8 577 9 590 ³
114 499 251 641 inerant,
266 565 411 630 celeriter
424 567 594 631 instructas
614 567 786 643 miserunt3
808 577 841 632 et
854 566 932 630 alias
955 565 1088 654 triginta
1100 589 1151 632 ar·
1174 569 1258 629 serap.

8 725 9 740 χ
113 671 204 714 mare
224 651 256 714 in
280 652 388 716 animo
409 652 580 717 habebant.
625 652 669 717 Et
682 673 835 740 magnum
857 664 926 717 erat
946 654 1068 718 iliortun
1086 632 1270 760 stu-ffiffi

8 743 9 766 ³
111 734 215 814 dium,
226 750 259 800 et
271 736 347 800 nihil
363 741 454 822 parvi
464 739 686 817 moliebantur,
697 737 970 805 utsuitauxilium
986 736 1152 806 'adversus
1183 718 1239 820 ⁹⁷¹!

8 813 9 852 ¹
114 820 235 886 Chium
250 824 424 889 mitterent.
1070 841 1092 892 ‘.
1176 813 1252 923 ἄρ’,
1348 891 1350 896 .

121 937 126 944 ·
160 916 211 973 16.
235 907 360 974 Interea
382 932 459 974 vero
483 909 734 975 Strambichides
758 931 833 974 cum
861 923 937 975 octo
959 911 1094 978 navibus
1117 913 1150 978 in
1171 930 1244 978 Vm.

114 995 247 1058 Samum
272 996 424 1078 pervenit,
448 1009 480 1062 et
502 997 591 1060 illinc
611 1009 751 1060 assumta
775 1017 840 1060 una
862 997 980 1074 Samia,
995 998 1029 1062 in
1046 997 1152 1064 Teum
1186 994 1244 1059 3⁴3·

110 1080 1068 1236 tttttttfflttiin..tittttitnttt‘i
1094 1084 1152 1235 it

109 1252 245 1317 navibus
264 1255 408 1340 trajicere
427 1255 539 1339 coepit3
557 1268 596 1319 -et
617 1254 710 1318 simu
727 1253 1003 1319 Clazomeniorum
1019 1265 1052 1319 et
1067 1191 1151 1341 bry-

109 1337 286 1404 thraeorunr
303 1340 460 1425 peditatus
474 1361 540 1404 cum
551 1363 586 1404 eo
595 1339 867 1440 proficiscebatur.
910 1339 975 1405 Sed
991 1340 1151 1408 Strombi·

108 1425 220 1491 chides
234 1427 451 1512 praesentiens,
466 1427 556 1512 priua
572 1426 722 1492 dtsoesait.
766 1425 852 1490 Cum
867 1437 974 1492 antem
986 1426 1027 1491 -in
1049 1426 1149 1494 altum

8 1513 10 1552 l
107 1511 271 1597 profectus
284 1512 403 1578 multas
417 1515 548 1579 hostium
561 1533 656 1577 naves
669 1535 712 1577 ex
725 1510 809 1576 Chio
823 1523 932 1578 contra
946 1535 979 1577 se
998 1516 1151 1580 venientes

106 1600 331 1695 prospexisset,
354 1599 386 1664 in
412 1600 543 1665 Samum
566 1598 644 1686 fuga
666 1621 699 1663 se
721 1597 850 1682 recepit.
895 1597 964 1662 Illas
984 1619 1059 1663 vero
1084 1619 1151 1664 etim

106 1685 364 1771 insequebantur.
410 1685 507 1751 Illum
532 1697 638 1750 autem
664 1683 841 1770 peditatum
858 1682 942 1760 Teii,
964 1705 1037 1748 cum
1057 1685 1150 1750 initio

8 1843 10 1854 ,
104 1772 142 1833 in
162 1771 263 1834 urbem
279 1772 418 1857 recipere
431 1771 617 1849 noluissent,
632 1782 705 1856 post
719 1769 961 1834 Atheniensium
976 1769 1083 1872 iirgam
1099 1770 1149 1836 in·

8 1867 10 1902 t
105 1856 336 1922 troduxerunt.
380 1857 424 1922 Et
438 1853 527 1942 drp'us
541 1858 705 1940 peditatus
726 1855 805 1942 pleri
830 1877 869 1919 ue
893 1854 950 1922 diu
971 1857 1099 1942 qurdem
1115 1879 1149 1922 se

104 1943 345 2018 continuerunt,
361 1954 592 2028 exspectantes,
613 1942 715 2008 donec
740 1954 772 2006 et
787 1877 978 2006 chalcidem
1001 1941 1041 2006 ab
1065 1943 1147 2006 inse·

102 2029 242 2115 quendis
257 2028 402 2094 hostibus
416 2039 642 2094 reverteretur.
684 2027 747 2092 Sed
763 2048 837 2091 cum
847 2026 1030 2092 illediutius
1040 2047 1146 2092 mora·

104 2132 204 2194 retur,
217 2115 277 2201 ipsi
294 2111 402 2180 mur'os
416 2113 560 2179 demoliti
574 2129 660 2194 sunt,
676 2135 756 2200 quos
770 2112 980 2178 Athenienses
994 2125 1146 2178 exstrux-

8 2215 10 2256 ἑ
102 2215 208 2279 erant,
224 2202 312 2266 urbis
327 2201 429 2278 Teias,
445 2221 507 2287 qua
529 2213 620 2284 parte
640 2199 856 2264 continentem
885 2198 1023 2284 respicit.
1068 2197 1145 2264 Illos

102 2299 213 2352 autem
229 2287 260 2351 in
273 2286 323 2351 his
332 2286 541 2353 demoliendis
554 2285 744 2372 adjuverunt
757 2282 879 2369 aliquot
894 2284 990 2350 etiarn
1005 2283 1145 2364 barbari,

8 2443 9 2446 Ἴ
101 2374 162 2459 qui
188 2377 445 2458 supervenerant,
472 2371 587 2458 quibus
612 2381 749 2457 praeerat
776 2367 893 2458 Tages,
919 2369 1144 2456 Tissaphernis

126 2479 165 2523 ro
188 2473 295 2525 roetor.
867 2495 869 2502 ·

8 2559 13 2606 t
99 2480 126 2543 p
150 2480 202 2614 lh.
219 2540 1141 2620 ChalcideusveroetAIcibiades,cumStrontbichidemad

103 2631 237 2696 Samum
254 2653 355 2718 usque
368 2633 550 2718 persequuti
565 2629 707 2706 tineent,
723 2639 837 2694 nautas
851 2627 979 2715 quidem
995 2649 1036 2692 ex
1050 2627 1144 2694 Pelo-

99 2737 248 2802 ponneso
269 2719 402 2783 navibus
423 2719 568 2782 advectos
591 2725 767 2793 armarunt,
787 2727 820 2781 et
842 2716 875 2778 in
898 2712 982 2778 Chio
1003 2715 1145 2796 preasidii

99 2823 197 2868 causo
208 2803 421 2890 reliqueruntt
445 2803 515 2868 illas
523 2824 599 2867 vero
609 2802 749 2886 aliasque
758 2801 872 2889 viginti
885 2797 975 2864 Chiis
983 2801 1099 2878 nautis,
1110 2800 1143 2864 in

8 2951 9 2954 ,
102 2887 412 2974 Peloponnesiorum
438 2888 544 2952 locum
568 2888 754 2963 substitutis,
770 2885 974 2971 complentes,
992 2884 1143 2950 Miletum

99 2977 275 3060 petierunt,
290 2994 327 3041 nt
340 2974 382 3040 sd
397 2974 604 3040 defectionem
620 2971 795 3039 faciendam
811 2970 1010 3036 inducerent.
1054 2969 1144 3034 Alci·

99 3059 212 3125 biades
226 3062 323 3143 enirn,
343 3061 394 3126 cui
418 3059 617 3126 necessitudo
638 3077 711 3122 cum
734 3056 931 3122 Milesiorum
949 3055 1143 3139 primoribus

98 3148 325 3224 intercedebat,
339 3147 465 3213 illorum
481 3145 661 3211 societatem
673 3142 736 3208 sibi
749 3142 839 3226 prius
849 3141 1030 3218 conciliare,
1046 3161 1141 3226 quam

8 3238 13 3304 ἶ
98 3233 211 3300 classis
234 3257 274 3299 ex
301 3233 522 3318 Peloponneso
546 3230 678 3309 veniret,
700 3240 732 3292 et
749 3227 849 3305 Chiis,
875 3239 908 3291 et
932 3225 991 3290 sibi
1017 3227 1088 3308 ipsi,
1111 3239 1144 3292 et

44 3357 52 3374 ·
101 3318 288 3398 Chalcideo‚
304 3332 336 3385 et
352 3317 470 3398 andro,
486 3339 506 3382 a
520 3338 585 3402 quo
598 3315 711 3380 missus
732 3313 846 3390 suerat,
866 3311 929 3377 hoc
951 3311 1141 3396 praeclarum

8 3409 12 3478 ἶ
97 3403 223 3471 facinus
234 3406 408 3471 attribuere
418 3402 555 3483 volebat,
566 3399 834 3489 quemadmodum
870 3399 1044 3474 romiserat,
1054 3396 1143 3484 quod

78 3511 175 3557 ·t·um
193 3490 349 3557 Chiorum
365 3491 466 3575 copiis
480 3501 512 3553 et
527 3485 702 3553 Chalciden
717 3507 813 3571 quam
829 3421 986 3569 plurimas
1000 3482 1143 3548 civitates

97 3577 141 3642 ad
156 3576 364 3642 defectionem
380 3574 563 3642 induxisset.
609 3572 692 3637 Cum
709 3570 806 3656 igitur
826 3570 998 3634 maximam
1014 3569 1143 3656 naviga·

8 3685 9 3734 3
97 3664 195 3730 tionis
223 3677 347 3748 partem
377 3661 573 3727 clandestine
601 3655 822 3733 coniecissent,
849 3675 910 3719 neo
937 3653 1039 3718 multo
1067 3665 1143 3720 ante

8 3735 9 3748 ¹
27 3797 32 3804 -
100 3749 372 3816 StrombichIdem
382 3761 415 3813 et
426 3743 633 3831 Thrasyclem
650 3743 807 3829 (quicum
822 3739 993 3806 duodecim
1007 3740 1144 3809 neribus

49 3855 68 3878 ⁴
97 3849 179 3902 tunc
193 3836 330 3902 Athenis
344 3834 472 3899 veniens
487 3831 608 3905 aderat,
624 3840 657 3893 et
671 3828 762 3892 simul
778 3849 843 3892 cum
864 3848 918 3891 nto
938 3827 1054 3911 collega
1073 3827 1144 3891 illos

97 3919 365 4024 persequebatur)
380 3913 717 4016 venissenthiletnrn
740 3912 781 3979 ad
801 3910 1013 4012 deiectionem
1026 3910 1143 4012 facien·

8 4057 9 4140 l
98 3997 1143 4192 dppsrpdpgppript.mplplgppffi,vgppncffippdgpgrrretpipppe

260 4281 345 4339 istil.
355 4289 471 4336 adversm
482 4285 572 4334 eblum
583 4283 749 4410 reblpllpntem.
778 4279 858 4341 Steph-
888 4279 975 4329 nuos.

576 4365 602 4410 I·I
