2982 4786
421 301 666 372 HISTORIAE
689 302 779 370 Lm
804 301 845 369 V.
1083 311 1146 372 ⁸0?

105 471 211 572 Esset
224 482 332 574 estem
348 493 421 538 curn
439 473 505 552 ulii,
520 487 588 540 tum
610 475 707 540 etism
721 473 903 577 Alcibisdss
918 473 1034 556 Clipise
1047 473 1145 554 tilius,
1168 491 1241 602 Bnus

106 561 1145 744 inertissimus
1159 556 1258 744 ,lt

105 742 243 806 minute,
258 733 311 832 cui
326 731 376 832 rel
390 731 487 796 setius
501 753 569 796 esse
584 731 751 835 nidebstus
764 732 806 798 sd
821 734 959 819 Argivos
1017 734 1079 803 tius
1091 757 1146 800 so-
1171 695 1260 836 'gfff'

91 815 228 1001 ‘Alii’
241 832 425 988 istit
444 830 679 980 „titileia
698 816 1146 989 ltil’sffletttfflt
1173 843 1245 962 le·

105 985 232 1088 Niciam
247 1002 280 1053 et
294 988 467 1054 Lachetem
481 987 604 1054 foedera
617 987 770 1066 fecissent,
788 990 857 1074 ipso
876 1003 1009 1076 propter
1097 1015 1144 1057 es·
1180 975 1244 1054 Sili·

104 1085 244 1172 centiam
258 1088 432 1156 contemto,
447 1097 506 1140 nec
523 1074 635 1140 bsbito
648 1076 678 1142 ei
692 1074 815 1140 bonore
829 1096 870 1141 ex
887 1077 1002 1142 vetusti
1016 1075 1146 1163 hospitii

99 1181 190 1244 Jures
222 1157 320 1246 qnod,
346 1182 418 1226 oum
442 1163 541 1244 ipsius
565 1182 645 1226 evus
663 1161 902 1226 Lacedaemoniis
925 1163 1146 1244 renuntiasset,

104 1246 173 1336 ipse
185 1243 314 1310 illorum
330 1247 471 1346 captivos
485 1268 526 1310 ex
541 1245 644 1311 insule
658 1246 770 1312 officiis
780 1267 855 1332 pros
896 1269 983 1324 nens,
992 1269 1147 1314 renovare

104 1330 276 1432 sogitsbst.
298 1331 441 1418 undique
455 1331 552 1415 'uitus
566 1329 626 1398 sibi
648 1333 689 1397 de
703 1353 761 1396 suo
777 1333 850 1418 jure
913 1335 996 1398 trebi
1019 1347 1145 1418 putens,

103 1427 137 1481 et
151 1415 244 1482 mitio
259 1417 514 1519 Lacedaemoniis
527 1419 711 1495 intercessit,
724 1417 894 1518 eiiirmsns,
911 1417 982 1482 illos
998 1439 1062 1484 non
1078 1441 1147 1485 esse

104 1503 985 1675 ttffltpsisttlltttltttltltt1522
998 1505 1148 1658 diffini}

102 1671 213 1740 fredus
226 1697 300 1742 cum
315 1674 503 1761 ipsiefscere
513 1675 603 1740 velle.
635 1675 678 1740 Et
692 1688 779 1750 tunc,
792 1695 889 1761 qnnm
904 1675 968 1740 hoo
981 1676 1146 1744 dissidium

103 1772 252 1825 exortum
269 1773 326 1838 est,
341 1759 506 1826 confestim
522 1763 571 1825 Ar
615 1762 788 1846 sprirstim
804 1761 899 1838 misit,
911 1761 1042 1826 bottsns
1050 1765 1148 1848 Argi·

102 1867 166 1922 ons,
181 1860 293 1933 ⁸quem
308 1847 472 1913 celerrime
488 1867 562 1912 oum
616 1847 750 1910 sntineis
764 1857 796 1910 et
812 1845 898 1910 Eleis
908 1849 1046 1912 Athenas
1060 1849 1147 1914 veni·

103 1946 186 2010 rent,
212 1955 263 1998 eos
287 1932 325 1997 sd
352 1933 531 1998 societatem
582 1945 776 2009 revocantes,
803 1933 888 2016 qnod
913 1946 1040 2016 ternpus
1067 1947 1148 2000 esset

102 2031 340 2167 opbportunumr
373 2041 471 2105 seque
491 2031 542 2083 stu
567 2017 720 2084 iosissinre
742 2017 819 2102 ipsis
841 2017 1026 2082 adfuturum
1047 2022 1148 2102 polli-

102 2125 137 2166 oe
154 2114 238 2168 stur.

146 2199 202 2254 44.
225 2189 337 2278 Argivi
359 2203 477 2267 sutem,
494 2211 568 2254 cnm
584 2188 672 2254 bunc
693 2189 844 2254 nuntium
866 2190 1034 2269 audissent,
1049 2191 1148 2258 sintul

102 2273 198 2340 etism
214 2297 286 2340 oum
302 2277 539 2366 cognovissent,
555 2275 735 2345 societatem
751 2299 770 2341 s
783 2275 907 2341 Boeotis
922 2297 994 2340 cnm
1011 2277 1148 2342 Atheni·

102 2361 231 2426 ensibus
253 2382 318 2426 non
342 2384 408 2426 esse
421 2361 549 2441 factem,
565 2361 618 2426 sed
640 2383 789 2447 magnam
813 2360 1039 2428 dissensionem
1064 2363 1148 2429 inter

103 2445 114 2508 i
206 2447 448 2513 Atheniensem
473 2446 737 2522 Lscedaemonios
758 2467 824 2511 esse
845 2459 964 2524 netem,
980 2469 1054 2512 suos
1076 2450 1147 2534 qui·

102 2467 324 2619 mem,
340 2533 396 2618 qui
410 2543 480 2598 temo
502 2533 645 2608 aberent,
662 2553 743 2617 quos
764 2532 805 2596 de
826 2530 999 2598 foederibus
1020 2544 1147 2600 scturos

101 2617 370 2684 Lscedoemonern
381 2619 541 2694 miserant,
553 2639 618 2682 non
629 2614 800 2696 cursbsnt3
817 2615 873 2681 sed
883 2617 923 2682 sd
935 2618 1148 2683 Athenienses

102 2704 210 2790 potius
224 2705 364 2770 animum
390 2703 613 2770 advertebsnt:
645 2703 863 2770 existimantes
886 2701 1057 2786 civitatem,
1072 2725 1146 2770 cum

101 2813 167 2877 qne
182 2789 242 2854 sibi
258 2801 345 2855 retus
359 2790 498 2856 amicitis
512 2787 730 2889 mercedem,
745 2798 779 2852 et
794 2809 867 2876 quae
887 2789 1036 2875 populosi
1050 2803 1148 2873 statu,

101 2875 427 3064 resistes
442 2887 1146 3109 rusttsrssrnnspett·r

99 3044 1148 3199 teeti?lit„sti‘ltlsffftltstt‘fflt‘ttl
1274 3103 1278 3109 ·

101 3219 257 3286 Eleorum
272 3233 304 3284 et
319 3219 557 3284 Mantineorum
572 3217 602 3282 le
625 3216 668 3282 sti
682 3217 926 3282 comitabuntur.
972 3217 1146 3283 Confestim

99 3306 198 3372 etism
213 3317 246 3370 et
265 3303 585 3370 Lscedremoniorum
600 3240 706 3389 lgegsti,
724 3300 977 3379 Philocbsridss,
995 3301 1096 3384 Leon,
1112 3315 1146 3370 et

102 3390 238 3468 Endins,
261 3391 317 3478 qui
336 3393 422 3478 apud
434 3391 633 3455 Athenienses
653 3387 784 3475 gratiosi
800 3409 866 3453 esse
886 3387 1087 3468 videbantur,
1110 3411 1146 3456 eo

99 3476 236 3564 profecti
250 3488 344 3556 sunt3
366 3476 469 3552 veriti,
485 3497 527 3540 ne
541 3476 740 3540 Athenienses
753 3473 994 3538 lacedemoniis
1007 3475 1080 3540 irati
1094 3495 1146 3542 eo·

99 3564 247 3628 cietstem
274 3583 346 3627 curn
373 3561 502 3650 Argivis
527 3561 676 3638 fecerent,
700 3559 793 3624 simul
823 3557 916 3622 otiam
948 3559 1061 3645 Pylum
1083 3581 1146 3647 pro

102 3649 244 3715 Pouscto
258 3648 435 3734 repetituri,
450 3648 536 3713 etde
558 3645 707 3712 societate
717 3665 790 3710 cum
807 3640 932 3710 Boeotis
951 3645 1032 3711 initu
1044 3648 1146 3714 lace·

100 3738 267 3802 daensonior
281 3733 459 3822 purgeturi,
473 3744 503 3798 et
524 3731 766 3808 dementissimi,
783 3733 854 3796 illos
873 3732 954 3796 hunc
974 3733 1146 3800 antestes

100 3843 168 3888 non
182 3821 302 3898 fecisse,
321 3833 355 3885 ut
370 3818 618 3886 Atheniensibus
631 3817 750 3884 molum
765 3817 890 3884 dorent.

143 3918 201 3975 ts.
225 3905 309 3972 Cum
325 3920 432 3972 autent
448 3905 536 3971 bisce
549 3903 591 3970 de
604 3903 699 3969 rebus
712 3903 747 3970 in
762 3915 873 3969 senstu
887 3904 985 3970 verbs
994 3903 1145 3982 fecerent,

98 4007 134 4062 et
147 4017 182 4060 se
197 4013 271 4058 conr
286 4013 410 4058 summe
423 4001 579 4078 potestate
599 3991 639 4055 de
652 3989 881 4092 componendis
905 3988 1054 4059 omnibus
1067 4009 1146 4054 oon-

98 4079 265 4148 troversiis
279 4101 315 4145 eo
328 4080 450 4146 venisse
463 4079 617 4155 dicerent,
634 4072 795 4142 Alcibiadi
805 4087 925 4142 metum
939 4071 1144 4152 incutiebsnt,

115 4279 595 4343 smqumeuensnususeesum
606 4275 909 4404 &vos-evemus.
923 4259 1004 4324 'rans
1038 4273 1127 4322 usos

592 4360 618 4405 x
