2964 4786
353 313 417 372 ast
721 301 1026 406 uuucrurms

259 495 320 546 uett
352 475 450 540 altum
466 475 662 562 navigantes,
723 495 782 551 uta,
797 489 830 539 et
852 486 1013 556 portuum,
1029 484 1061 538 et
1079 492 1187 538 rerum
1209 473 1253 538 ad
1274 475 1390 540 vietum

242 557 328 673 5:¹⁰&
352 562 609 639 necessariarum,
624 562 677 623 ‘in
721 561 889 660 iversoriis,
904 560 949 660 etl
968 559 1267 710 qumppqllerent,
1283 563 1390 663 inopia

237 689 335 802 ‘itt
349 647 670 808 tltt‘tttt‘tt
683 659 1036 816 tttttttttt¹¹tt
1056 657 1390 818 ,iiiisiliiii

252 815 321 864 Μ·
349 821 415 883 illis
434 819 533 884 tribas
546 817 728 904 agminibus
749 819 893 883 attributi
918 839 977 882 suo
998 818 1115 903 quique
1134 817 1220 882 duci.
1265 819 1389 884 Deinde

248 879 322 994 lg}
349 925 424 968 vero
445 905 669 989 praemiserunt
685 917 717 969 et
738 903 771 968 in
788 903 914 968 ltaliam
930 917 961 969 et
983 903 1017 968 in
1035 902 1176 968 Siciliam
1199 917 1263 969 tres
1285 926 1388 982 nares,

349 1002 384 1054 ut
413 991 626 1075 explorarent,
653 1011 800 1075 quaenam
831 990 973 1054 civitates
1002 1011 1036 1054 se
1063 1001 1168 1054 essent
1193 1003 1387 1074 recepturae,

346 1075 486 1162 ipsisque
508 1089 703 1162 praeceptum
726 1074 839 1152 fuerat,
855 1089 891 1141 ut
908 1077 1000 1140 classi
1021 1088 1236 1156 occurrerent,
1251 1089 1290 1140 ut
1304 1080 1387 1142 duces

345 1161 386 1224 ab
401 1166 478 1246 ipsis
499 1164 648 1227 certiores
662 1161 740 1226 facti
754 1166 799 1226 ud
812 1165 885 1226 ilios
899 1161 1105 1246 appellerent.

388 1257 441 1314 43.
467 1247 544 1313 Post
565 1248 634 1312 haec
651 1247 870 1324 Athenienses,
882 1248 949 1332 jam
977 1268 1050 1312 cum
1077 1259 1166 1311 tanto
1193 1261 1350 1332 apparatu
1370 1270 1387 1312 e

345 1332 490 1420 Corcyra
514 1335 680 1411 solventes,
707 1334 740 1396 in
770 1333 910 1398 Siciliam
937 1333 1083 1417 trajicere
1108 1345 1293 1416 coeperunt:
1316 1357 1386 1398 cum

344 1419 526 1483 triremibus
544 1441 680 1484 numero
693 1432 833 1497 centum,
848 1431 880 1484 et
903 1419 1035 1506 triginta
1049 1431 1201 1522 quatuor,
1216 1433 1250 1483 et
1264 1420 1386 1484 duabus

344 1503 481 1568 Rhodiis
495 1505 639 1582 nasibus,
656 1527 730 1590 quae
745 1506 976 1592 quinquaginta
990 1525 1084 1569 retnis
1100 1503 1289 1590 agebantur.
1318 1505 1386 1570 Ha·

341 1610 413 1653 rum
430 1603 534 1654 autern
550 1593 720 1655 triremium
734 1604 826 1656 erant
842 1592 959 1656 Atticoe
982 1602 1121 1668 centum,
1138 1612 1275 1676 quarum
1295 1614 1385 1658 serta·

340 1675 430 1762 ginta
445 1675 574 1761 quidem
595 1687 685 1741 erum
700 1677 832 1753 veloces,
847 1691 974 1742 caeterae
989 1697 1063 1740 vero
1085 1676 1200 1740 milites
1214 1676 1381 1756 vehebant,

340 1761 463 1847 reliqua
476 1784 553 1826 vero
567 1762 673 1826 classis
687 1774 757 1828 erat
772 1761 941 1839 Chiorum,
958 1776 990 1827 et
1003 1775 1192 1826 caeterorum
1209 1765 1380 1828 sociorum.

341 1845 494 1912 Universi
518 1861 624 1913 autem
651 1849 755 1932 gravis
785 1861 956 1914 armaturae
972 1849 1097 1912 'milites
1124 1861 1216 1913 erant
1242 1850 1382 1937 quinque

339 1933 447 2010 millia,
470 1945 503 1999 et
524 1945 651 1999 centum
675 1945 841 2018 pretereo.
887 1937 1011 2020 (Atque
1037 1934 1120 1998 inter
1144 1933 1214 2012 bos,
1238 1957 1281 1999 ex
1309 1937 1380 2020 ipsis

338 2019 467 2104 quidem
483 2019 729 2085 Atheniensibus
751 2034 842 2084 erant
856 2019 963 2086 lmille
977 2035 1009 2084 et
1024 2019 1099 2106 quin
1143 2021 1190 2084 nti
1213 2019 1380 2108 legionarii

336 2105 464 2182 milites,
483 2117 516 2171 et
537 2105 728 2206 septingenti
749 2104 869 2184 tumuli,
885 2107 1034 2170 ‘naviuin
1052 2105 1094 2169 de
1107 2127 1247 2171 ensores.
1293 2107 1379 2172 'Ces-

336 2191 395 2255 teri
410 2213 486 2256 vero
504 2193 592 2268 socii,
608 2213 663 2278 qur
678 2213 751 2256 cum
770 2193 846 2276 ipsis
865 2191 905 2256 ad
926 2190 1010 2256 hanc
1032 2191 1177 2256 militiam
1198 2193 1379 2276 proficisce-

334 2274 461 2352 bantur,
478 2279 595 2361 partim
611 2276 738 2363 quidem
761 2293 851 2342 erant
866 2299 906 2342 ex
928 2276 1053 2362 populis
1075 2277 1218 2362 ipsorum
1242 2279 1378 2364 imperio

335 2361 494 2446 subjectis,
510 2361 626 2448 partim
643 2385 717 2426 vero
732 2385 772 2428 ex
789 2363 927 2451 Argivis,
943 2363 1109 2450 quingenti
1115 2387 1125 2438 3
1150 2374 1239 2428 etex
1257 2363 1379 2430 Manti-

334 2448 403 2512 neis
417 2460 512 2533 atque
523 2449 735 2525 mercenariis,
751 2447 879 2514 ducenti
894 2463 925 2514 ot
939 2449 1195 2535 quinquaginta.)
1227 2449 1377 2516 Univerai

333 2537 583 2622 verosagittarii,
594 2535 730 2621 quadrin
756 2534 820 2598 enti
831 2545 863 2599 et
873 2535 1034 2622 octoginta
1046 2539 1195 2620 (quorum
1210 2537 1378 2603 Cretenses

333 2632 425 2684 erant
446 2623 635 2709 octoginta),
650 2633 682 2686 et
757 2620 903 2685 odiorum
926 2620 1103 2686 funditores
1124 2623 1331 2710 septingenti,
1345 2638 1378 2690 et

335 2703 573 2790 Megarensium
598 2707 742 2772 emulum
766 2707 876 2771 leviter
898 2719 1093 2772 armatorum
1109 2721 1237 2772 centum
1254 2709 1377 2797 viginti.

334 2789 414 2856 Erat
428 2805 461 2856 et
477 2813 539 2856 nna
553 2791 746 2880 lrippagoga,
763 2815 836 2878 quae
851 2793 891 2856 tri
916 2793 983 2856 'nta
996 2793 1117 2878 equites
1132 2792 1279 2862 vehebat.

374 2886 428 2941 st.
453 2877 579 2942 Primus
602 2891 780 2963 apparatus,
797 2880 852 2967 qui
930 2879 1048 2944 bellum
1064 2881 1098 2944 iu
1113 2881 1256 2944 Siciliam
1279 2883 1374 2968 traje-

330 2961 383 3039 cit,
400 2975 506 3028 tantus
519 2963 588 3028 fuit.
635 2963 709 3028 Hos
723 2977 829 3029 autem
851 2966 1053 3049 sequebantur
1067 2964 1200 3052 triginta
1217 2969 1376 3035 oneraria

330 3069 438 3127 nerea
454 3071 527 3136 quse
544 3063 756 3116 commeatum
772 3064 805 3116 et
825 3073 875 3115 res
896 3051 1049 3116 exercitui
1070 3051 1263 3116 necessarias
1277 3053 1375 3119 vehe-

329 3132 419 3216 bant,
433 3148 466 3200 et
479 3158 552 3222 quae
566 3138 709 3222 pistores,
725 3149 756 3200 et
771 3136 912 3220 lapidum
928 3149 1107 3215 structores,
1122 3153 1155 3202 et
1168 3135 1288 3216 fabros,
1305 3161 1376 3204 om·

328 3221 444 3308 niaque
455 3223 677 3299 instrumenta,
694 3245 768 3308 quta
788 3223 828 3287 ad
845 3224 1034 3288 munitiones
1048 3223 1258 3289 exstruendas
1281 3239 1376 3293 erant

328 3309 514 3386 necessaria,
537 3309 719 3394 portabant.
763 3309 846 3372 Item
872 3323 999 3374 uentum
1028 3309 1162 3395 navigia,
1179 3331 1254 3392 quae
1276 3333 1375 3378 nares
1479 3343 1480 3348 ¹

327 3396 488 3459 onerarias
502 3395 533 3459 vi
548 3395 739 3460 necessitatis
753 3407 864 3460 coacta
877 3395 1119 3460 comitabantur.
1150 3393 1262 3461 Multa
1275 3399 1374 3463 etiem

327 3479 389 3544 alia
404 3481 540 3568 navigia,
553 3496 585 3546 et
600 3502 695 3546 naves
709 3481 864 3546 onerariae
879 3480 973 3544 simul
990 3482 1175 3569 navigantes
1189 3484 1372 3550 exercitum

326 3566 412 3630 ultro
440 3568 664 3654 negotiationis
695 3589 789 3632 causa
817 3570 1039 3653 sequebantur.
1094 3567 1180 3644 Quae
1209 3589 1325 3635 omnes
1353 3593 1373 3636 e

327 3651 470 3738 Corcyra
484 3666 561 3718 tuno
575 3655 679 3718 sinum
693 3653 818 3718 lonium
836 3653 928 3719 simul
948 3654 1200 3718 transmiserunt.
1248 3655 1372 3722 Totus·

346 3761 386 3802 ue
400 3753 580 3825 apparatus,
598 3742 712 3823 partim
729 3740 768 3803 ad
783 3740 1036 3824 promontorium
1052 3733 1235 3827 iapygiam,
1253 3743 1371 3825 partim
1479 3761 1480 3770 ¹

323 3760 501 3890 larentum
516 3827 678 3912 appulsus,
693 3827 808 3911 partim
825 3828 919 3891 etiam
934 3829 1010 3906 ulio,
1026 3841 1122 3910 prout
1136 3827 1253 3912 cuique
1267 3826 1369 3894 facul·
1479 3849 1480 3916 ξ

353 3969 629 4028 ‘vestamentum
658 3971 742 4018 littus.

352 4033 452 4082 tllllille
464 4035 638 4096 quingentique
649 4049 679 4082 ex
691 4033 802 4081 formula.
825 4033 899 4080 Valla.
933 4033 972 4080 Ex
982 4035 1085 4080 delectu.
1096 4034 1208 4080 Accitur.
1244 4034 1321 4082 loun.

352 4103 365 4132 θ
381 4097 439 4157 Vel,
447 4104 637 4160 propugrmtorcr.
655 4100 690 4146 itu
704 4100 770 4144 anim
789 4097 916 4144 militantes
927 4099 954 4144 tu
972 4098 1104 4146 tetrantibus
1119 4097 1224 4162 (oreas
1244 4097 1364 4156 lemtim)

320 4161 496 4212 vomituum.
528 4163 593 4208 Vide
604 4164 744 4222 Selufferum
756 4165 785 4208 de
797 4163 886 4208 Militia
899 4162 1120 4212 Navattncs.
1153 4165 1241 4210 lutat·
1478 4191 1480 4212 ⁴.

351 4219 363 4258 f
379 4229 476 4286 Caeterl,
488 4229 529 4290 qui
547 4230 718 4287 sequebantur,
730 4227 820 4272 subditi
838 4234 861 4272 et
873 4227 973 4287 Argivis
991 4228 1118 4288 quingenti
1132 4233 1202 4273 erant
1221 4225 1364 4274 Mantinea·
1478 4245 1480 4262 ι

318 4303 384 4346 ram,
395 4291 502 4352 mque
513 4291 716 4339 muraenularum
728 4293 826 4338 duranti
838 4299 862 4337 et
873 4292 1057 4353 quinquaginta.
1075 4292 1183 4340 Ararim·
1219 4293 1299 4341 Iuste.
