2996 4782
307 292 327 350 2
672 283 978 352 THUCYDlDIS

307 465 378 542 pter
392 453 451 520 soli
465 453 681 542 praestantiam
697 477 774 542 opes
788 455 960 524 admodum
975 467 1090 537 auctae,
1106 459 1277 527 seditiones
1291 485 1345 528 ex-

307 541 461 623 citabant,
477 563 534 626 per
557 563 635 642 quas
650 541 709 624 ipsi
725 541 987 632 profligabantur,
1003 545 1097 610 simul
1121 547 1216 613 etiam
1233 548 1344 612 alieni-

303 650 460 718 genarum
476 627 599 692 insidits
613 627 714 715 magis
728 629 971 714 appetebantur.
1020 631 1241 707 Quamobrem
1259 636 1345 700 Atti·

306 737 388 793 cam,
414 729 450 780 ut
474 713 649 800 plurimum
675 726 807 800 propter
835 715 905 800 agri
934 717 1118 783 tenuitatem
1150 719 1343 785 seditionum

305 802 492 878 inununem,
521 799 618 864 iidem
649 799 792 866 homines
821 821 945 886 semper
973 801 1185 870 incoluerunt.
1235 808 1345 892 Atque

305 909 414 952 rerum
442 910 464 951 α
493 909 541 950 rue
561 886 719 951 dictarum
742 887 803 950 hoc
825 907 889 950 non
919 889 1087 954 minimum
1110 906 1156 956 est
1178 892 1343 974 indicium,

304 973 349 1038 ob
365 975 504 1038 aradam
523 973 728 1060 migrationes
751 973 919 1037 Graeciam·
934 975 966 1038 in
987 977 1110 1040 caeteris
1124 979 1263 1058 partibus
1277 999 1342 1042 non

306 1081 457 1146 peraeque
471 1059 638 1124 adauctam
653 1056 757 1123 fuisse.
808 1057 890 1122 Nam
907 1060 961 1147 qui
976 1074 1032 1125 aut
1047 1061 1139 1140 bello,
1156 1074 1212 1128 aut
1235 1063 1343 1127 sediti·

306 1168 368 1211 one
381 1145 574 1210 excidebant
590 1144 712 1229 reliqua
726 1143 864 1222 Graecia,
879 1167 981 1209 eoram
998 1147 1209 1229 potentissimi
1224 1148 1343 1233 quique

306 1232 346 1296 ad
365 1232 585 1307 Athenienses,
620 1232 682 1294 uod
698 1229 824 1293 illorum
839 1229 927 1294 sedes
941 1232 1079 1310 stabiles,
1093 1244 1223 1318 tntaequr
1233 1246 1342 1310 essent,

306 1339 339 1384 se
364 1317 571 1402 recipiebant.
597 1253 670 1392 th,
686 1315 820 1381 civitatis
837 1317 912 1400 jure
931 1315 1050 1397 donati,
1065 1320 1171 1384 statim
1192 1319 1233 1384 ab
1259 1321 1344 1383 anti-

305 1403 464 1492 quissimis
479 1425 578 1489 usque
598 1402 793 1486 temporibus
812 1401 969 1466 civitatem
985 1403 1150 1469 hominnm
1165 1403 1345 1491 frequentia

304 1490 401 1578 longe
417 1491 567 1575 majorem
581 1488 743 1554 fecerunt:
778 1487 985 1573 quamobrem
1010 1491 1117 1568 etiam,
1134 1491 1221 1578 quod
1235 1491 1345 1556 Attica

305 1598 408 1640 omnes
421 1597 544 1660 capere,
558 1596 594 1639 ae
608 1573 691 1638 alere
705 1593 770 1638 non
784 1587 900 1656 posset,
916 1573 1055 1640 colonias
1070 1576 1102 1640 in
1117 1576 1240 1642 lortiam
1255 1592 1345 1661 post·

302 1685 341 1727 ea
355 1663 538 1728 emiserunt.

347 1759 380 1813 3.
398 1749 470 1812 Hoc
486 1762 592 1812 autern
613 1747 708 1811 etiam
729 1745 905 1830 priscorum
924 1749 1073 1812 hominm
1092 1747 1344 1812 imbecillitatem

303 1833 382 1898 mihi
398 1856 462 1898 non
480 1834 610 1897 minime
621 1833 831 1898 demonstrat:
856 1853 930 1896 narn
945 1847 1019 1898 ante
1031 1833 1149 1898 bellurn
1162 1833 1344 1918 Trojanum

303 1920 345 1984 ab
370 1919 517 1984 Helladis
538 1917 717 1982 civitatibus
742 1916 823 1980 nihil
852 1921 1064 1982 communiter
1091 1931 1220 2001 gestum
1247 1916 1347 1984 fuisse

303 2017 437 2071 constat.
483 2008 534 2070 Ac
547 2026 588 2070 ne
601 2003 664 2068 hoc
679 2001 807 2088 quidem
819 2024 935 2066 nomen
952 2008 1001 2087 (ut
1017 2026 1086 2068 mea
1097 2003 1157 2066 fert
1170 2006 1344 2085 sententia)

303 2091 449 2156 universa
463 2091 590 2156 Graecia
600 2110 751 2154 commuue
765 2087 870 2154 adhuc
884 2087 1033 2154 habebat:
1057 2088 1113 2152 sed
1123 2100 1199 2152 ante
1210 2102 1343 2156 aetatem

303 2176 448 2242 Hellenia
463 2177 532 2256 filii
553 2173 760 2242 Deucalionis
782 2196 960 2262 cognomen
984 2172 1068 2238 istud
1096 2172 1187 2238 nullo
1211 2195 1346 2258 prorsus

301 2262 401 2328 modo
421 2265 543 2328 videtur
564 2258 677 2325 fuisse:
707 2257 762 2323 sed
784 2259 918 2347 singulm
939 2275 1060 2347 gentes,
1075 2279 1149 2323 cum
1173 2258 1257 2337 aliae,
1273 2274 1345 2326 tum

301 2349 439 2412 maxime
469 2346 640 2432 Pelasgica,
670 2367 743 2432 quae
773 2345 921 2410 latissime
950 2345 1065 2410 diffusa
1093 2357 1161 2409 erat
1192 2345 1277 2422 locis,
1310 2349 1346 2412 in

341 2433 410 2499 ihus
446 2434 607 2518 degebant,
636 2451 754 2494 nomen
783 2455 803 2494 a
831 2429 941 2516 seipsis
967 2429 1126 2495 indidisse.
1172 2429 1235 2494 Sed
1267 2453 1344 2496 cum

223 2579 228 2592 ,
300 2457 432 2596 idellen,
448 2519 577 2604 ejusque
594 2516 695 2594 liberi,
711 2537 817 2580 rerum
834 2517 868 2579 in
887 2515 1073 2580 Phthiotide
1086 2515 1181 2600 potiti
1196 2514 1343 2594 luissent,

299 2606 357 2669 bet
378 2606 481 2668 certem
507 2601 673 2669 'lhersuliae
689 2602 802 2684 populi
823 2623 878 2666 eos
900 2602 934 2664 in
957 2599 1034 2664 alias
1061 2601 1213 2677 civitates,
1238 2605 1283 2664 ud
1311 2623 1345 2666 se

182 2745 185 2750 .
299 2689 411 2754 auxilii
433 2710 528 2754 causa
550 2698 756 2762 accerserent,
779 2687 824 2750 ita
845 2687 973 2750 demum
997 2698 1127 2769 propter
1153 2685 1346 2750 diuturnum

299 2796 503 2857 congressum
534 2783 564 2836 et
592 2773 832 2836 consuetudinem
852 2770 974 2853 sartum
1002 2773 1132 2846 videtur,
1160 2781 1193 2833 ut
1223 2772 1345 2858 singuli

300 2859 456 2924 Hellenes
471 2871 671 2922 vocarentur.
716 2856 760 2921 Et
774 2869 881 2920 tamen
896 2877 936 2920 ne
950 2855 995 2918 sic
1010 2855 1139 2941 quidem
1154 2854 1255 2942 longo
1271 2873 1348 2942 post

298 2957 445 3030 tempore
460 2945 544 3010 istud
563 2964 727 3028 cognomen
750 2941 791 3006 ad
806 2963 915 3006 omnes
936 2940 1030 3004 etiam
1053 2941 1221 3024 pervenire
1235 2947 1348 3026 potuit

299 3045 395 3117 atque
423 3031 580 3095 obtinere.
626 3027 791 3092 Homerus
820 3048 895 3090 sero
924 3025 1086 3110 praecipue
1115 3025 1179 3090 hoe
1208 3028 1346 3095 indicat.

300 3115 457 3191 Quamvis
478 3115 563 3180 enim
588 3115 689 3178 multo
718 3126 791 3196 post
816 3109 933 3175 bellurn
957 3110 1136 3194 Troianum
1166 3111 1207 3176 sit
1239 3127 1344 3194 natus,

300 3223 454 3287 nusquam
474 3211 577 3264 tamen
595 3197 757 3261 universos
778 3197 910 3260 Graeciae
922 3197 1055 3278 populor
1076 3196 1261 3278 appellavit,
1282 3221 1347 3266 nec

299 3285 390 3364 alios,
403 3307 499 3373 quarn
519 3305 583 3360 eos,
604 3283 752 3369 quicum
775 3281 895 3345 Achille
915 3303 952 3344 ex
975 3277 1162 3344 Phthiotide
1180 3297 1345 3364 venerant,

298 3372 354 3456 qui
372 3373 467 3435 etiam
508 3370 579 3432 rimi
597 3366 734 3444 Ἓλληνες
759 3363 896 3430 fuerunt.
946 3363 1078 3428 Danaos
1092 3387 1180 3440 vero,
1197 3380 1231 3431 ot
1246 3371 1346 3457 Argi-

298 3478 366 3532 vos,
382 3470 414 3520 et
437 3393 575 3518 Acliaeos
590 3455 623 3516 in
638 3454 704 3516 suis
725 3451 917 3514 carminibus
940 3449 1093 3514 nominat.
1140 3449 1211 3516 Nec
1235 3467 1347 3522 tatnen

298 3540 453 3606 barbaros
467 3540 560 3616 dixit,
573 3535 660 3623 quod
677 3534 861 3612 ηεἝλληνες
871 3533 1008 3621 quidem,
1021 3556 1041 3597 a
1053 3537 1194 3602 barbaris
1209 3539 1347 3606 distinc-

298 3626 335 3702 ti,
352 3625 384 3689 in
402 3646 501 3688 unum
516 3626 611 3688 totins
623 3625 724 3707 gentis
739 3641 891 3683 manmena
908 3640 1023 3684 nornen
1041 3621 1172 3684 barbaro
1196 3627 1247 3706 (ut
1263 3626 1348 3692 mihi

298 3709 439 3790 videtur)
456 3709 650 3794 oppositum,
667 3703 772 3770 adhuc
795 3703 993 3768 coaluissent.
1048 3703 1222 3793 Quotquot
1244 3711 1348 3796 igitur

297 3809 332 3862 et
349 3794 477 3881 singuli
500 3795 618 3876 passim
633 3791 770 3866 Ἓλληνες
796 3801 893 3864 erant,
917 3801 949 3852 et
974 3800 1132 3875 quotquot
1157 3814 1217 3876 per
1247 3797 1348 3864 urbes

298 3882 401 3967 sparsi
423 3903 456 3944 se
478 3893 589 3944 mutuo
604 3874 833 3962 intelligebant,
849 3887 880 3937 et
901 3872 956 3959 qui
973 3874 1111 3939 universi
1126 3893 1241 3961 postea
1263 3905 1349 3948 com-

332 4057 344 4085 ·
364 4053 440 4099 Nulla
458 4052 506 4098 alia
524 4064 550 4097 re
570 4062 639 4109 arque
656 4053 728 4106 atque
742 4003 876 4092 hominum
898 4045 1056 4092 multitudine
1077 4025 1178 4094 auctam
1197 4013 1276 4098 fuisse
1296 4062 1347 4102 etc.

298 4117 573 4230 Acpmgtp.oe;lqpis.(ffi
590 4177 678 4222 Hellen
695 4169 795 4234 q'usque
811 4170 891 4232 llbsrl)
908 4172 933 4217 ln
950 4173 1010 4219 allas
1020 4174 1132 4222 clviutes
1142 4175 1286 4236 ingererent
1298 4189 1350 4233 ete.

298 4247 406 4294 Aeacius.
440 4243 525 4290 liuns.
