2996 4782
428 235 677 304 Hrs‘roruffi
700 235 790 304 uus
812 235 841 302 Ι.
1115 242 1156 308 Ἠ

111 421 282 474 ternorum
307 409 498 476 miiitumin
520 409 664 474 animum
686 408 859 486 induxerit,
881 420 914 473 st
935 430 954 472 s
978 409 1083 494 petris
1102 432 1162 478 rso

112 494 270 574 exsulare,
286 509 320 562 et
341 519 413 562 enm
436 496 560 560 minore
575 495 672 560 simul
685 498 796 560 solutis
809 517 847 559 oe
861 497 999 560 victorie
1014 517 1069 580 spe
1084 501 1160 576 pr'o-

113 593 186 666 pter
199 583 306 669 majus
321 604 496 668 prucorum
511 581 635 647 dierum
653 581 862 666 stipendium,
878 583 962 666 quod
977 581 1055 666 ipsis
1069 581 1160 647 debi-

114 681 179 746 tur,
193 667 268 733 iilos
287 670 321 734 in
343 667 429 734 bello
449 667 592 756 gerendo
608 668 734 754 jurare.
777 669 827 733 Ac
847 687 898 732 res
912 667 1042 754 quidem
1063 669 1161 735 Peio-

113 755 343 838 pouncdorum
366 754 453 832 tales,
469 764 500 819 et
520 757 628 820 roliers
648 755 698 819 ›ir’s
718 753 835 818 similes
853 775 922 818 esse
936 753 1106 822 sidentur:
1127 769 1161 825 st

112 839 640 993 trutmundum
811 839 1160 994 retusum

114 1011 215 1088 Quod
231 1015 258 1077 si
274 1012 470 1098 pedestribus
483 1013 584 1098 copiis
598 947 742 1078 disiice
748 947 879 1100 ι’ἒςῗιιιυ
902 1013 1087 1099 invaserint,
1100 975 1162 1082 ucri

114 1100 249 1164 vicissim
277 1101 311 1163 in
341 1098 472 1166 illorum
501 1121 610 1184 agnus
637 1098 836 1164 incursiones
869 1099 967 1166 closse
995 1100 1161 1169 faciemus.

118 1182 186 1250 Hic
198 1205 274 1249 vero
291 1188 418 1272 jectum
439 1191 506 1250 nou'
528 1186 590 1249 erit
609 1185 752 1272 oequslis,
771 1185 800 1251 si
816 1185 1031 1271 Peloponnesi
1052 1187 1161 1274 aliquo

112 1291 190 1354 pers
205 1294 226 1335 a
240 1273 337 1350 nobb,
350 1287 383 1336 et
397 1285 465 1338 totu
475 1273 585 1336 Attica
597 1273 638 1336 ab
649 1274 714 1338 illis
725 1283 875 1338 vastetur.
921 1271 973 1337 Illi
987 1273 1073 1338 enim
1087 1275 1160 1340 nul-

112 1355 182 1420 lum
207 1358 307 1423 ulium
328 1379 443 1446 agrurn
467 1357 644 1438 habebunt,
665 1379 760 1445 quem
784 1357 924 1436 citerius,
947 1362 1002 1445 qui
1023 1371 1162 1428 sutoro

100 1443 223 1527 fiserr't,
237 1443 310 1509 loco
323 1445 392 1510 sine
404 1443 521 1531 proelio
536 1457 704 1530 occupent.
748 1443 853 1510 Nobis
863 1467 940 1510 vero
954 1459 987 1510 et
1000 1446 1033 1510 io
1049 1445 1161 1514 insulis

113 1540 147 1593 et
168 1529 203 1629 ip
229 1531 413 1634 continents
438 1529 563 1631 amplus
585 1543 632 1596 est
651 1553 737 1618 eger.
783 1531 907 1634 Magne
930 1532 1016 1598 enim
1039 1555 1090 1598 res
1112 1546 1161 1600 est

112 1615 1160 1794 :trisummittimusdemitti

112 1785 217 1852 biles?
239 1788 339 1855 Nunc
359 1804 465 1855 sutem
488 1801 617 1876 oportet
637 1811 707 1866 uos,
723 1811 818 1875 quem
834 1791 982 1874 proxime
1002 1791 1044 1858 ad
1065 1793 1159 1858 istem

112 1874 340 1959 cogitationem
363 1876 559 1954 rmedentes,
575 1897 689 1964 agrum
726 1875 831 1939 uidem
855 1899 892 1942 ue
914 1877 1050 1942 edificia
1064 1880 1160 1944 missu

111 1959 227 2039 facere,
241 1975 277 2026 st
297 1983 396 2044 mute,
411 1963 588 2050 urbemque
608 1897 765 2047 proesiiiiis
786 1963 880 2039 tueri,
895 1985 1000 2049 neque
1014 1964 1160 2048 ipsorum

111 2069 218 2125 conso,
244 2051 275 2114 ri
298 2059 468 2130 omtodrsr,
494 2049 600 2127 iratos,
619 2070 694 2113 ¹oum
725 2047 974 2134 Peloponnesiis,
1000 2051 1056 2136 qui
1083 2065 1159 2118 sunt

111 2132 210 2222 longe
234 2135 353 2219 plures,
380 2135 496 2221 proelio
523 2134 688 2202 dimicare.
733 2133 833 2222 (Nem
860 2137 886 2199 si
912 2159 963 2201 eos
981 2136 1158 2218 vincemus,

111 2241 223 2285 rursus
238 2243 312 2286 curn
329 2243 393 2286 oon
405 2220 555 2289 inferiore
569 2243 704 2286 numero
718 2222 947 2310 confligemus3
969 2233 1010 2300 et,
1023 2224 1049 2287 si
1061 2245 1158 2310 quem

112 2305 235 2371 cladem
260 2308 465 2391 accipiemus,
492 2307 652 2373 sociorum
675 2331 804 2396 quoque
827 2305 960 2386 surrilis,
987 2309 1076 2374 uude
1099 2331 1158 2375 no-

110 2405 212 2458 strum
228 2395 328 2460 robur
350 2395 476 2479 pendet,
504 2407 661 2479 proteres
685 2393 773 2460 uobis
797 2395 966 2479 perierint:
990 2415 1049 2460 nec
1071 2397 1157 2461 enim

111 2480 286 2564 quiescent,
300 2503 357 2544 nec
370 2484 405 2544 irs
419 2477 657 2567 qfficr'ofideqse
671 2481 906 2564 permunebrurt,
922 2483 948 2545 si
962 2502 1022 2545 nos
1037 2479 1157 2550 bellum

110 2565 186 2650 ipsis
211 2565 330 2632 inferre
352 2587 548 2652 nequeamus
557 2570 580 2650 z)
606 2588 664 2632 nec
680 2566 780 2644 villus,
803 2579 835 2633 et
855 2588 960 2654 egros,
976 2566 1032 2632 sed
1053 2567 1157 2633 bomi-

110 2671 188 2716 num
206 2671 343 2738 corpore
365 2651 532 2737 deplorare
546 2662 688 2737 oportet:
709 2675 775 2717 non
798 2652 884 2718 enim
906 2654 1044 2718 resistes
1058 2655 1155 2734 viros,

110 2749 144 2802 st
158 2737 219 2804 viri
245 2761 293 2804 res
314 2740 389 2805 istus
411 2752 538 2824 perant,
554 2749 584 2804 et
599 2740 770 2822 possident.
817 2738 861 2803 Et
881 2739 907 2803 si
930 2739 1156 2820 existimarem,

4 2879 5 2882 ,
110 2843 162 2889 me
180 2825 268 2890 uobis
280 2828 337 2890 hoc
357 2846 596 2912 persuasurum,
610 2824 786 2903 suaderem,
802 2837 839 2890 ut
853 2847 908 2890 vos
930 2825 991 2911 ipsi
1012 2847 1055 2892 ex
1077 2827 1158 2894 urbe

110 2923 262 2976 exeuntes
272 2909 331 2976 bus
344 2933 396 2976 res
407 2911 580 2988 vestsretis,
592 2923 625 2974 et
636 2910 875 2996 Peloponnesiis
884 2911 1156 2994 demonstraretis,

110 3019 164 3072 ros
178 2998 296 3063 berum
311 3021 420 3063 rerum
435 3021 529 3063 ceusu
543 2997 698 3082 imperets
712 3019 778 3062 nou
794 2997 943 3073 facturos.

156 3091 230 3150 144.
254 3093 276 3126 ‘⁶
288 3083 484 3171 Quanquam
509 3099 541 3148 et
563 3081 627 3148 slis
646 3082 750 3150 multu
771 3097 925 3168 praeteres
946 3083 1059 3164 hsbeo,
1082 3107 1158 3172 qum

109 3168 188 3236 nubi
203 3193 356 3259 magnum
371 3171 513 3236 victoriae
528 3191 617 3256 spem
632 3168 779 3248 afferunt,
792 3169 818 3234 si
833 3169 930 3236 modo
947 3193 1013 3234 uuo
1027 3171 1156 3236 eodem-

109 3278 172 3342 que
194 3271 343 3343 tempore
363 3269 502 3322 vestrm
522 3256 692 3342 imperium
718 3277 908 3345 propagare,
931 3255 1010 3322 dum
1035 3257 1155 3322 bellum

98 3344 237 3430 gereris,
255 3355 289 3409 et
310 3343 454 3428 periculo
467 3341 648 3408 voluntario
661 3345 815 3425 periuriis
835 3347 1015 3410 necessariis
1036 3343 1156 3423 addere

16 3455 24 3474 ·
107 3429 236 3498 nolitis:
259 3451 335 3495 nem
361 3429 534 3494 domesticu
554 3439 738 3494 nostrorum
760 3429 877 3502 civium
898 3443 1030 3516 peccatu
1052 3431 1157 3517 mugio

106 3529 230 3594 metuo,
260 3537 357 3603 quem
386 3516 639 3582 adversariorum
667 3515 809 3580 consiliu.
855 3516 975 3586 Verum
1005 3539 1157 3603 quaensm

4 3632 13 3658 ·
108 3601 163 3667 ilis
176 3603 253 3679 siut,
268 3602 400 3688 plenum
414 3601 471 3668 fiet
491 3602 586 3666 etiem
610 3600 698 3679 ulios,
713 3601 791 3666 dum
808 3601 926 3667 bellum
943 3603 1047 3687 ipsum
1062 3627 1156 3692 gere·

107 3703 171 3754 tur.
216 3689 290 3754 Jsm
306 3710 381 3754 vero
402 3691 539 3774 Legatos
561 3688 637 3754 istos
658 3708 733 3752 cum
753 3686 816 3752 hoc
838 3708 991 3774 responso
1012 3690 1154 3776 dimittu-

107 3796 197 3841 mus:
223 3775 295 3840 Nos
318 3773 564 3863 Megarensibus
585 3772 716 3860 quidem
738 3795 805 3838 esse
827 3776 1035 3858 permissuros
1060 3798 1153 3842 usum

109 3873 320 3939 mercatum,
332 3873 365 3926 et
376 3873 541 3962 portuum3
563 3862 589 3925 si
603 3859 664 3946 ipsi
679 3858 916 3925 Lacedaemonii
930 3861 1033 3940 nobis,
1047 3863 1153 3927 sociis·

110 3970 171 4034 que
184 3947 314 4028 nostris,
331 3969 386 4035 qur
403 3969 512 4014 sumus
609 3946 705 4034 grini,
721 3967 789 4012 suoe
811 3945 945 4012 civitatis
966 3969 1060 4014 usum
1080 3968 1155 4033 per·

110 4035 256 4102 mittant:
279 4056 355 4100 nem
377 4055 483 4122 neque
504 4033 526 4097 il
542 4034 595 4112 ud,
610 4055 714 4121 neque
731 4032 794 4098 hoo
808 4032 841 4097 in
857 4031 1028 4098 foederibus
1042 4031 1154 4118 probi·
1197 4092 1214 4118 „

110 4119 213 4188 betur.
260 4121 421 4188 Praeteres
439 4142 499 4186 nos
520 4120 616 4186 etism
638 4118 858 4205 permissuros,
881 4131 917 4184 ut
938 4119 1058 4185 Graecae
1077 4120 1153 4185 civi·

112 4220 189 4277 tates
202 4207 326 4290 liberae,
342 4209 469 4296 suisque
490 4205 613 4296 legibus
627 4207 753 4284 virsnt3
776 4207 801 4272 si
817 4207 914 4273 modo
930 4205 1056 4285 liberos,
1072 4206 1152 4273 suis·
