2994 4788
346 283 409 348 174
643 328 646 334 .
713 272 1020 343 THUCYDlDlS

240 463 322 590 Pa&
342 444 577 599 flcia?illorum,
600 445 655 533 qui
676 449 790 532 templa
810 445 997 525 fundarunt,
1020 459 1054 512 et
1071 443 1296 522 candidarum,
1320 444 1385 509 tol·

355 549 420 600 etta

341 629 440 772 ,si
463 618 712 770 ‘raian
727 619 797 770 ‘tr
931 617 1387 775 temnendum

239 785 277 894 ξ·
287 753 316 835 ⁰:
336 795 424 880 jores
439 719 565 857 iestffil
572 727 854 879 peccetisllune'qode
868 729 976 858 ulullds
984 730 1032 857 lde
1046 728 1134 856 veliis
1156 727 1237 856 bdne
1253 791 1387 854 meritos

243 863 314 965 '32¹7'
340 893 474 965 propter
488 879 606 944 alienas
620 877 812 957 inimicitias,
827 901 900 945 cum
916 900 972 944 vos
987 877 1047 964 ipsi
1063 877 1182 942 nullam
1198 877 1351 962 injuriam
1366 899 1388 940 a

341 967 433 1030 nobis
449 965 643 1050 acceperitis,
659 964 821 1030 occidatis.
868 965 931 1031 Sed
946 987 1009 1029 rem
1023 975 1124 1030 cmtro
1136 966 1244 1049 gloria
1254 965 1388 1048 dignene

332 1049 475 1135 societis,
498 1051 524 1114 si
546 1052 639 1115 nobis
660 1051 809 1137 parcatis,
823 1053 994 1138 animoque
1015 1050 1083 1114 fran
1129 1049 1218 1128 mini,
1238 1048 1390 1113 modesta

342 1137 559 1202 misericordia
581 1137 675 1202 tecti:
706 1137 941 1204 considerantes
966 1159 1032 1202 non
1050 1159 1088 1201 so
1102 1157 1155 1200 um
1180 1137 1388 1200 atrocitatem

341 1225 499 1310 supplicii,
515 1245 581 1309 quo
593 1223 787 1309 plectemur3
810 1223 975 1289 sedetiam
999 1223 1107 1323 quales
1122 1221 1220 1286 simus
1240 1243 1309 1298 nos,
1324 1221 1388 1307 qui

341 1310 405 1375 hoc
427 1312 529 1395 ipsum
545 1309 720 1393 patiemur:
743 1313 969 1375 considerantes
982 1323 1089 1387 etiam,
1103 1330 1200 1395 quam
1224 1308 1265 1371 sit
1278 1310 1389 1371 incer·
1475 1375 1482 1385 ,

341 1411 422 1473 tum,
443 1396 571 1460 cuinam
594 1395 754 1460 calamitas
772 1397 821 1460 vel
844 1397 1023 1460 immerenti
1043 1397 1084 1459 sit
1106 1407 1266 1459 eventura.
1313 1393 1390 1458 Nos

341 1482 441 1568 igitur
458 1487 506 1563 (ut
520 1501 578 1544 nos
591 1480 695 1562 decet,
712 1495 808 1566 utque
822 1483 991 1547 necessitas
1010 1484 1078 1567 ipsa
1093 1503 1152 1545 nos
1166 1480 1274 1566 cogit)
1293 1479 1391 1544 Dens

342 1569 562 1654 imploramus,
577 1567 632 1652 qui
658 1567 768 1632 iisdem
792 1567 854 1633 aris
868 1591 888 1632 a
911 1569 1002 1633 nobis
1025 1589 1118 1653 aeque
1136 1566 1294 1641 coluntur,
1311 1567 1390 1649 qui·

341 1677 406 1741 qua
421 1655 547 1720 Graecia
569 1652 717 1718 omnibus
739 1667 812 1719 aunt
829 1674 1026 1731 communes,
1043 1667 1074 1718 et
1095 1653 1136 1718 ab
1159 1651 1220 1716 illis
1233 1651 1389 1736 petimus,

342 1753 380 1805 ut
393 1740 483 1804 vobis
498 1739 710 1824 persuadeant
722 1740 803 1817 haec,
820 1762 887 1826 quse
908 1743 1045 1819 dicimus,
1069 1739 1263 1824 proferentes
1285 1737 1391 1824 ‘usjn-

343 1827 491 1902 randum,
515 1825 602 1912 quod
624 1839 730 1910 patres
752 1829 845 1892 vestri
864 1829 1025 1912 jurarunt,
1052 1827 1142 1911 cujus
1163 1847 1218 1889 roa
1239 1759 1391 1889 oblivisci

343 1935 409 1978 non
432 1925 567 1997 oportet
612 1913 656 1976 Et
683 1925 808 1996 patrum
835 1929 1009 1978 vestrorum
1033 1912 1179 1998 sepulcra
1199 1909 1393 1995 suppliciter

341 2021 483 2076 oramus,
499 2011 532 2063 ct
546 1999 611 2062 vita
624 1997 789 2064 defimctos
800 1999 1020 2084 imploramus,
1031 2010 1088 2063 ’ne
1101 1998 1135 2062 in
1151 1997 1182 2062 T
1184 1997 1391 2060 hebanorum

342 2098 530 2170 potestatem
560 2083 751 2168 redigamur,
782 2107 863 2150 nere
891 2107 959 2162 nos,
993 2087 1049 2172 qui
1077 2083 1166 2150 vobis
1201 2081 1393 2147 amicissimi

235 2199 240 2214 ·
342 2193 464 2248 sumus,
480 2171 703 2235 inimicissimis
724 2171 907 2248 tradamur3
930 2171 1085 2258 illumque
1105 2171 1189 2235 diem
1215 2171 1247 2234 in
1261 2189 1394 2233 memo-

344 2258 424 2321 riam
451 2256 540 2320 vobis
568 2255 753 2342 redigimus,
780 2279 846 2344 quo
873 2257 1116 2346 praeclarissima
1140 2255 1280 2321 facinora
1308 2274 1394 2318 cum

344 2343 490 2428 patribus
504 2343 612 2407 vestris
633 2341 803 2421 edidimus,
823 2365 893 2425 nos,
909 2344 962 2430 qui
987 2365 1082 2420 nunc,
1098 2343 1160 2407 hoc
1180 2342 1250 2426 ipso
1270 2339 1336 2417 die,
1355 2342 1393 2405 in

344 2428 531 2516 gravissimo
544 2428 658 2515 capitis
672 2429 815 2514 periculo
832 2451 1006 2496 versamur.
1051 2428 1151 2507 Quod
1161 2441 1265 2492 autem
1281 2439 1315 2490 et
1327 2447 1394 2492 ne·

343 2515 525 2592 cessarium,
552 2527 584 2580 et
608 2515 844 2583 acerbissimum
870 2527 917 2580 est
939 2515 1122 2581 hominibus
1146 2515 1179 2578 in
1201 2513 1395 2598 hujusmodi

344 2601 475 2666 fortuna
497 2602 686 2678 constitutis,
710 2601 837 2667 dicendi
859 2600 955 2667 linem
977 2601 1089 2679 facero,
1113 2600 1199 2687 quod
1225 2621 1297 2664 cum
1312 2599 1394 2683 ipso
1466 2625 1472 2638 ¹

344 2687 475 2752 dicendi
489 2687 554 2752 fine
565 2689 638 2752 vitae
652 2708 780 2774 quoque
791 2688 941 2754 finiende
949 2690 1127 2774 periculum
1139 2686 1179 2751 sit
1189 2680 1394 2772 proximum,

346 2773 444 2838 linem
467 2773 593 2838 dicendi
606 2773 767 2852 facientes,
784 2773 865 2838 illud
883 2776 951 2862 jam
966 2775 1111 2852 dicimus,
1135 2793 1194 2837 noa
1208 2793 1272 2836 non
1293 2771 1394 2836 dedi·

344 2857 430 2923 disse
452 2859 563 2923 urbem
587 2859 761 2938 Thebanis,
800 2881 873 2925 nam
898 2847 1005 2937 fame?
1016 2860 1199 2946 turpissimo
1223 2857 1308 2922 necis
1328 2879 1395 2940 ge-

347 2965 434 3022 nere,
456 2945 573 3026 necari,
589 2967 683 3030 quam
705 2945 766 3010 hoc
794 2967 898 3023 acere,
910 2947 1142 3026 maluissemus)
1157 2945 1214 3009 sed
1228 2943 1326 3018 vobis,
1345 2945 1396 3008 ad

345 3051 426 3117 quoa
437 3043 540 3094 restra
555 3033 706 3118 aequitate
721 3031 792 3098 freti
807 3034 1003 3098 accessimus.
1050 3031 1093 3097 Et
1106 3052 1232 3118 aequum
1248 3043 1307 3107 est,
1323 3031 1396 3095 nisi

346 3139 403 3180 vos
417 3138 551 3181 exorare
571 3118 737 3202 possimus,
759 3136 821 3183 nos
843 3119 964 3183 anobis
986 3120 1047 3183 hoc
1070 3117 1180 3183 saltem
1203 3118 1393 3202 impetrare,

348 3216 383 3267 nt
398 3205 430 3268 in
447 3202 582 3267 cundem
601 3204 716 3282 locum,
732 3205 818 3268 unde
832 3206 1054 3290 processimus,
1070 3226 1129 3268 nos
1143 3203 1331 3278 restituatis3
1357 3215 1396 3268 et

345 3288 534 3375 periculum,
550 3290 765 3376 quodcunque
779 3313 847 3355 sors
863 3291 978 3368 tulerit,
995 3303 1054 3356 nos
1068 3292 1153 3376 ipsos
1167 3289 1283 3377 eligere
1301 3288 1395 3353 sina-

345 3377 396 3440 tis.
442 3375 544 3440 Simul
566 3377 660 3440 etiem
677 3377 766 3440 vobis
787 3377 986 3456 mandamus,
1010 3389 1041 3442 et
1062 3399 1114 3442 cos
1136 3397 1268 3452 oramus,
1287 3375 1396 3440 Lace·

343 3461 508 3538 doen'ronii,
524 3483 566 3526 ne
576 3483 654 3540 nos,
670 3463 725 3548 qui
751 3463 939 3527 Plataeenaes
953 3485 1071 3541 sumus,
1087 3475 1119 3527 et
1142 3462 1198 3550 qui
1212 3461 1395 3525 maximam

344 3547 444 3611 animi
458 3547 652 3614 alacritatem
668 3569 729 3634 pro
742 3551 907 3614 communi
922 3549 1114 3614 Graecorum
1125 3548 1227 3612 salute
1241 3547 1317 3612 olim
1328 3547 1394 3612 de-

343 3633 603 3734 monstravimus,
619 3657 660 3699 ex
675 3636 786 3738 vestris
804 3635 962 3714 manibus,
984 3649 1071 3701 etex
1088 3648 1192 3734 vestra
1207 3633 1279 3710 fide,
1296 3655 1396 3782 pean

345 3721 1398 3891 ‘studim,ditissimisdeitatum

345 3911 397 3955 cos
419 3913 550 3968 oramus,
574 3905 610 3956 ut
631 3892 734 3958 nostri
755 3908 931 3959 servatores
957 3895 1034 3973 sitis,
1057 3915 1146 3971 neve,
1172 3895 1228 3980 qui
1253 3905 1396 3958 caeleroe

376 4140 390 4178 r
402 4135 441 4182 Ne
452 4148 478 4181 aa
487 4135 610 4182 Thebanis
622 4135 709 4200 subjici
725 4139 807 4186 sinant
815 4145 861 4188 etc.
873 4145 895 4186 at
910 4141 982 4201 pasto
992 4140 1067 4204 tsfrs,
1084 4140 1212 4200 istumque
1222 4139 1289 4185 diem
1299 4138 1350 4184 illis
1361 4137 1394 4184 iu

343 4201 488 4310 memorliiarp
499 4199 646 4310 :edigimun¹
654 4216 703 4263 quo
711 4217 768 4250 cum
780 4205 839 4266 ipsis
850 4218 888 4252 res
900 4205 1098 4265 preclarissimus
1110 4209 1222 4265 gerentes
1232 4209 1277 4249 etc.
1296 4201 1399 4250 Halte-

344 4277 400 4308 ΙΙΙΗ.
479 4277 497 4311 D
513 4295 521 4310 ο
