2996 4782
448 290 698 359 HISTORIAE
721 292 810 360 LlB.
834 293 861 357 l.
1130 299 1173 362 st

132 462 221 550 gotio
236 463 471 530 Atheniensium
493 463 562 529 aliis
577 463 618 530 de
639 465 742 530 causis
756 463 991 532 lacedaemone
1007 464 1075 548 jam
1099 475 1175 528 ante

133 549 257 629 aderat)
272 561 392 614 etcum
408 549 479 614 haec
492 551 589 615 verba
610 550 782 626 audissent,
798 551 839 616 ad
855 548 1175 616 Lacedaemoniorum

135 635 341 721 magistratus
360 637 419 700 sibi
442 637 582 700 eundum
604 660 671 701 esse
692 649 894 714 censuerunt,
909 658 974 700 non
998 649 1033 700 ut
1055 635 1097 699 ad
1113 636 1175 699 cri·

136 721 222 784 mina
236 722 476 805 responderent,
488 743 560 806 quae
574 722 717 788 civitates
729 723 964 810 Atheniensibus
974 721 1173 806 objecerant:

134 806 188 870 sed
210 817 248 870 ut
271 808 304 869 in
328 810 508 872 universum
530 809 745 884 ostenderent,
760 828 825 872 non
847 805 992 876 celeriter
1013 811 1174 892 quicquum

133 893 208 974 ipsis
222 892 478 958 decernendum:
501 893 555 958 sed
578 893 648 978 plus
670 894 821 978 temporis
837 897 872 959 in
892 916 993 959 rerum
1014 905 1173 958 tantumn

133 979 368 1043 consultatione
377 979 572 1064 ponerrdnm.
607 981 709 1045 Simul
720 981 815 1046 etiam
826 979 974 1045 velebant
982 978 1173 1066 significare,

133 1075 255 1149 quauta
268 1076 349 1129 esset
363 1087 430 1130 suas
450 1066 585 1131 civitatis
600 1067 751 1150 potentia,
766 1081 800 1130 et
816 1079 909 1132 oetute
922 1064 1174 1151 provectioribus

135 1149 166 1212 in
189 1150 377 1215 memoriam
403 1171 551 1217 revocare
575 1173 622 1231 ea,
647 1173 720 1238 qum
744 1166 909 1229 noverant,
933 1165 965 1216 et
988 1151 1173 1237 junioribus

134 1257 265 1299 narrare
279 1257 327 1315 es,
339 1258 475 1322 quorum
491 1236 611 1302 nullam
624 1237 784 1304 habebant
795 1239 953 1302 notitiam.
998 1237 1063 1302 Eos
1074 1237 1170 1316 euim,

134 1343 189 1384 sna
210 1324 357 1386 oratione
374 1323 493 1401 audita,
509 1324 551 1388 ad
570 1345 692 1408 pacem,
708 1346 804 1410 quam
826 1325 867 1388 nd
888 1323 1016 1400 bellum,
1033 1345 1171 1408 propen-

134 1407 231 1470 siores
252 1406 322 1472 sore
346 1410 511 1492 putabant.
556 1409 638 1474 Cum
663 1411 762 1498 igiurr
784 1410 824 1474 ad
852 1409 1171 1475 Lacedaemoniorum

135 1515 185 1556 ma
210 1495 337 1558 'stratus
361 1495 572 1572 accessissent,
593 1497 632 1560 ad
655 1519 765 1562 eorum
787 1497 974 1562 concionem
997 1518 1030 1559 se
1068 1517 1172 1581 noque

134 1515 230 1642 ,ega
243 1578 345 1644 facere
359 1580 440 1643 velle
453 1581 612 1660 dixerunt,
627 1583 687 1646 nisi
699 1583 775 1669 quid
789 1581 984 1666 prohiberet.
1030 1518 1081 1645 Illi
1096 1603 1172 1646 vero

133 1685 186 1728 cos
201 1666 236 1728 in
257 1666 394 1730 medium
416 1667 546 1752 prodire
562 1669 735 1753 jusserunt.
781 1669 876 1734 Tunc
903 1666 1113 1732 Athenienses
1138 1669 1172 1732 in

133 1749 273 1814 medium
289 1755 446 1838 progressi
461 1751 532 1826 hec
545 1753 706 1819 dixerunt.

176 1843 230 1904 73.
255 1844 277 1878 “
292 1837 369 1901 Non
378 1851 548 1923 propterea
558 1839 598 1904 ad
612 1863 667 1905 ros
680 1840 777 1940 legati
791 1841 916 1916 fuimus,
930 1841 1171 1917 Lacedaemonii,

132 1934 169 1985 nt
182 1923 224 1986 ad
240 1923 376 1987 erimina
389 1925 481 1989 nobis
492 1947 511 1988 a
522 1926 640 1990 nostris
650 1927 742 1990 sociis
752 1927 876 2012 objecta
887 1924 1170 2009 responderemus:

132 2007 187 2071 sed
208 2011 286 2073 eliis
306 2012 345 2073 dc
365 2013 452 2074 rebus
474 2013 617 2090 ventare,
655 2034 767 2078 uarum
789 2033 883 2078 causa
905 2011 1014 2076 civitas
1038 2031 1093 2074 nes
1114 2012 1173 2074 ltuc

133 2094 227 2158 misit.
271 2093 345 2159 Jsm
370 2118 446 2160 vero
468 2117 541 2161 cum
567 2035 828 2174 intellexerimus,
850 2117 915 2160 non
938 2095 1039 2160 levem
1058 2109 1173 2160 eontra

132 2200 190 2242 nos
205 2180 457 2245 criminationem
479 2182 655 2248 institutam
670 2205 748 2264 esse,
762 2185 795 2247 in
820 2183 959 2248 medium
982 2180 1170 2266 prodiimus,

133 2287 197 2328 nnn
213 2277 252 2329 ut
264 2267 306 2330 ad
327 2267 488 2332 civitatum
512 2269 646 2334 crimina
661 2271 747 2334 uobis
768 2267 891 2354 objecta
911 2269 1171 2352 respondeamus,

133 2355 251 2437 (neque
265 2353 348 2416 enim
369 2353 495 2417 anobis
515 2355 602 2438 apud
619 2379 683 2434 vos,
700 2368 736 2420 ut
758 2367 812 2419 sut
833 2354 943 2431 nostri,
959 2367 1016 2419 aut
1037 2353 1171 2418 istorum

1 2471 2 2522 3
126 2437 261 2520 ludim,
288 2438 384 2502 verba
407 2439 499 2519 fient)
525 2441 581 2504 sed
605 2452 640 2506 ut
668 2463 719 2506 nos
747 2462 930 2516 moneamus,
959 2461 1000 2503 ne
1028 2440 1173 2503 celeriter
1197 2469 1201 2477 ¹

132 2525 256 2610 magnis
281 2523 322 2588 de
345 2528 448 2601 rebus,
469 2527 627 2591 sociorum
648 2527 752 2592 verbis
775 2526 913 2602 adducti,
937 2527 1020 2588 male
1045 2523 1172 2588 consul·

132 2610 221 2672 tetis:
256 2609 350 2673 dmul
374 2612 481 2688 etiam,
505 2613 578 2697 quis
601 2613 642 2676 de
663 2625 729 2678 tota
751 2615 951 2676 accusatione
976 2622 1088 2674 contra
1112 2631 1172 2674 nos
1201 2639 1204 2648 ·

131 2695 275 2759 instituta
294 2717 349 2760 vos
370 2699 521 2762 certiores
539 2698 641 2763 facere
662 2701 820 2775 volumus,
842 2719 901 2761 nos
924 2717 1029 2781 neque
1052 2707 1172 2780 proeter

130 2783 270 2844 &comm
284 2792 314 2845 ct
323 2784 376 2867 jus
390 2783 544 2858 obtinere,
560 2806 633 2869 quae
655 2785 860 2884 possidemus,
876 2799 1080 2868 nostramque
1094 2779 1171 2844 civi·

131 2881 228 2931 tatem
248 2867 380 2952 dignam
401 2891 477 2946 esse,
494 2871 582 2955 cujus
604 2883 687 2934 ratro
710 2869 876 2934 habeatur.
919 2871 968 2932 Ac
989 2879 1172 2951 pervetusta

153 2953 259 3017 uidem
277 2955 352 3039 quid
368 2977 449 3040 opus
469 2968 517 3020 est
535 2977 708 3034 recensere,
724 2977 861 3041 quorum
885 2954 944 3038 ipsi
967 2973 1111 3033 rumores
1129 2950 1171 3016 dc

130 2974 190 3102 illis
204 3042 307 3124 sparsi
327 3041 432 3124 potius
454 3053 528 3105 sunt
549 3055 653 3119 testes,
670 3063 764 3126 quem
786 3039 871 3106 oculi
892 3060 1014 3116 eorum,
1030 3038 1085 3124 qul
1099 3036 1170 3102 hese

127 3136 205 3188 sunt
229 3125 396 3190 audituri?
419 3125 484 3190 Sed
509 3149 559 3192 res
584 3127 668 3192 bello
690 3126 820 3194 Medico
843 3148 864 3188 n
889 3125 976 3190 uobis
998 3135 1114 3211 gestas,
1138 3135 1171 3186 et

129 3231 331 3296 quaecunque
352 3212 484 3276 novistis
508 3233 600 3300 oeque
624 3225 721 3300 atque
743 3235 800 3277 nos
823 3211 892 3296 ipsi,
913 3209 1056 3295 quamvis
1077 3206 1170 3272 valde

131 3297 263 3362 molesta
284 3297 348 3362 sint
368 3297 486 3376 sutum,
502 3321 576 3385 qnae
598 3299 668 3364 hac
691 3319 816 3383 semper
837 3295 1044 3382 proferamus,
1066 3304 1169 3358 temen

129 3403 380 3447 commemorare
401 3397 449 3448 est
469 3407 605 3450 necesse.
652 3385 737 3450 Nam
759 3403 859 3470 quum
873 3404 922 3447 res
944 3383 1016 3446 illus
1035 3379 1169 3466 gereba-

1 3525 2 3534 ,
130 3489 210 3546 ιιιιιε,
225 3481 358 3554 propter
371 3491 551 3536 communem
565 3473 696 3537 omnium
714 3471 888 3534 &aaronem
903 3466 1069 3532 utilitatem
1084 3466 1169 3549 peri·

1 3569 2 3624 l
128 3557 201 3618 cula
223 3554 418 3634 subibamus,
441 3557 531 3643 cujus
554 3579 605 3623 vos
626 3557 755 3644 quidem
781 3554 952 3640 participes
977 3551 1087 3650 fuistis,
1114 3572 1169 3616 nos

130 3661 204 3705 raro
229 3661 298 3706 non
323 3642 411 3706 omni
437 3646 561 3708 ittoiaen
588 3641 900 3717 commemoratione,
923 3639 950 3702 si
974 3637 1052 3724 quid
1081 3638 1169 3701 nobis

129 3727 239 3810 prosit,
255 3727 428 3812 privamur.
475 3728 560 3794 Haec
582 3745 687 3796 autern
709 3727 857 3794 dicentur
877 3746 943 3790 non
954 3739 1040 3799 tam,
1056 3736 1093 3786 ut
1109 3742 1169 3786 nos

128 3833 322 3890 excusemus,
352 3835 448 3898 quam
476 3829 513 3879 ut
541 3828 703 3891 testemur,
728 3825 762 3878 et
788 3811 994 3889 declaremus,
1017 3808 1169 3908 adversus

127 3899 254 3982 qudem
267 3899 426 3964 civitatem
440 3901 530 3965 vobis
550 3901 718 3967 consilium
740 3900 872 3964 minime
885 3897 1006 3962 bonum
1029 3896 1167 3960 ineunti-

129 3985 185 4050 bus
206 3997 368 4050 certamen
395 3987 436 4051 sit
457 3985 611 4052 futurum.
656 3985 875 4068 Praedicnmus¹
896 3983 991 4059 enim,
1007 4002 1063 4046 uos
1082 3978 1167 4044 solos

128 4071 201 4136 olim
216 4071 251 4136 in
267 4071 388 4157 campis
403 4070 606 4139 Marathonis
624 4093 835 4160 magniacum
858 4068 1001 4155 periculo
1014 4065 1165 4130 adversus

129 4157 299 4223 barbarum
326 4179 501 4245 pugnasse:
524 4173 566 4238 et,
589 4180 688 4248 quum
714 4159 828 4223 iterum
854 4157 950 4230 venit,
976 4152 1051 4239 quia
1079 4163 1166 4215 terra

126 4241 229 4328 ipsum
260 4245 449 4331 propulsare
478 4267 543 4311 non
572 4260 765 4332 poteramm,
795 4265 850 4308 raes
878 4243 1040 4308 rmiversos
1069 4256 1164 4300 naves

617 4341 674 4396 n3
