2990 4792
302 403 306 408 ⁵
400 311 850 386 meminissemus
1078 330 1142 389 ns

112 485 237 553 navibus
258 485 407 554 iacientes
430 489 556 556 deit
579 492 671 556 leuen
694 491 898 576 perveniunt,
911 503 1046 576 eamque
1064 492 1139 558 aim·
1175 501 1237 550 sert.

114 573 182 656 plici
209 593 301 640 muro
330 575 474 661 cingunt.
562 577 702 643 onnullis
728 579 824 643 etism
853 577 887 642 in
916 577 996 642 locis
1024 592 1139 644 nature
1163 565 1245 626 '²¹⁰¹‘

12 673 13 676 Ν
113 659 232 726 munte·
251 660 378 728 cuent
397 662 610 729 misserunt.
655 663 699 728 nc
715 663 873 751 Mitylene
887 662 1016 750 quidem
1037 667 1138 732 uutn-
1154 629 1252 756 0531,ss

113 759 231 896 ‘³⁰⁹’th
251 761 337 813 terre
358 761 392 814 et
412 750 503 828 mari,
525 750 642 816 soritm
662 749 879 831 obsidebatur,
898 763 931 816 et
953 749 1064 838 hyems
1083 773 1138 837 sp·
1166 759 1241 872 200&

113 844 197 984 pelen
215 844 383 986 tbaetmnm
400 920 610 987 Athenienses
623 923 767 1008 pecnmis
781 921 823 988 ad
844 922 1039 988 onumen·-
1055 923 1139 990 indi·
1167 888 1240 1008 {ff
1254 941 1258 946 “

111 1020 220 1090 geuteu
239 1027 315 1070 cum
336 1007 396 1090 ipsi
419 1008 571 1092 pecunias
591 1021 668 1075 tunc
690 1011 830 1095 primum
854 1012 889 1075 in
910 1031 981 1076 tuns
999 1010 1140 1094 pellicos

111 1090 315 1170 contulerunt,
338 1107 371 1159 et
396 1093 466 1158 CC.
491 1094 610 1160 talenta
632 1097 815 1174 emiserunt,
842 1109 909 1160 tum
937 1095 1032 1160 etism
1058 1096 1139 1164 duo·

28 1256 32 1262 ἱ
110 1174 202 1241 decim
221 1200 318 1243 naves
336 1180 481 1264 pecuniae
503 1179 692 1268 colligendus
709 1183 823 1270 gratia,
839 1197 871 1247 et
885 1180 1045 1266 Lysiclem
1065 1204 1139 1249 cum

109 1277 237 1348 quatuor
259 1263 389 1353 collegis
410 1266 451 1331 od
477 1267 579 1332 socios
601 1271 758 1334 miseranti.
805 1267 865 1333 Ille
887 1289 975 1348 vero,
990 1289 1073 1334 cum
1097 1291 1139 1334 ex

109 1348 172 1413 aliis
199 1349 278 1416 locis
308 1352 458 1436 pausia
491 1354 589 1418 classe
621 1354 851 1420 circumvectus
880 1354 1039 1441 exigebat,
1068 1368 1137 1420 tum

109 1435 194 1500 mam
219 1457 260 1501 ex
282 1439 358 1502 urbe
380 1437 520 1524 Myunte
563 1461 599 1506 er
625 1438 832 1506 Maeaudrum
857 1439 963 1505 Carioe
987 1462 1136 1526 campum

108 1542 201 1608 nsque
228 1523 271 1588 ud
302 1523 457 1590 Sandium
486 1547 525 1590 uo
549 1547 599 1590 em
629 1528 779 1604 ascendit,
810 1541 842 1592 et
872 1549 893 1592 a
923 1525 1070 1608 Caribus,
1100 1551 1138 1594 sc

109 1606 245 1688 Anaeitis,
275 1611 329 1694 qui
359 1612 462 1696 ipsum
489 1611 680 1692 invaserant,
707 1627 739 1677 et
763 1614 843 1698 ipse,
867 1624 899 1677 et
921 1634 1056 1700 magnus
1079 1613 1136 1678 ali-

107 1714 189 1759 srum
205 1695 303 1780 ipsius
317 1697 482 1782 copiarum
497 1719 767 1764 numerus‘cresns
782 1713 839 1764 est.

145 1789 197 1848 20.
220 1781 345 1846 Eadem
364 1782 479 1869 hyeme
497 1783 688 1850 Platoecnsea
704 1784 825 1870 (adbuc
838 1785 923 1850 enim
939 1808 959 1849 a
974 1784 1136 1870 Pelopon-

106 1866 193 1930 nesiis
206 1881 238 1933 et
255 1867 379 1935 Boeotis
393 1869 633 1953 obsidebantur)
649 1893 722 1936 cum
738 1883 770 1936 et
783 1871 918 1956 penuria
932 1871 976 1936 rei
994 1870 1136 1937 frumen-

107 1955 189 2017 tariae
207 1956 348 2040 graviter
366 1956 560 2034 laborarent,
581 1978 640 2021 uec
661 1955 760 2023 ullum
783 1956 916 2021 subsidii
936 1955 1074 2022 Athenis
1094 1957 1137 2022 ad

105 2059 136 2101 se
159 2039 282 2104 venturi
308 2063 395 2122 spem
419 2041 557 2127 amplius
581 2041 744 2122 haberent,
768 2065 827 2108 nec
853 2041 918 2106 nlla
940 2042 1003 2106 slis
1028 2043 1137 2110 salutis

76 2203 78 2208 Ι
105 2125 250 2206 parandae
274 2128 356 2192 rstio
377 2140 554 2212 appareret,
571 2149 644 2194 curn
665 2129 736 2214 ipsi,
753 2143 820 2194 tum
841 2127 1063 2205 Athenienses,
1080 2129 1136 2278 Ἱιιί
1231 2205 1233 2212 Α

69 2267 72 2273 .
105 2230 171 2274 cum
199 2213 276 2297 ipsis
301 2213 540 2294 obsidebantur,
566 2216 703 2299 primum
734 2215 863 2302 quidem
892 2214 973 2280 inito
1001 2215 1090 2278 consi
1105 2214 1137 2280 io

103 2305 240 2364 sursunt
268 2321 382 2366 omnes
411 2303 509 2378 exire,
539 2299 745 2388 hostiumque
776 2323 885 2366 muros
919 2322 1079 2388 superare,
1109 2301 1137 2366 si

103 2382 196 2448 modo
215 2407 276 2470 per
291 2388 356 2450 vim
370 2386 433 2452 boc
446 2385 550 2452 faeere
565 2402 701 2472 possent,
717 2387 811 2474 hujus
827 2400 960 2454 conatus
974 2388 1138 2454 sutoribus

104 2464 277 2536 Tbeaeueto
306 2471 447 2538 Timidoe
464 2473 555 2556 filio,
584 2475 641 2561 qui
669 2487 754 2540 vates
782 2487 861 2550 erat,
892 2487 926 2538 et
955 2471 1138 2559 Eupolpida

103 2552 270 2622 Drimachi
283 2559 373 2642 flio,
397 2560 453 2645 qui
479 2572 512 2626 ct
534 2559 603 2644 ipse
624 2560 692 2626 dux
716 2573 795 2626 erat.
839 2559 968 2626 Deinde
989 2579 1066 2624 vero
1086 2558 1138 2624 di·

102 2641 194 2707 midia
215 2644 359 2729 ipsorum
379 2667 465 2731 putare,
480 2645 569 2731 quod
588 2647 765 2731 periculum
786 2645 899 2735 ingens
913 2667 981 2710 esse
994 2643 1135 2724 duceret,

102 2741 183 2794 netu
208 2729 352 2817 quodem
379 2733 488 2798 territe
512 2731 633 2798 destitit
658 2733 813 2818 incoepto.
859 2729 921 2798 Sed
945 2731 1075 2799 ducenti
1105 2743 1138 2798 et
1181 2789 1186 2798 .

100 3005 262 3054 murorum
278 2947 559 3077 altitudine’psroe
577 2987 734 3058 fecerunt.
778 2991 878 3057 Hauc
896 3003 1003 3056 autem
1018 2989 1137 3055 emensi

97 3086 177 3152 snut,
190 3077 444 3162 contemplantes
458 3077 591 3143 laterum
607 3090 901 3164 coagmentatornm
917 3075 1056 3155 ordines,
1072 3095 1137 3162 qua

99 3171 186 3240 pane
212 3183 327 3226 murus
350 3164 493 3249 ipsorrm
510 3165 564 3229 ud
587 3186 642 3229 eos
666 3177 812 3249 spectans
838 3163 972 3229 tectorio
997 3160 1136 3227 carebat.

99 3243 262 3334 Multique
291 3247 383 3314 simul
412 3252 546 3315 laterum
571 3261 871 3333 ,uosgmmtstorum
901 3261 1000 3314 strata
1024 3267 1141 3312 nume·

98 3331 226 3399 mhant.·
270 3331 315 3400 Et
328 3333 445 3401 borum
460 3335 589 3423 quidem
612 3334 759 3402 nonnulli
773 3357 793 3400 a
808 3356 882 3400 vers
895 3333 1138 3400 ratiocinatione

98 3415 274 3485 aberraturi
303 3435 407 3501 eruut,
434 3421 577 3508 plerique
603 3443 679 3487 vero
706 3443 776 3486 eam
806 3421 1005 3507 assequuturi
1035 3431 1135 3484 erunt.

97 3507 273 3588 persertim
289 3507 366 3592 quis
384 3508 501 3593 caepim
521 3529 574 3573 eas
593 3509 815 3584 numerabant,
830 3505 925 3572 simul
938 3505 1046 3586 etlam,
1061 3507 1137 3592 quia

96 3609 159 3656 nou
181 3591 299 3676 procul
319 3593 468 3660 aberant:
496 3593 551 3659 sed
576 3616 615 3659 ea
639 3594 724 3658 muri
745 3615 828 3678 pars,
851 3591 892 3658 ad
916 3615 1012 3680 quam
1036 3594 1137 3658 uatus

96 3679 258 3744 admouere
270 3678 430 3758 volebant,
446 3679 537 3746 facile
550 3679 816 3764 conspiciebatur.
858 3679 1022 3744 Scelerum
1038 3677 1136 3763 igitur

95 3783 293 3914 ἱιὲιωηιιι,
313 3764 586 3918 εςιρὲιρσεῐίῑαῑεω
609 3765 791 3918 hacmmtodo
812 3778 888 3830 sunt
907 3765 1079 3852 assequuti,
1094 3783 1137 3830 ex

158 3873 380 3918 rumerassru
416 3873 616 3919 neeamcon
699 3873 779 3918 nea.

136 3943 193 4003 21.
218 3936 527 4023 Peloponnesiorum
545 3875 652 4003 cutejm
670 3959 782 4003 murus
801 3937 861 4003 hoc
878 3950 949 4004 erat
965 3949 1137 4002 sunctum.

95 4019 271 4108 Duplicem
299 4025 456 4090 ambitum
485 4023 634 4100 habebut,
665 4024 798 4090 alterum
828 4023 968 4111 quidem,
1000 4021 1138 4087 Plataeas

97 4127 217 4188 remus,
233 4121 344 4176 contra
363 4114 581 4178 Plutoeenriurn
600 4111 784 4194 eruptiones,
800 4109 934 4176 alterum
951 4129 1027 4173 vero
1045 4121 1139 4172 exte-

94 4191 224 4274 riorem,
241 4207 351 4262 eontra
366 4199 577 4274 Athenienses,
594 4195 620 4262 si
641 4197 712 4282 quis
733 4196 815 4261 forte
838 4193 974 4260 Athenis
989 4197 1032 4258 ud
1052 4210 1140 4275 opens

98 4280 324 4368 Plutaensilms
334 4285 504 4370 strandum
526 4297 639 4348 contra
664 4285 746 4367 r'psm
769 4281 913 4362 venisset.
960 4279 1008 4344 Hi
1031 4291 1140 4346 amem

582 4377 638 4434 as
