2994 4788
373 307 623 379 HlSTORlAE
646 307 736 376 LIB.
760 309 820 375 tv.
1058 320 1121 382 251

78 481 180 548 modo
199 503 311 549 eorum
336 483 555 569 uuusquisque
572 481 712 568 perierit.
757 482 852 548 Tunc
874 479 979 548 autem
1002 484 1121 571 septin-
1154 505 1217 554 nm

78 583 195 656 gentos
209 593 248 636 es
263 569 339 654 ipsis
360 585 505 634 armatos
527 591 600 634 com
619 567 753 634 Brasida
766 569 902 634 libenter
915 567 1120 638 dimiseruntt
1142 571 1229 632 ¹³⁶¹⁰t²

77 671 214 722 caeteros
228 677 305 720 voro
319 657 475 722 Brasidos
489 677 529 720 ex
554 654 775 739 Peloponneso
790 655 935 721 mercede
949 657 1122 725 conductos
1138 636 1237 763 ,Jffi

77 742 199 808 eduxit.
246 741 482 807 Lacedaemonii
497 754 602 806 sutem
624 742 727 828 ipsum
744 743 910 807 Brasidam
925 747 1020 808 erardi
1032 767 1122 813 max·
1146 763 1188 813 ss.
1205 766 1228 813 ι.

81 829 147 893 iuro
163 829 318 913 cupidum
333 851 368 892 eo
382 829 547 894 miseruut.
1151 828 1179 874 ὓ·
1196 831 1224 880 ⁰·

122 925 179 982 at.
202 916 385 985 Quinetiam
400 915 461 999 ipsi
477 936 604 1000 quoque
627 913 852 980 Chalcidenses
866 937 938 980 eurn
954 920 1121 1002 propensis
1149 891 1223 1009 ’ἐξ

78 1003 195 1066 animis
218 1003 449 1085 expetiverunt,
472 1012 539 1066 tum
564 999 651 1088 quod
672 1000 721 1063 vir
742 1001 876 1066 consilio
900 1024 1060 1090 manuque
1081 1005 1122 1070 sd

78 1088 192 1154 omnia
219 1100 366 1172 promtus
389 1089 513 1174 Spartae
541 1086 721 1162 haberetur,
745 1101 815 1151 tum
839 1090 934 1152 etiam
960 1089 1058 1175 quod,
1081 1113 1123 1156 etc

78 1197 146 1261 quo
171 1176 262 1240 illinc
285 1195 428 1276 egresstu
453 1187 546 1251 esset,
572 1173 824 1238 Lacedoemoniis
852 1175 1123 1242 commendatissi-

78 1283 169 1325 mum
185 1283 220 1325 se
234 1259 435 1325 reddidisset.
480 1259 577 1336 Quod
600 1260 686 1322 enim
707 1259 813 1324 statim
834 1261 876 1326 ab
898 1262 990 1327 initio
1004 1283 1038 1327 se
1054 1264 1121 1349 jus·

77 1359 147 1412 tum
162 1359 197 1411 et
211 1347 413 1412 moderatum
428 1367 504 1434 erga
518 1345 660 1410 civitates
673 1346 870 1430 praebuisset,
886 1348 990 1438 multa
999 1347 1069 1413 locu
1080 1349 1123 1414 sd

78 1431 290 1498 defectionem
305 1431 444 1518 impulit,
458 1433 521 1496 alia
535 1453 610 1496 vero
633 1453 691 1516 per
735 1432 926 1499 roditionem
943 1434 1034 1520 cepit
1071 1437 1123 1500 Ex

77 1542 145 1607 quo
169 1519 421 1584 lnoedoemoniis
443 1518 557 1594 evenit,
574 1531 622 1600 ut,
637 1519 662 1581 si
683 1455 734 1582 ad
744 1520 1005 1604 compositionem
1021 1521 1122 1608 (quod

76 1619 110 1670 et
124 1604 283 1686 fecerunt)
297 1605 489 1670 descendere
502 1603 629 1681 vellent,
641 1603 775 1669 reddere
789 1618 821 1670 et
831 1606 965 1671 vicissim
982 1607 1124 1692 recipere

78 1690 1123 1864 ,restituemini

77 1874 229 1950 quatum,
255 1863 312 1928 illa
339 1863 484 1928 Brasidae
507 1863 608 1929 virtus
632 1876 665 1927 et
689 1801 956 1951 prudentigehus
975 1879 1052 1930 tunc
1074 1879 1122 1930 est

77 1971 167 2027 usus,
184 1949 271 2035 quod
291 1949 345 2014 ulii
364 1949 504 2037 quidem,
520 1972 555 2014 re
571 1950 641 2034 ipsa
663 1950 785 2034 experti
805 1947 948 2028 fuissent,
969 1951 1022 2015 alii
1046 1973 1121 2017 vero

76 2036 164 2102 fama
173 2036 367 2122 judicarent,
384 2035 626 2102 Atheniensium
643 2037 744 2100 socios
755 2036 902 2102 amicitiae
918 2036 1120 2102 lacedsemo·

74 2125 208 2188 niorum
226 2123 363 2187 maxime
384 2122 518 2224 cupidos
540 2121 653 2186 effecit.
697 2121 783 2186 Nam
805 2144 877 2188 cum
897 2125 1019 2208 primus
1033 2123 1121 2189 illino

75 2209 260 2292 prodiisset,
286 2230 324 2274 ac
346 2210 496 2274 omnibus
519 2209 552 2272 in
578 2209 672 2274 rebus
695 2207 743 2272 vir
765 2209 870 2274 bonus
892 2209 978 2275 viam
1001 2210 1120 2292 fuisset,

74 2297 206 2446 firmpm
243 2295 426 2381 opinionem
465 2294 602 2380 reliquit,
633 2307 764 2361 caeteros
795 2318 924 2382 quoque
951 2297 1018 2382 ejus
1054 2319 1121 2362 essa

74 2403 149 2447 simi
163 2403 208 2446 es.

119 2475 177 2534 88.
201 2465 298 2532 Tunc
320 2467 417 2556 igitur
440 2465 659 2544 Athenienses,
675 2480 842 2554 postquam
866 2489 939 2532 eum
962 2469 996 2532 in
1012 2469 1119 2534 Thra-

72 2555 160 2620 ciam
177 2555 355 2638 pervenisse
368 2553 601 2632 intellexerunt,
616 2575 689 2617 cum
710 2554 815 2638 ipsum
840 2553 1025 2619 Perdiccam
1046 2557 1119 2621 hos·

72 2657 143 2706 tem
166 2661 237 2705 esse
251 2640 447 2726 judicarunt,
470 2639 557 2726 quod
582 2660 656 2704 eum
681 2637 776 2725 hujus
799 2640 952 2718 maenius
973 2654 1117 2708 autorem

69 2749 145 2794 esse
168 2727 332 2808 ducerent,
347 2739 416 2791 turn
437 2727 532 2792 etiam
550 2724 635 2810 apud
659 2728 771 2803 socios,
786 2727 888 2814 quiin
912 2727 966 2792 illa
989 2729 1120 2816 regione

70 2826 181 2890 aaut,
198 2811 341 2878 firmiora
355 2812 504 2899 praesidia
518 2812 725 2877 collocarunt.

117 2909 177 2966 88.
203 2899 373 2964 Perdiccas
394 2914 513 2976 erstem,
529 2911 671 2963 assumto
690 2898 798 2963 statim
824 2899 970 2979 Brucida,
992 2899 1120 2987 suisque

69 3000 105 3052 et
126 2985 217 3049 illius
238 2987 347 3070 copiis,
364 3007 437 3050 cum
462 3007 520 3049 suo
539 2985 680 3051 exercitu
704 2985 822 3050 bellum
842 2987 1015 3052 Arrhiboeo
1035 2987 1118 3052 Bro-

70 3071 160 3138 meri
168 3073 259 3154 filio,
286 3070 514 3158 Lyncestarum
538 3069 756 3136 Macedonum
781 3072 860 3159 regi,
885 3073 943 3136 sihi
967 3072 1118 3155 finitimo,

66 3157 205 3234 intulit;
228 3179 301 3223 cum
320 3172 452 3244 propter
473 3157 733 3236 controversiam,
747 3179 820 3244 quae
840 3157 899 3244 ipsi
921 3169 997 3223 oum*
1015 3160 1118 3224 eoin·

65 3243 271 3322 teroedebat,
287 3256 355 3309 tum
378 3244 474 3308 etiam
496 3242 583 3330 quod
606 3265 677 3307 eum
699 3244 732 3306 iu
755 3264 844 3308 suam
865 3257 1052 3344 potestatem
1067 3267 1118 3310 re·
1239 3239 1243 3246 ⁴

65 3333 190 3417 digere
212 3342 352 3414 cuperet.
398 3330 481 3396 Cum
499 3342 604 3394 autern
626 3351 699 3395 cum
723 3331 787 3393 suis
808 3331 908 3414 copiis
927 3344 959 3395 et
986 3331 1118 3397 Brasida

64 3419 115 3485 ad
138 3415 247 3503 Lyoci
272 3417 447 3503 ingressum
468 3415 670 3501 pervenisset,
693 3427 772 3480 tunc
793 3415 941 3482 Braaidse
966 3416 1060 3496 dixit,
1083 3439 1119 3484 se

64 3503 169 3580 velle,
185 3503 371 3603 priusquam
393 3501 512 3606 hellum
528 3501 697 3602 Arrhibaeo
720 3501 898 3580 inferretur,
913 3523 986 3567 eum
1001 3525 1118 3570 convc-

60 3587 599 3744 ttttrttlttltltttttltl
613 3589 1118 3761 {tltt‘tltlhl‘tlttt

58 3777 237 3832 oeatorem
252 3763 462 3838 nuntiaverat,
478 3781 511 3824 se
547 3771 669 3824 aratum
693 3783 760 3826 esse
775 3761 893 3826 adrem
910 3762 1051 3830 Brasidae
1066 3787 1118 3829 ar-

60 3851 175 3918 bitrio
199 3847 468 3912 committendam.
543 3859 558 3910 t
580 3845 839 3912 Chalcidensium
861 3847 967 3936 legati,
983 3851 1036 3937 qui
1053 3871 1117 3918 una

59 3937 223 4014 aderant,
239 3936 342 4019 ipsum
358 3932 692 4010 commonefaciebant,
705 3955 745 3998 ne
759 3934 791 3997 in
804 3933 966 3999 Perdiccae
973 3937 1116 4086 tpristiam

56 4023 222 4113 pericula
242 4020 371 4097 subiret,
389 4032 425 4084 ut
447 4019 487 4084 ad
509 4042 581 4084 sitas
599 4019 694 4083 etiam
719 4041 769 4084 res
793 4021 970 4085 constituen
996 4045 1029 4085 aa
1050 4024 1117 4107 ejus

56 4129 175 4198 opera
191 4107 368 4191 promtiore
386 4105 432 4206 uti
445 4117 585 4206 possent.
603 4192 610 4205 ·
631 4105 816 4181 Quinetiam
837 4106 998 4172 Perdiccoe
1020 4107 1115 4195 legati

57 4195 347 4266 Lacedaemonem
368 4213 452 4256 mrsu
473 4191 536 4256 tale
557 4190 706 4277 quiddam
742 4203 931 4268 notaverant,
949 4193 1047 4258 multa
1067 4195 1115 4278 tp-

53 4303 195 4354 rumex
218 4280 279 4346 sibi
293 4279 436 4344 finitimis
450 4277 534 4343 circa
553 4277 630 4342 locis
651 4276 690 4344 ad
715 4214 839 4344 illorum
863 4278 1043 4344 societatem
1059 4279 1115 4344 ad-
