2996 4782
340 235 382 308 ii
660 284 680 300 ..
703 229 1021 300 Tfluornlms

336 401 434 473 sliam
449 404 699 483 esse'erista'nat,
713 403 769 492 qui
783 403 1016 486 anacteam
1034 413 1137 480 ¹cruet,
1151 402 1245 490 eique
1264 425 1328 489 pro
1348 429 1382 472 se

336 491 406 574 ipsu
427 486 609 574 prospiciat.
654 488 770 576 Itaque
789 487 901 554 eadem
923 490 1068 556 omnium
1090 491 1288 575 privatorum
1310 495 1382 578 opi-

335 577 434 642 nione
447 577 635 642 universam·
646 575 891 661 Rsmpublicam
906 577 1001 660 perdi
1013 598 1079 644 uon
1093 575 1327 642 animadvertit.

386 669 456 728 142.
481 661 616 745 “Quod
637 673 744 728 autem
769 663 946 728 maximum
968 676 1025 740 est,
1042 663 1250 748 pecuniarum
1271 663 1382 750 inopia
1493 703 1495 732 ,2

359 748 603 830 cohibebantur,
617 769 691 815 cum
705 770 758 814 eas
771 770 859 836 segre
879 759 1029 834 parante·
1047 749 1301 816 cunctabuntur:
1324 752 1381 816 sed
1494 781 1495 784 ¹

376 835 411 899 lli
430 837 612 901 occasiones
636 834 757 901 nullam
778 855 902 900 moram
922 837 1103 920 patiunture
1126 857 1230 921 neque
1243 856 1322 900 vcro
1340 836 1383 902 il·

335 921 440 988 lorum
466 934 523 988 sut
547 920 761 988 munitionum
785 921 968 998 exsauctio,
991 933 1048 988 aut
1072 921 1179 988 classis
1200 921 1300 1009 digna
1321 935 1384 1002 est,

336 1031 410 1096 quae
431 1021 603 1074 metuatur.
648 1005 790 1074 Difficile
814 1007 901 1074 euim
927 1021 975 1074 est
999 1007 1085 1089 urbi,
1107 1029 1181 1095 quse
1204 1008 1384 1092 potentiam

335 1109 453 1160 nostrae
477 1117 586 1180 parem
608 1093 736 1168 babeat,
755 1093 806 1158 vel
827 1094 859 1160 iu
882 1114 961 1178 pace
982 1092 1166 1181 hujusmodi
1189 1093 1384 1162 munitiones

336 1193 517 1260 exstruere3
534 1183 694 1268 jamvero
715 1183 811 1246 ruello
823 1180 982 1268 dffcilim
1002 1183 1074 1258 er'r't,
1089 1182 1147 1246 leuc
1160 1183 1258 1264 ipsum
1267 1184 1384 1266 fucare

336 1269 371 1334 iu
385 1267 519 1346 hostico,
534 1279 567 1333 et
584 1267 744 1352 Μοῖρα
765 1287 840 1332 cum
861 1287 922 1330 uos
935 1265 1087 1332 adversus
1109 1265 1180 1332 illos
1195 1289 1261 1332 non
1276 1267 1387 1334 miuus

337 1355 451 1424 muniti
466 1355 575 1430 simus,
590 1376 682 1438 quom
703 1355 756 1418 illi
773 1363 882 1418 contra
897 1375 960 1418 rsus.
1006 1351 1104 1430 Quod
1121 1353 1149 1418 si
1164 1352 1382 1438 quem'locurn

337 1441 486 1526 praesidio
510 1439 680 1519 iinuurint,
702 1439 841 1527 aliquam
864 1438 993 1526 quidem
1032 1439 1100 1527 agri
1127 1442 1227 1506 notri
1257 1453 1383 1523 partem

337 1529 403 1593 auis
424 1526 677 1607 excursionibus,
691 1539 724 1592 et
738 1534 910 1592 nostrorum
931 1526 973 1592 ad
995 1525 1065 1590 illos
1082 1525 1266 1626 transfugiis
1280 1537 1384 1592 vasu·
1494 1603 1495 1616 χ

337 1613 437 1678 bunt:
458 1612 513 1678 sed
530 1629 636 1678 tamen
651 1615 714 1678 laee
729 1613 861 1678 munitio
881 1633 949 1678 nou
970 1611 1091 1698 poterit
1112 1633 1171 1678 nos
1192 1611 1384 1678 circumseri·
1494 1631 1495 1636 ’

337 1699 414 1777 lare,
430 1713 462 1764 et
475 1698 641 1786 impedire,
658 1720 699 1763 ne
712 1698 746 1762 in
762 1697 905 1783 ipsorum
920 1697 1239 1784 ugrrnrnavigsmus,
1255 1712 1289 1764 et
1304 1701 1383 1785 (qua
1493 1701 1495 1710 ⁴

337 1808 373 1852 re
387 1785 554 1871 pollemus)
567 1785 784 1852 nasibusillos
799 1784 1000 1853 ulciscamur.
1045 1783 1184 1850 Names
1198 1807 1258 1850 usu
1272 1806 1384 1855 rerum
1494 1801 1495 1870 ξ

338 1873 540 1940 nauticarum
563 1871 636 1957 plus
660 1869 784 1958 peritioe
813 1871 856 1936 ed
884 1869 997 1956 proelia
1026 1871 1187 1950 terrestria
1214 1869 1383 1950 babemus,
1494 1871 1495 1876 ’

331 1981 434 2026 uam
463 1959 509 2024 illi
533 1981 575 2024 ex
603 1981 660 2022 usu
689 1956 812 2024 militiae
840 1959 998 2024 terrestris
1023 1957 1065 2024 ad
1092 1979 1218 2044 pugnas
1243 1957 1385 2024 navales.

391 2067 462 2110 rum
478 2067 554 2110 rero
580 2045 810 2110 maritimarum
834 2043 999 2110 scientiam
1025 2065 1091 2108 non
1106 2042 1207 2109 facile
1229 2055 1385 2128 poterunt

337 2131 480 2216 adipisci.
525 2130 611 2196 Nam
625 2153 667 2196 ne
681 2153 737 2196 vos
751 2129 891 2216 quidem,
907 2131 1052 2217 quamvis
1064 2128 1116 2194 his
1129 2145 1257 2215 operatu
1273 2131 1384 2196 statim

338 2240 359 2284 a
373 2217 459 2283 bello
472 2215 604 2284 Medico
618 2219 662 2284 ad
674 2219 729 2284 hoc
742 2237 836 2302 resque
849 2226 965 2300 tempus
978 2215 1119 2282 studiosa
1132 2215 1295 2294 dederitis,
1305 2239 1385 2316 per-

338 2302 419 2370 fecte
432 2303 539 2370 adbuc
560 2303 635 2370 estis
652 2302 768 2389 adepti.
814 2300 965 2378 Quonam
987 2303 1084 2391 igitur
1108 2302 1205 2368 modo
1224 2301 1383 2382 homiues,
1494 2309 1495 2368 ἐ

336 2391 395 2476 qui
408 2389 624 2478 agriculturae,
639 2411 704 2455 uon
721 2401 826 2454 autem
849 2389 944 2455 rebus
965 2390 1131 2454 maritimis
1146 2387 1225 2454 dant
1238 2410 1383 2475 operam,
1465 2451 1467 2454 Α
1493 2383 1495 2426 i

337 2489 493 2562 proeterea
506 2499 587 2564 quos
601 2499 645 2544 ne
664 2476 699 2542 in
718 2475 780 2540 boc
795 2475 924 2561 quidem
946 2474 1055 2540 studio
1075 2498 1109 2540 se
1127 2497 1278 2542 exercere
1299 2477 1384 2544 siue·

336 2583 419 2641 mus,
442 2585 502 2648 pro
525 2576 574 2628 ter
598 2563 740 2628 assiduas
762 2574 882 2628 nostrae
907 2562 1015 2626 classis
1039 2563 1235 2628 incursiones
1259 2560 1383 2628 lacinus

336 2649 467 2734 aliquod
515 2651 627 2736 ignum
655 2645 776 2714 edenti
812 2647 898 2714 Nam
924 2649 1075 2714 adversus
1103 2647 1234 2734 quidem
1263 2669 1384 2733 paucas

272 2807 282 2824 ι
337 2755 443 2812 naves,
459 2757 532 2821 qua
553 2735 750 2800 incursiones
773 2736 808 2800 in
829 2757 879 2799 eos
903 2732 1029 2811 facient,
1050 2735 1227 2819 periculum
1249 2733 1384 2806 fortasse

337 2822 482 2898 subeant,
510 2821 714 2888 multitudine
743 2841 832 2886 suam
862 2821 1054 2906 imperitiam
1084 2822 1235 2888 audacius
1262 2821 1383 2886 confir·

337 2919 474 2974 mantes:
498 2905 566 2988 sed,
581 2908 608 2972 si
630 2907 737 2972 multis
757 2905 998 2992 prohibeantur,
1015 2907 1188 2993 quiescent.
1235 2905 1289 2986 Et,
1305 2909 1384 2996 quia

336 3016 371 3060 se
392 2995 425 3058 in
447 2992 497 3058 bis
518 3015 584 3060 nou
607 2996 811 3070 exercebunt,
827 2993 924 3058 crunt
944 2993 1168 3078 imperitiores,
1184 3005 1216 3058 et
1237 2993 1299 3060 hoc
1314 2998 1385 3080 ipsa

334 3079 378 3146 de
391 3102 487 3146 causa
501 3081 734 3148 cunctantiores
744 3079 840 3146 etiam
854 3089 958 3144 erunt
1003 3079 1050 3144 At
1060 3101 1167 3144 rarum
1179 3079 1382 3148 nauticarum

335 3166 460 3252 peritia,
475 3179 523 3234 est
537 3167 627 3246 artis,
643 3179 679 3234 ut
699 3165 833 3232 aliarum
849 3185 958 3230 rerum
973 3165 1121 3232 scientis:
1145 3187 1203 3230 nec
1217 3165 1383 3234 subcisivis

335 3255 499 3340 operiret
523 3255 654 3320 remissa
682 3250 910 3318 exercitatione
935 3251 1039 3316 obiter
1063 3251 1143 3316 disci
1170 3265 1290 3336 potest:
1314 3254 1383 3320 imo

334 3362 408 3406 vere
433 3339 553 3406 nullius
578 3341 658 3406 alius
681 3340 727 3402 rei
749 3337 890 3403 studium
912 3337 954 3402 ad
976 3353 1048 3404 'eam
1069 3337 1220 3405 accedere
1240 3354 1381 3425 oportet,

335 3429 418 3511 qreod
430 3427 470 3490 ab
483 3427 610 3492 assirim
625 3425 688 3508 qiu
702 3426 902 3492 meditatione
913 3445 968 3490 nos
982 3422 1115 3490 averet.
1477 3477 1483 3490 .

381 3521 458 3578 148.
480 3510 658 3581 “Quodsi
679 3509 840 3596 pecunim
857 3532 930 3596 quse
952 3522 1026 3577 sunt
1043 3509 1206 3598 Olympia
1227 3523 1284 3577 aut
1299 3511 1382 3578 Del·
1460 3510 1471 3539 ’·

334 3596 418 3683 pbis,
433 3621 493 3664 suo
506 3597 579 3662 loco
594 3609 752 3676 moveant,
767 3608 809 3673 et,
824 3597 873 3662 lis
886 3599 944 3674 usi,
961 3597 1081 3682 majore
1102 3595 1248 3662 mercede
1265 3613 1381 3667 nautas
1493 3661 1495 3674 ,

335 3684 519 3772 peregrinos
544 3705 565 3748 a
587 3681 680 3748 nobis
704 3683 880 3748 conductos
905 3683 1091 3750 subtrahere
1116 3695 1290 3761 conentur,
1317 3684 1380 3754 boc

327 3770 470 3856 proficto
490 3790 587 3856 grave
610 3781 700 3847 esset,
723 3767 749 3832 si
773 3789 842 3848 uos,
862 3790 936 3837 cum
960 3768 1124 3856 inquilinis
1146 3773 1261 3835 nastris
1282 3791 1379 3838 naves

334 3854 592 3934 conscendentes,
613 3855 690 3940 ipsis
714 3855 860 3920 resistere
882 3876 948 3920 uon
977 3877 1155 3940 possemus.
1198 3855 1274 3922 Jam
1302 3881 1380 3926 vcro

333 3963 407 4006 cum
432 3941 494 4007 boc
515 3942 608 4008 nobis
631 3941 730 4020 adest,
746 3953 814 4008 tum
838 3944 942 4019 etiam,
960 3941 1061 4093 (epod
1083 3953 1131 4007 est
1152 3942 1379 4029 praedpuum)

332 4028 462 4093 navium
484 4029 713 4116 gubernatores
731 4051 774 4093 ex
790 4029 906 4094 nostris
927 4029 987 4093 civr
1012 4051 1048 4094 us
1071 4029 1236 4107 habemus,
1253 4042 1285 4096 et
1299 4031 1378 4096 aiios

333 4113 504 4196 ministros,
532 4130 564 4181 et
588 4115 706 4202 plures,
736 4124 769 4180 et
793 4115 971 4200 peritiores,
1001 4136 1095 4201 quam
1124 4115 1245 4203 reliqua
1274 4120 1379 4184 omnis

332 4201 470 4270 Graecia.
517 4203 585 4270 Nec
598 4225 673 4270 vero
687 4201 729 4276 ob
743 4200 930 4287 impendens
945 4201 1123 4290 periculum
1136 4201 1306 4291 quisquam
1322 4229 1377 4274 cx·
