2996 4782
350 271 393 357 is
728 285 1028 353 rnncrnnns

349 459 526 546 sliqoemre
539 457 787 545 Corcyrcorom
809 457 915 524 locum
937 457 1102 546 nevigetis,
1117 479 1178 544 pro
1191 457 1312 524 viribus
1328 462 1383 526 tce

349 567 414 610 non
492 543 657 632 ligemus!

393 639 444 697 54.
499 651 553 695 orn
568 643 674 695 sotem
688 629 895 694 Athenienses
909 627 972 694 hoc
985 649 1171 730 responsum
1192 631 1257 695 iliis
1277 630 1383 696 dedis-

348 729 428 792 sent,
451 715 611 782 Corinthii
637 713 766 800 quidem
788 735 822 780 se
843 713 884 780 sd
906 715 1141 802 nsvigstronern
1167 729 1333 801 pararunt,
1348 731 1385 782 nt

348 803 479 868 domum
505 802 663 876 redirent3
685 813 717 866 et
741 801 775 865 in
792 801 931 886 Sybotis,
946 821 1021 888 quse
1041 815 1116 866 sunt
1137 801 1170 865 in
1189 802 1382 880 continente,

348 902 506 972 tropoeom
522 899 709 952 statuerunt.
755 887 801 951 At
815 886 977 974 Corcyroei
991 889 1119 952 nerium
1133 885 1322 974 fingmento,
1337 901 1385 954 te-

349 973 504 1060 holssque
525 986 557 1038 et
577 973 731 1038 cadevera
755 973 795 1036 sd
817 993 851 1037 se
874 971 983 1038 delete
1001 986 1217 1059 susceperunt,
1231 974 1331 1060 qens
1352 989 1385 1040 et

350 1061 506 1138 fluctibns,
522 1071 555 1124 et
569 1073 674 1137 vento,
690 1058 746 1144 qui
759 1071 857 1122 noctu
880 1071 969 1124 ortus
983 1079 1021 1122 ee
1036 1059 1069 1122 in
1083 1059 1185 1123 varios
1197 1073 1308 1144 portes
1319 1059 1383 1124 dis·

344 1147 475 1231 jecerat.
513 1145 558 1211 Et
570 1145 604 1208 in
617 1145 756 1230 Sybotis,
771 1165 846 1230 quoe
859 1154 934 1210 sunt
948 1143 981 1208 io
995 1143 1109 1223 insule,
1124 1132 1260 1210 vicissim
1277 1156 1310 1209 et
1323 1146 1383 1294 ipsi

350 1245 505 1317 tropoenm
516 1243 667 1318 tanquam
678 1229 814 1294 victores
825 1241 1014 1295 stotoerunt.
1043 1229 1120 1300 Hoc
1128 1243 1234 1296 entem
1247 1232 1336 1295 consi
1351 1233 1383 1295 io

350 1317 511 1382 victoriam
540 1317 667 1402 utrique
691 1316 751 1381 sibi
780 1315 997 1380 vendicantnt.
1051 1314 1210 1380 Corinthii
1240 1316 1383 1400 quidem,

349 1403 435 1489 quod
450 1401 555 1466 navali
568 1401 684 1486 proelio
705 1401 746 1466 sd
766 1413 891 1465 noctem
914 1421 1013 1486 usqne
1027 1403 1182 1481 vicissent,
1197 1401 1242 1466 ite
1261 1414 1298 1465 ut
1312 1401 1384 1485 plu-

350 1491 432 1552 rime
442 1490 571 1552 navium
587 1487 764 1574 fragments
778 1501 811 1551 et
822 1485 958 1551 militum
970 1487 1123 1551 cadevera
1136 1487 1336 1571 recepissent,
1352 1502 1384 1552 et

348 1574 488 1659 captivos
501 1595 568 1638 non
581 1573 746 1658 peuciores
768 1570 856 1636 mille
875 1570 1037 1648 heberent,
1053 1583 1085 1636 et
1099 1573 1301 1656 septuaginta
1319 1573 1381 1638 cir·

348 1659 427 1725 citer
440 1681 535 1725 neves
556 1657 786 1733 demersissent,
802 1669 962 1742 tropoenm
984 1667 1172 1722 statuerunt.
1218 1656 1383 1744 Corcyroei

347 1767 434 1822 vero,
449 1745 535 1832 quod
551 1743 663 1809 XXX.
679 1741 777 1807 ferme
790 1763 886 1808 nores
898 1742 1129 1830 profligensent,
1140 1755 1183 1820 et,
1198 1755 1270 1827 post
1282 1743 1383 1808 Athe·

348 1831 503 1895 niensium
519 1831 701 1906 adventum,
715 1829 844 1894 nerium
860 1826 1038 1918 fragments
1054 1829 1097 1894 nd
1117 1851 1153 1893 se
1166 1828 1281 1904 delete,
1298 1829 1382 1894 mili·

348 1931 479 2002 tumque
492 1915 647 1981 cadevera
660 1914 855 1980 sustulissent
862 1938 872 1992 ς
917 1915 1044 2000 uodque
1059 1913 1160 1997 pridie
1175 1914 1382 1980 Corinthiiin
1451 1987 1454 1994 ,

255 2081 256 2086 ¹
346 2003 480 2088 puppim
492 2001 684 2090 remigantes
695 2001 877 2085 ipsisseps
911 2001 987 2066 atino
999 2000 1197 2086 recipientes,
1205 2000 1382 2079 cessissent,

347 2109 444 2155 neves
455 2087 581 2153 Atticas
601 2088 783 2172 conspicati,
797 2101 840 2164 et,
855 2107 928 2151 cum
951 2085 1096 2152 adversere
1117 2107 1166 2150 eos
1186 2087 1324 2163 ivissent,
1340 2108 1382 2150 ex

347 2173 474 2257 Sybotis
488 2175 550 2239 sibi
563 2193 629 2237 non
643 2172 864 2251 occurrissent,
879 2170 965 2237 hisce
978 2171 1020 2237 de
1033 2173 1136 2237 censis
1150 2185 1307 2256 tropaeurn
1318 2185 1382 2236 ets·

347 2261 486 2324 t'uerunt.
515 2257 593 2322 Hoc
601 2259 702 2358 igitur
710 2257 807 2344 modo
818 2257 944 2343 utrique
959 2279 991 2322 se
1003 2257 1138 2322 victores
1147 2256 1382 2322 existimabant.

390 2353 443 2410 55.
467 2342 628 2408 Corinthir
651 2365 736 2421 vero,
760 2341 847 2407 illinc
872 2343 1001 2407 domum
1028 2345 1222 2431 navigantes,
1241 2346 1381 2408 Anectc·

346 2430 440 2507 rium,
457 2428 543 2514 quod
566 2429 598 2492 in
621 2451 677 2492 ore
698 2429 784 2493 sinus
800 2429 965 2494 Ambracii
984 2429 1077 2492 situm
1093 2441 1150 2504 est,
1165 2449 1224 2513 per
1236 2427 1382 2494 fraudem

345 2528 515 2600 ceperunt:
540 2519 621 2597 (eret
642 2514 726 2577 enim
748 2514 823 2599 ipsis
843 2535 1013 2578 commune
1026 2535 1097 2578 cunr
1116 2514 1320 2600 Corcyraeis)
1336 2528 1379 2590 et,

347 2599 522 2664 Corinthiis
545 2599 666 2664 colonis
681 2601 712 2662 in
728 2621 767 2662 eo
781 2599 952 2675 collocetis,
968 2600 1098 2664 domum
1122 2600 1292 2664 redierunt.
1340 2599 1382 2665 Et

346 2685 590 2770 Corcyroeorum
618 2685 829 2770 octingentos,
851 2686 906 2769 qul
928 2687 1008 2748 servi
1035 2699 1136 2762 erent,
1159 2685 1384 2764 vendiderunt,

345 2769 498 2835 ducentos
514 2782 546 2833 et
559 2769 790 2856 quinquaginta
806 2771 926 2834 vinctos
949 2785 1155 2848 asserverant,
1171 2792 1287 2857 eosque
1307 2771 1381 2836 dili·

345 2865 457 2942 genter
471 2875 507 2918 ac
523 2854 660 2920 officiose
684 2869 846 2930 curarunt,
863 2869 899 2920 ut
920 2858 954 2918 in
971 2860 1112 2938 patriam
1127 2861 1243 2922 reversi
1258 2856 1380 2941 Corcy-

346 2961 412 3004 ram
437 2942 579 3023 ipsorum
603 2938 716 3004 ditioni
743 2939 962 3026 adjungerent.
1007 2941 1128 3006 Eorum
1154 2955 1260 3006 autern
1282 2943 1379 3027 pleri·

344 3025 1381 3197 ttlttllttltsstt1§tittltltnsitltllilttttff

344 3217 406 3283 quc
434 3217 530 3262 neres
558 3197 690 3262 donnum
720 3196 795 3266 inde
825 3208 1029 3263 reverterunt.
1074 3198 1160 3264 Haec
1184 3213 1290 3266 eutem
1319 3199 1382 3264 fuit

344 3284 449 3369 prime
462 3305 557 3348 conss
569 3282 653 3358 belli,
665 3305 685 3346 a
700 3280 875 3346 Corinthiis
885 3295 998 3347 contre
1012 3283 1220 3349 Athenienses
1232 3287 1380 3370 suscepti,

345 3370 430 3455 quod
441 3369 488 3432 illi
502 3391 575 3434 cum
593 3369 773 3453 Corcyraeis
787 3380 900 3432 contre
910 3390 943 3432 se
953 3368 1121 3434 foederetcs
1135 3370 1241 3438 novell
1261 3370 1381 3456 proelio

344 3467 524 3518 certassent.

389 3549 439 3605 56.
465 3539 542 3602 Post
555 3538 626 3603 hoec
640 3551 744 3602 sutem
760 3539 864 3602 statim
879 3539 1003 3620 accidit,
1016 3553 1052 3606 ut
1066 3540 1118 3606 hte
1132 3561 1259 3626 quoque
1269 3541 1380 3606 simul-

345 3636 424 3688 tates
439 3625 520 3686 inter
534 3623 742 3688 Athenienses
757 3637 789 3687 et
805 3623 1053 3708 Peloponnesios
1063 3625 1232 3703 orirentur,
1249 3647 1318 3710 qoae
1336 3627 1379 3692 etl

345 3708 460 3774 bellum
520 3707 655 3772 rendum
672 3711 742 3772 illos
755 3713 971 3792 competierunt.
1016 3710 1099 3777 Cum
1115 3711 1199 3776 enirn
1217 3711 1380 3778 Corinthii

343 3794 405 3858 hoc
419 3805 469 3858 stu
493 3807 592 3870 erent,
609 3807 644 3858 nt
664 3794 749 3878 ipsos
763 3793 964 3860 Athenienses
976 3795 1220 3872 ulciscerentur,
1244 3797 1379 3862 Atheni·
1475 3869 1481 3890 ι

344 3901 442 3957 enses,
454 3879 539 3963 quod
559 3901 669 3944 corum
692 3879 872 3944 inimicitias
886 3879 1040 3946 heberent
1054 3895 1222 3966 suspectos,
1240 3883 1379 3948 Potidae-

345 3977 424 4042 atss,
440 3963 543 4051 quiin
561 3963 703 4030 Pallenes
719 3963 841 4029 Isthmo
857 3965 1010 4044 habitent,
1028 3967 1270 4032 Corinthiorum
1290 3969 1380 4034 colo·

344 4071 415 4131 nos,
436 4071 573 4136 suosque
594 4051 696 4115 socios
718 4062 749 4114 et
775 4051 954 4138 vectigales,
976 4073 1084 4119 munos
1101 4052 1252 4119 Pallenen
1268 4075 1379 4120 versus

341 4136 508 4222 aedgflcatos
520 4135 678 4214 demoliri,
690 4148 721 4201 et
735 4135 860 4201 obsides
873 4136 951 4201 dare
959 4139 1140 4223 jusserunt3
1163 4151 1196 4204 et
1210 4139 1379 4242 magistre·

342 4237 393 4288 tus
403 4221 570 4307 expellere,
576 4243 636 4288 nec
647 4223 678 4285 in
691 4233 853 4306 posterum
863 4222 1015 4308 recipere,
1026 4247 1105 4313 quos
1112 4225 1271 4294 Corinthii
1282 4238 1385 4314 quot-1
