2994 4788
353 317 415 376 tao
721 307 1021 376 THUcYfflDts

254 499 314 546 nen.
351 481 474 546 nullum
491 480 636 565 supplicii
653 481 827 547 immunem
838 481 988 548 iecerunt
1023 479 1248 547 Plataeeusium
1262 479 1391 566 quidem

237 561 330 676 ²³¹⁰}-
352 589 417 632 non
447 569 612 652 pauciores
641 568 785 634 ducentis
816 583 970 635 necarunt
979 593 989 645 3
1028 567 1274 633 Atheniensium
1305 588 1394 646 vero,

240 643 338 754 diy'mp.
352 655 464 741 viginti
480 669 511 718 et
525 654 676 741 quinque,
692 655 747 741 qui
763 675 827 720 una
840 655 958 720 obsessi
969 654 1105 719 fuerarit.
1129 653 1275 718 foeminas
1286 669 1392 718 autem

249 756 324 804 aaa
347 741 390 814 ‚in'
410 739 592 804 servitutem
616 741 837 806 abduxerunt:
868 754 899 806 et
922 741 1033 806 urbem
1058 739 1314 828 Megarensibus,
1339 739 1392 825 qui

245 823 280 931 i'
297 823 324 870 ⁰⁴
349 841 485 921 propter
509 825 695 892 seditionem
721 827 819 892 domo
845 827 1062 911 profugerant,
1089 841 1121 893 et
1152 825 1391 903 Plataeensibus,

259 901 325 1000 322¹
354 911 409 998 qui
435 929 630 996 supererant,
657 913 777 998 quique
802 934 908 980 secum
935 927 1107 990 senserant,
1130 934 1188 998 per
1212 912 1392 999 “integrum

354 1021 474 1064 annum
490 998 636 1064 Thebani
653 999 811 1064 dederuut
832 1000 1044 1068 incolendam.
1091 999 1207 1064 Postea
1220 1020 1298 1062 vero
1321 1020 1391 1064 cum

353 1108 423 1150 eam
443 1098 541 1151 totam
557 1085 701 1150 funditus
722 1087 916 1165 evertissent,
937 1101 968 1151 et
989 1089 1058 1152 solo
1080 1098 1270 1170 aequassent,
1293 1105 1395 1168 prope

353 1171 490 1236 lunonis
505 1172 659 1255 templum
673 1186 901 1238 exstruxerunt
916 1173 1126 1238 diversorium
1142 1193 1274 1256 quoquo
1289 1193 1395 1235 versus

354 1257 512 1322 ducenum
537 1258 664 1342 pedum,
686 1258 855 1324 domiciliis
877 1258 961 1322 infra
982 1279 1141 1345 supraque
1162 1257 1397 1323 circundatum.

354 1343 400 1410 Et
414 1343 462 1408 usi
484 1357 558 1409 sunt
574 1345 647 1430 ipsis
664 1345 887 1410 Plataeensium
903 1347 992 1410 tectis
1006 1359 1038 1409 et
1046 1346 1163 1430 januis.
1210 1344 1261 1406 Ex
1273 1342 1395 1428 reliqua

354 1452 430 1494 vero
452 1429 657 1513 supellectile,
674 1453 747 1516 quse
765 1433 799 1494 in
822 1432 981 1496 moenibus
1002 1446 1081 1508 erat,
1096 1453 1136 1495 ex
1160 1451 1235 1506 aere,
1252 1431 1394 1515 inquam,

355 1533 386 1582 et
408 1513 493 1580 ferro
513 1513 611 1580 lectos
632 1530 889 1594 construxerunt,
913 1540 993 1604 quos
1007 1519 1128 1584 lunoni
1150 1529 1395 1592 consecrarunt3

355 1600 574 1687 templumque
589 1602 749 1688 lapideum
773 1617 900 1670 centum
946 1605 1041 1668 edum
1065 1602 1168 1667 eidem
1184 1601 1395 1666 aedificarunt.

357 1691 483 1774 Agrum
499 1709 574 1752 vero
588 1689 798 1774 publicatum,
812 1703 844 1754 et
858 1689 901 1754 ad
914 1625 1023 1754 aiacem
1038 1711 1138 1754 annos
1152 1687 1292 1753 locatum
1310 1687 1397 1752 The·

356 1773 431 1838 bani
446 1772 625 1840 coluerunt.
667 1775 922 1860 ‘Propemodum
947 1788 1063 1852 autem,
1079 1776 1145 1839 imo
1167 1795 1243 1838 vero
1263 1775 1396 1838 omnino

357 1857 594 1926 Lacedaemonii
609 1887 629 1928 a
646 1860 876 1926 Plataeensibus
890 1861 972 1926 adeo
986 1861 1117 1926 fuerunt
1137 1861 1248 1936 aversi,
1267 1859 1397 1926 Theba·

353 1969 473 2022 ‚norum
487 1947 601 2034 gratia,
618 1947 705 2034 quod
728 1949 813 2033 ipsos
835 1948 869 2010 in
884 1948 981 2026 bello,
997 1948 1084 2035 quod
1101 1948 1168 2033 jam
1186 1961 1254 2010 tum
1270 1968 1396 2032 suscep-

358 2047 426 2098 tum
440 2047 519 2110 erat,
535 2033 595 2097 sibi
609 2033 760 2120 perutiles
774 2033 841 2098 iore
856 2046 1015 2119 putarent.
1062 2034 1127 2098 Res
1141 2033 1250 2119 igitur,
1267 2055 1344 2118 quaa
1358 2032 1397 2097 ad

359 2117 512 2184 Platteam
534 2134 632 2204 gestae
647 2133 730 2198 sunt,
755 2121 962 2208 nonagesimo
984 2121 1079 2184 tertio
1093 2139 1213 2184 annos
1234 2119 1396 2196 societate,

354 2227 454 2356 gugm
472 2203 662 2272 Plataeenses
676 2227 749 2270 cum
762 2205 1009 2273 Atheniensibus
1020 2207 1166 2282 inierant,
1178 2203 1266 2268 bunc
1276 2207 1396 2270 exitum

382 2315 400 2354 a
427 2305 549 2356 uerunt.

403 2387 456 2444 69.
479 2377 703 2460 Quadraginta
735 2403 810 2448 vero
846 2381 1154 2467 Peloponnesiorum
1188 2402 1294 2456 naves,
1326 2401 1396 2465 qua

359 2463 483 2530 Lesbiis
505 2465 646 2530 subsidio
667 2467 818 2553 profectae
839 2467 976 2548 fuerant,
990 2490 1063 2534 cum
1087 2481 1165 2532 tuno
1187 2488 1244 2551 per
1265 2465 1396 2552 pelagus

358 2549 562 2638 aufugissent,
590 2565 626 2617 ut
653 2567 894 2640 persequentem
922 2554 1163 2620 Atheniensium
1193 2552 1327 2616 classem
1354 2550 1396 2614 ai·

359 2651 473 2716 tarent,
499 2653 531 2703 et
553 2651 741 2724 tempestate
767 2662 827 2725 pro
895 2641 1023 2706 Cretam
1045 2641 1177 2727 jactatae
1198 2636 1343 2714 fuissent,
1366 2648 1398 2700 et

359 2720 448 2786 illino
462 2723 505 2788 ad
521 2723 776 2809 Peloponnesum
792 2749 834 2812 pa
847 2740 936 2793 antes
952 2726 1158 2812 appulissent,
1174 2724 1328 2789 tredecim
1343 2722 1397 2788 tri·

359 2831 460 2873 remes
476 2808 711 2876 Leucadiorum
732 2826 764 2878 et
780 2814 1071 2891 Ambraciotarum,
1088 2827 1119 2876 et
1135 2810 1304 2876 Braaidam
1323 2808 1399 2875 Tel-

359 2895 432 2968 lidis
446 2893 558 2972 filium,
576 2895 631 2980 qui
645 2897 826 2977 advenerat,
843 2913 879 2964 ut
894 2899 1017 2964 Alcidae
1038 2898 1236 2963 consiliarius
1250 2909 1342 2972 esset,
1359 2895 1400 2962 ad

361 2979 514 3067 Cyllenen
531 2983 708 3048 offendunt.
756 2985 993 3050 Lacedaemonii
1014 2985 1099 3050 cuim
1122 2985 1155 3050 in
1178 2983 1288 3048 animo
1303 2981 1401 3046 habe-

360 3067 448 3144 bant,
465 3067 614 3152 quoniam
632 3069 729 3134 Lesbi
751 3072 977 3137 conservandae
999 3095 1070 3158 spes
1091 3094 1145 3136 eos
1163 3068 1331 3149 fefellerat,
1345 3090 1400 3152 pa·

359 3165 429 3228 rata
444 3155 678 3242 majoriolasse,
694 3157 727 3220 in
752 3157 926 3244 Corcyram
950 3157 1104 3226 seditione
1124 3157 1324 3222 laborantem
1344 3177 1402 3218 na·

359 3237 390 3306 vi
434 3263 477 3319 re,
493 3241 578 3328 quod
594 3241 802 3308 Athenienses
816 3266 888 3309 curn
904 3243 1071 3310 duodecim
1088 3243 1248 3308 duntaxat
1265 3241 1401 3306 naribus

360 3263 432 3396 atin
429 3327 632 3412 Naupactum
659 3342 773 3394 essent.
803 3345 973 3417 antequam
1001 3342 1108 3396 autem
1134 3328 1271 3396 Athenis
1301 3329 1403 3414 major

360 3411 474 3497 aliquis
503 3415 636 3478 navium
659 3435 810 3480 numerus
834 3420 909 3482 aliis
934 3417 1076 3482 subsidio
1101 3417 1231 3492 veniret,
1256 3428 1293 3479 ut
1315 3437 1402 3500 prae·

361 3513 521 3564 verterent
549 3522 636 3566 nooae
659 3505 765 3567 classis
793 3505 966 3583 adamum,
996 3503 1051 3568 hoc
1075 3500 1187 3585 facere
1215 3511 1401 3566 comeant.

362 3600 457 3672 atque
473 3583 622 3651 Braaidaa
637 3599 669 3652 et
684 3587 813 3653 Aloidas
827 3589 862 3654 in
876 3589 925 3654 his
941 3588 1091 3674 parandis
1105 3601 1196 3652 erant
1211 3587 1372 3672 occupati.

407 3679 459 3739 70.
485 3671 567 3736 Nam
598 3673 763 3760 Corcyraei
791 3675 957 3741 discordiis
985 3676 1141 3741 intestinis
1164 3673 1311 3739 laborare
1337 3695 1403 3738 coe-

362 3771 488 3842 parunt,
512 3779 551 3822 ex
576 3780 639 3842 quo
664 3759 720 3838 illi,
742 3760 797 3826 ubi
820 3761 854 3826 in
880 3762 1001 3847 proeliis
1025 3761 1191 3826 navalibus
1212 3759 1298 3824 circs
1325 3759 1405 3844 Epi-

361 3841 514 3907 damnum
541 3865 578 3908 ca
603 3844 626 3909 ti
652 3843 787 3924 fuerant,
812 3848 852 3913 ad
876 3849 962 3934 ipsos
988 3849 1158 3926 redierant,
1182 3870 1203 3911 a
1227 3845 1406 3911 Corinthiis

362 3927 495 4007 dimissi,
510 3866 624 3996 ‘verbo
638 3932 778 4019 quidam,
795 3934 920 4000 talentis
942 3935 1133 4024 octingentis
1153 3931 1298 4010 redemti,
1319 3931 1405 3998 detis

395 4067 407 4103 d
419 4069 518 4116 Annum
530 4069 624 4118 circiter
630 4077 677 4117 etc.
696 4069 756 4119 Alli.
774 4071 859 4121 iinon.

396 4133 1027 4194 ⁸Nonnihilautem,etpropemodumomninoeta.
1049 4137 1122 4186 Valla.
1157 4137 1240 4187 inex.

396 4191 541 4244 trraetextu
553 4199 652 4257 quidem
667 4201 802 4259 sponsionis
813 4203 843 4250 de
854 4204 978 4263 octoginta
993 4205 1114 4250 talentisa
1125 4201 1256 4250 Corinthiis
1265 4197 1405 4262 quibasdam

363 4267 448 4309 'eorum
467 4261 602 4322 hospitibus
613 4277 656 4322 pro
673 4263 732 4323 ipsis
743 4265 828 4314 factaer
847 4281 873 4314 re
891 4281 948 4314 vcra
965 4273 1047 4314 autern
1069 4268 1199 4328 Corcyram
1217 4265 1352 4313 Corinthiis
1367 4277 1406 4310 aa·

362 4328 451 4376 eisocre
461 4327 576 4386 persuasi.
592 4326 671 4388 Steph.
706 4327 790 4375 iners.
