<?xml version="1.0" encoding="UTF-8"?>
<!DOCTYPE html PUBLIC "-//W3C//DTD XHTML 1.0 Transitional//EN"
    "http://www.w3.org/TR/xhtml1/DTD/xhtml1-transitional.dtd">
<html xmlns="http://www.w3.org/1999/xhtml" xml:lang="en" lang="en">
 <head>
  <title>
</title>
<meta http-equiv="Content-Type" content="text/html;charset=utf-8" />
  <meta name='ocr-system' content='tesseract 3.04.00' />
  <meta name='ocr-capabilities' content='ocr_page ocr_carea ocr_par ocr_line ocrx_word'/>
</head>
<body>
  <div class='ocr_page' id='page_1' title='image "./thucydidisdebel00wassgoog_0260.png"; bbox 0 0 2994 4788; ppageno 0'>
   <div class='ocr_carea' id='block_1_1' title="bbox 385 309 1070 384">
    <p class='ocr_par' dir='ltr' id='par_1_1' title="bbox 385 309 1070 384">
     <span class='ocr_line' id='line_1_1' title="bbox 385 309 1070 384; baseline -0.007 0"><span class='ocrx_word' id='word_1_1' title='bbox 385 321 451 384; x_wconf 71' lang='lat'><strong>2⁵2</strong></span> <span class='ocrx_word' id='word_1_2' title='bbox 688 357 691 366; x_wconf 91' lang='lat'>·</span> <span class='ocrx_word' id='word_1_3' title='bbox 763 309 1070 379; x_wconf 83' lang='lat' dir='ltr'><strong>THUCYDIDIS</strong></span> 
     </span>
    </p>
   </div>
   <div class='ocr_carea' id='block_1_2' title="bbox 186 481 1491 3065">
    <p class='ocr_par' dir='ltr' id='par_1_2' title="bbox 271 481 1423 762">
     <span class='ocr_line' id='line_1_2' title="bbox 291 481 1421 574; baseline -0.005 -20"><span class='ocrx_word' id='word_1_4' title='bbox 291 505 357 557; x_wconf 71' lang='lat' dir='ltr'><strong>aen.</strong></span> <span class='ocrx_word' id='word_1_5' title='bbox 385 486 567 552; x_wconf 77' lang='lat' dir='ltr'><strong>decursum.</strong></span> <span class='ocrx_word' id='word_1_6' title='bbox 613 483 690 550; x_wconf 89' lang='lat' dir='ltr'><strong>Hac</strong></span> <span class='ocrx_word' id='word_1_7' title='bbox 704 485 799 574; x_wconf 80' lang='lat' dir='ltr'><strong>igitur</strong></span> <span class='ocrx_word' id='word_1_8' title='bbox 813 485 853 550; x_wconf 88' lang='lat' dir='ltr'><strong>de</strong></span> <span class='ocrx_word' id='word_1_9' title='bbox 866 505 962 550; x_wconf 88' lang='lat' dir='ltr'><strong>causa</strong></span> <span class='ocrx_word' id='word_1_10' title='bbox 976 481 1127 550; x_wconf 75' lang='lat' dir='ltr'><strong>Brucidas</strong></span> <span class='ocrx_word' id='word_1_11' title='bbox 1144 504 1185 548; x_wconf 86' lang='lat' dir='ltr'><strong>ex</strong></span> <span class='ocrx_word' id='word_1_12' title='bbox 1208 481 1340 568; x_wconf 87' lang='lat' dir='ltr'><strong>publiea</strong></span> <span class='ocrx_word' id='word_1_13' title='bbox 1361 483 1421 548; x_wconf 91' lang='lat' dir='ltr'><strong>uti-</strong></span> 
     </span>
     <span class='ocr_line' id='line_1_3' title="bbox 284 569 1422 638; baseline 0.001 -4"><span class='ocrx_word' id='word_1_14' title='bbox 284 571 367 634; x_wconf 61' lang='grc' dir='ltr'><strong>ΜΦ</strong></span> <span class='ocrx_word' id='word_1_15' title='bbox 386 571 475 638; x_wconf 84' lang='lat' dir='ltr'><strong>litate</strong></span> <span class='ocrx_word' id='word_1_16' title='bbox 488 572 583 637; x_wconf 88' lang='lat' dir='ltr'><strong>rebus</strong></span> <span class='ocrx_word' id='word_1_17' title='bbox 598 571 761 637; x_wconf 83' lang='lat' dir='ltr'><strong>Arrhiboei</strong></span> <span class='ocrx_word' id='word_1_18' title='bbox 774 570 880 636; x_wconf 81' lang='lat' dir='ltr'><strong>favere</strong></span> <span class='ocrx_word' id='word_1_19' title='bbox 901 571 1048 636; x_wconf 89' lang='lat' dir='ltr'><strong>malebat.</strong></span> <span class='ocrx_word' id='word_1_20' title='bbox 1094 569 1264 635; x_wconf 81' lang='lat' dir='ltr'><strong>Perdiccas</strong></span> <span class='ocrx_word' id='word_1_21' title='bbox 1276 591 1355 634; x_wconf 82' lang='lat' dir='ltr'><strong>vero</strong></span> <span class='ocrx_word' id='word_1_22' title='bbox 1368 591 1422 635; x_wconf 90' lang='lat' dir='ltr'><strong>ne·</strong></span> 
     </span>
     <span class='ocr_line' id='line_1_4' title="bbox 271 636 1423 762; baseline -0.003 -38"><span class='ocrx_word' id='word_1_23' title='bbox 271 636 370 762; x_wconf 49' lang='lat' dir='ltr'><strong>(iffi,</strong></span> <span class='ocrx_word' id='word_1_24' title='bbox 386 661 494 746; x_wconf 78' lang='lat' dir='ltr'><strong>gabat,</strong></span> <span class='ocrx_word' id='word_1_25' title='bbox 510 681 543 722; x_wconf 88' lang='lat' dir='ltr'><strong>se</strong></span> <span class='ocrx_word' id='word_1_26' title='bbox 557 679 596 722; x_wconf 90' lang='lat' dir='ltr'><strong>eo</strong></span> <span class='ocrx_word' id='word_1_27' title='bbox 611 657 743 722; x_wconf 89' lang='lat' dir='ltr'><strong>consilio</strong></span> <span class='ocrx_word' id='word_1_28' title='bbox 767 656 930 723; x_wconf 86' lang='lat' dir='ltr'><strong>Brasidatn</strong></span> <span class='ocrx_word' id='word_1_29' title='bbox 954 656 1136 733; x_wconf 84' lang='lat' dir='ltr'><strong>adduxisse,</strong></span> <span class='ocrx_word' id='word_1_30' title='bbox 1151 668 1187 721; x_wconf 90' lang='lat' dir='ltr'><strong>ut</strong></span> <span class='ocrx_word' id='word_1_31' title='bbox 1201 677 1333 720; x_wconf 88' lang='lat' dir='ltr'><strong>suarum</strong></span> <span class='ocrx_word' id='word_1_32' title='bbox 1349 677 1423 721; x_wconf 91' lang='lat' dir='ltr'><strong>con·</strong></span> 
     </span>
    </p>

    <p class='ocr_par' dir='ltr' id='par_1_3' title="bbox 186 742 1490 1068">
     <span class='ocr_line' id='line_1_5' title="bbox 186 742 1490 828; baseline -0.008 -12"><span class='ocrx_word' id='word_1_33' title='bbox 186 809 190 816; x_wconf 87' lang='lat'><em>.</em></span> <span class='ocrx_word' id='word_1_34' title='bbox 281 763 323 812; x_wconf 76' lang='lat' dir='ltr'><strong>aa.</strong></span> <span class='ocrx_word' id='word_1_35' title='bbox 335 765 358 813; x_wconf 91' lang='lat'><strong>1.</strong></span> <span class='ocrx_word' id='word_1_36' title='bbox 386 746 609 820; x_wconf 73' lang='lat' dir='ltr'><strong>troversiarum</strong></span> <span class='ocrx_word' id='word_1_37' title='bbox 625 743 744 808; x_wconf 80' lang='lat' dir='ltr'>arbiter</span> <span class='ocrx_word' id='word_1_38' title='bbox 757 756 855 809; x_wconf 83' lang='lat' dir='ltr'><strong>esset:</strong></span> <span class='ocrx_word' id='word_1_39' title='bbox 882 744 937 809; x_wconf 92' lang='lat' dir='ltr'><strong>sed</strong></span> <span class='ocrx_word' id='word_1_40' title='bbox 953 743 1060 828; x_wconf 90' lang='lat' dir='ltr'><strong>potius</strong></span> <span class='ocrx_word' id='word_1_41' title='bbox 1075 743 1213 808; x_wconf 90' lang='lat' dir='ltr'><strong>hostium</strong></span> <span class='ocrx_word' id='word_1_42' title='bbox 1233 742 1421 820; x_wconf 88' lang='lat' dir='ltr'><strong>destructor,</strong></span> <span class='ocrx_word' id='word_1_43' title='bbox 1488 763 1490 804; x_wconf 69' lang='lat' dir='ltr'><strong>t</strong></span> 
     </span>
     <span class='ocr_line' id='line_1_6' title="bbox 290 828 1490 932; baseline 0 -38"><span class='ocrx_word' id='word_1_44' title='bbox 290 828 320 874; x_wconf 69' lang='grc' dir='ltr'><strong>ὓ·</strong></span> <span class='ocrx_word' id='word_1_45' title='bbox 333 829 361 876; x_wconf 81' lang='lat'><strong>⁰·</strong></span> <span class='ocrx_word' id='word_1_46' title='bbox 383 853 465 932; x_wconf 76' lang='lat' dir='ltr'><strong>quos</strong></span> <span class='ocrx_word' id='word_1_47' title='bbox 486 832 495 894; x_wconf 91' lang='lat' dir='ltr'><strong>i</strong></span> <span class='ocrx_word' id='word_1_48' title='bbox 522 853 556 895; x_wconf 91' lang='lat' dir='ltr'><strong>se</strong></span> <span class='ocrx_word' id='word_1_49' title='bbox 577 828 801 894; x_wconf 80' lang='lat' dir='ltr'><strong>denuntiasset</strong></span> <span class='ocrx_word' id='word_1_50' title='bbox 823 851 959 916; x_wconf 88' lang='lat' dir='ltr'><strong>eumque</strong></span> <span class='ocrx_word' id='word_1_51' title='bbox 975 829 1090 915; x_wconf 87' lang='lat' dir='ltr'><strong>injuste</strong></span> <span class='ocrx_word' id='word_1_52' title='bbox 1110 829 1269 894; x_wconf 82' lang='lat' dir='ltr'><strong>facturum</strong></span> <span class='ocrx_word' id='word_1_53' title='bbox 1292 830 1420 908; x_wconf 66' lang='lat' dir='ltr'><strong>naba,</strong></span> <span class='ocrx_word' id='word_1_54' title='bbox 1489 855 1490 858; x_wconf 44' lang='lat'>¹</span> 
     </span>
     <span class='ocr_line' id='line_1_7' title="bbox 384 915 1490 1068; baseline -0.002 -0.164"><span class='ocrx_word' id='word_1_55' title='bbox 384 916 744 1068; x_wconf 48' lang='lat' dir='ltr'><strong>etiamtiam</strong></span> <span class='ocrx_word' id='word_1_56' title='bbox 1079 915 1422 1066; x_wconf 43' lang='lat' dir='ltr'><strong>restuinus</strong></span> <span class='ocrx_word' id='word_1_57' title='bbox 1488 939 1490 1028; x_wconf 77' lang='lat'>2</span> 
     </span>
    </p>

    <p class='ocr_par' dir='ltr' id='par_1_4' title="bbox 281 1045 1491 2460">
     <span class='ocr_line' id='line_1_8' title="bbox 385 1045 1490 1189; baseline -0.003 -36"><span class='ocrx_word' id='word_1_58' title='bbox 385 1102 593 1176; x_wconf 79' lang='lat' dir='ltr'><strong>repugnante,</strong></span> <span class='ocrx_word' id='word_1_59' title='bbox 604 1087 753 1155; x_wconf 88' lang='lat' dir='ltr'><strong>convenit</strong></span> <span class='ocrx_word' id='word_1_60' title='bbox 764 1089 959 1152; x_wconf 74' lang='lat' dir='ltr'><strong>Arrhiboercn</strong></span> <span class='ocrx_word' id='word_1_61' title='bbox 965 1122 978 1161; x_wconf 88' lang='lat'><strong>,·</strong></span> <span class='ocrx_word' id='word_1_62' title='bbox 1001 1045 1131 1189; x_wconf 78' lang='lat' dir='ltr'><strong>ejdsque</strong></span> <span class='ocrx_word' id='word_1_63' title='bbox 1142 1087 1244 1152; x_wconf 85' lang='lat' dir='ltr'><strong>verbi</strong></span> <span class='ocrx_word' id='word_1_64' title='bbox 1256 1086 1421 1165; x_wconf 89' lang='lat' dir='ltr'><strong>adductus,</strong></span> <span class='ocrx_word' id='word_1_65' title='bbox 1488 1067 1490 1076; x_wconf 44' lang='lat'><strong>¹</strong></span> 
     </span>
     <span class='ocr_line' id='line_1_9' title="bbox 385 1172 1421 1260; baseline -0.003 -20"><span class='ocrx_word' id='word_1_66' title='bbox 385 1177 557 1240; x_wconf 78' lang='lat' dir='ltr'><strong>exercbum</strong></span> <span class='ocrx_word' id='word_1_67' title='bbox 573 1173 718 1252; x_wconf 83' lang='lat' dir='ltr'><strong>abduxit,</strong></span> <span class='ocrx_word' id='word_1_68' title='bbox 733 1174 917 1260; x_wconf 76' lang='lat' dir='ltr'><strong>priusquam</strong></span> <span class='ocrx_word' id='word_1_69' title='bbox 941 1173 974 1237; x_wconf 89' lang='lat' dir='ltr'><strong>in</strong></span> <span class='ocrx_word' id='word_1_70' title='bbox 997 1195 1063 1259; x_wconf 70' lang='lat' dir='ltr'><strong>ejus</strong></span> <span class='ocrx_word' id='word_1_71' title='bbox 1084 1193 1197 1260; x_wconf 83' lang='lat' dir='ltr'><strong>agrum</strong></span> <span class='ocrx_word' id='word_1_72' title='bbox 1212 1172 1421 1258; x_wconf 78' lang='lat' dir='ltr'><strong>irruptionem</strong></span> 
     </span>
     <span class='ocr_line' id='line_1_10' title="bbox 384 1257 1421 1343; baseline 0 -19"><span class='ocrx_word' id='word_1_73' title='bbox 384 1259 518 1326; x_wconf 83' lang='lat' dir='ltr'><strong>fecisset.</strong></span> <span class='ocrx_word' id='word_1_74' title='bbox 564 1260 731 1326; x_wconf 77' lang='lat' dir='ltr'><strong>Perdiccas</strong></span> <span class='ocrx_word' id='word_1_75' title='bbox 744 1281 819 1324; x_wconf 81' lang='lat' dir='ltr'><strong>veru</strong></span> <span class='ocrx_word' id='word_1_76' title='bbox 830 1261 871 1324; x_wconf 90' lang='lat' dir='ltr'><strong>ab</strong></span> <span class='ocrx_word' id='word_1_77' title='bbox 881 1281 920 1324; x_wconf 91' lang='lat' dir='ltr'><strong>eo</strong></span> <span class='ocrx_word' id='word_1_78' title='bbox 931 1272 1075 1342; x_wconf 85' lang='lat' dir='ltr'><strong>ternpore</strong></span> <span class='ocrx_word' id='word_1_79' title='bbox 1085 1279 1144 1343; x_wconf 92' lang='lat' dir='ltr'><strong>pro</strong></span> <span class='ocrx_word' id='word_1_80' title='bbox 1155 1257 1289 1324; x_wconf 89' lang='lat' dir='ltr'><strong>dimidia</strong></span> <span class='ocrx_word' id='word_1_81' title='bbox 1301 1260 1421 1324; x_wconf 85' lang='lat' dir='ltr'><strong>tertiam</strong></span> 
     </span>
     <span class='ocr_line' id='line_1_11' title="bbox 385 1345 1423 1432; baseline -0.001 -21"><span class='ocrx_word' id='word_1_82' title='bbox 385 1347 533 1432; x_wconf 89' lang='lat' dir='ltr'><strong>stipendii</strong></span> <span class='ocrx_word' id='word_1_83' title='bbox 549 1359 672 1431; x_wconf 90' lang='lat' dir='ltr'><strong>partem</strong></span> <span class='ocrx_word' id='word_1_84' title='bbox 688 1345 787 1425; x_wconf 87' lang='lat' dir='ltr'><strong>dedit,</strong></span> <span class='ocrx_word' id='word_1_85' title='bbox 802 1346 888 1431; x_wconf 92' lang='lat' dir='ltr'><strong>quod</strong></span> <span class='ocrx_word' id='word_1_86' title='bbox 910 1345 1058 1432; x_wconf 87' lang='lat' dir='ltr'><strong>injuriam</strong></span> <span class='ocrx_word' id='word_1_87' title='bbox 1079 1345 1139 1409; x_wconf 84' lang='lat' dir='ltr'><strong>sibi</strong></span> <span class='ocrx_word' id='word_1_88' title='bbox 1162 1345 1202 1409; x_wconf 89' lang='lat' dir='ltr'><strong>ab</strong></span> <span class='ocrx_word' id='word_1_89' title='bbox 1223 1367 1263 1408; x_wconf 91' lang='lat' dir='ltr'><strong>eo</strong></span> <span class='ocrx_word' id='word_1_90' title='bbox 1284 1345 1355 1410; x_wconf 87' lang='lat' dir='ltr'><strong>fieri</strong></span> <span class='ocrx_word' id='word_1_91' title='bbox 1368 1367 1423 1432; x_wconf 89' lang='lat' dir='ltr'><strong>pu·</strong></span> 
     </span>
     <span class='ocr_line' id='line_1_12' title="bbox 385 1445 1491 1499; baseline -0.002 -1"><span class='ocrx_word' id='word_1_92' title='bbox 385 1445 480 1499; x_wconf 87' lang='lat' dir='ltr'><strong>taret.</strong></span> <span class='ocrx_word' id='word_1_93' title='bbox 584 1473 586 1476; x_wconf 94' lang='lat'>-</span> <span class='ocrx_word' id='word_1_94' title='bbox 1116 1445 1122 1454; x_wconf 83' lang='lat'>&#39;</span> <span class='ocrx_word' id='word_1_95' title='bbox 1490 1455 1491 1460; x_wconf 49' lang='lat'>¹</span> 
     </span>
     <span class='ocr_line' id='line_1_13' title="bbox 281 1516 1422 1595; baseline 0 -15"><span class='ocrx_word' id='word_1_96' title='bbox 281 1531 367 1580; x_wconf 73' lang='lat' dir='ltr'><strong>Mena</strong></span> <span class='ocrx_word' id='word_1_97' title='bbox 430 1527 483 1584; x_wconf 77' lang='lat'><strong>84.</strong></span> <span class='ocrx_word' id='word_1_98' title='bbox 507 1517 628 1582; x_wconf 64' lang='lat' dir='ltr'><strong>Emesa</strong></span> <span class='ocrx_word' id='word_1_99' title='bbox 644 1531 763 1595; x_wconf 84' lang='lat' dir='ltr'><strong>oestate,</strong></span> <span class='ocrx_word' id='word_1_100' title='bbox 776 1519 929 1582; x_wconf 87' lang='lat' dir='ltr'><strong>continuo</strong></span> <span class='ocrx_word' id='word_1_101' title='bbox 954 1518 1113 1594; x_wconf 88' lang='lat' dir='ltr'><strong>Brasidas,</strong></span> <span class='ocrx_word' id='word_1_102' title='bbox 1128 1537 1236 1580; x_wconf 90' lang='lat' dir='ltr'><strong>secum</strong></span> <span class='ocrx_word' id='word_1_103' title='bbox 1250 1516 1372 1582; x_wconf 91' lang='lat' dir='ltr'><strong>ducens</strong></span> <span class='ocrx_word' id='word_1_104' title='bbox 1394 1528 1422 1580; x_wconf 89' lang='lat' dir='ltr'><strong>et</strong></span> 
     </span>
     <span class='ocr_line' id='line_1_14' title="bbox 288 1599 1422 1689; baseline 0 -21"><span class='ocrx_word' id='word_1_105' title='bbox 288 1599 355 1658; x_wconf 57' lang='grc' dir='ltr'><strong>ΜΒ·</strong></span> <span class='ocrx_word' id='word_1_106' title='bbox 387 1603 621 1681; x_wconf 73' lang='lat' dir='ltr'><strong>Chalcidenses,</strong></span> <span class='ocrx_word' id='word_1_107' title='bbox 638 1604 733 1689; x_wconf 89' lang='lat' dir='ltr'><strong>paulo</strong></span> <span class='ocrx_word' id='word_1_108' title='bbox 747 1617 822 1668; x_wconf 90' lang='lat' dir='ltr'><strong>ante</strong></span> <span class='ocrx_word' id='word_1_109' title='bbox 844 1604 1011 1668; x_wconf 78' lang='lat' dir='ltr'><strong>vindemiae</strong></span> <span class='ocrx_word' id='word_1_110' title='bbox 1034 1616 1095 1669; x_wconf 87' lang='lat' dir='ltr'><strong>tem</strong></span> <span class='ocrx_word' id='word_1_111' title='bbox 1123 1626 1170 1682; x_wconf 88' lang='lat' dir='ltr'><strong>us,</strong></span> <span class='ocrx_word' id='word_1_112' title='bbox 1186 1603 1340 1667; x_wconf 84' lang='lat' dir='ltr'><strong>Acantho</strong></span> <span class='ocrx_word' id='word_1_113' title='bbox 1359 1603 1422 1668; x_wconf 80' lang='lat' dir='ltr'><strong>An-</strong></span> 
     </span>
     <span class='ocr_line' id='line_1_15' title="bbox 386 1689 1420 1766; baseline -0.002 -12"><span class='ocrx_word' id='word_1_114' title='bbox 386 1690 529 1755; x_wconf 87' lang='lat' dir='ltr'><strong>driorum</strong></span> <span class='ocrx_word' id='word_1_115' title='bbox 545 1689 680 1754; x_wconf 75' lang='lat' dir='ltr'><strong>colonica</strong></span> <span class='ocrx_word' id='word_1_116' title='bbox 695 1689 812 1754; x_wconf 90' lang='lat' dir='ltr'><strong>bellum</strong></span> <span class='ocrx_word' id='word_1_117' title='bbox 835 1689 954 1756; x_wconf 91' lang='lat' dir='ltr'><strong>intulit.</strong></span> <span class='ocrx_word' id='word_1_118' title='bbox 999 1694 1087 1755; x_wconf 86' lang='lat' dir='ltr'><strong>Acen</strong></span> <span class='ocrx_word' id='word_1_119' title='bbox 1126 1690 1147 1752; x_wconf 83' lang='lat' dir='ltr'><strong>&#39;i</strong></span> <span class='ocrx_word' id='word_1_120' title='bbox 1170 1689 1420 1766; x_wconf 85' lang='lat' dir='ltr'><strong>vero,cumalii,</strong></span> 
     </span>
     <span class='ocr_line' id='line_1_16' title="bbox 386 1774 1420 1862; baseline 0 -22"><span class='ocrx_word' id='word_1_121' title='bbox 386 1777 442 1862; x_wconf 89' lang='lat' dir='ltr'><strong>qui</strong></span> <span class='ocrx_word' id='word_1_122' title='bbox 469 1775 732 1842; x_wconf 76' lang='lat' dir='ltr'><strong>Chalcidensibus</strong></span> <span class='ocrx_word' id='word_1_123' title='bbox 754 1775 892 1841; x_wconf 84' lang='lat' dir='ltr'><strong>faventes</strong></span> <span class='ocrx_word' id='word_1_124' title='bbox 917 1797 989 1842; x_wconf 89' lang='lat' dir='ltr'><strong>eum</strong></span> <span class='ocrx_word' id='word_1_125' title='bbox 1019 1789 1183 1840; x_wconf 84' lang='lat' dir='ltr'><strong>evocatum</strong></span> <span class='ocrx_word' id='word_1_126' title='bbox 1213 1774 1420 1851; x_wconf 78' lang='lat' dir='ltr'><strong>adducebant,</strong></span> 
     </span>
     <span class='ocr_line' id='line_1_17' title="bbox 387 1861 1420 1948; baseline -0.002 -22"><span class='ocrx_word' id='word_1_127' title='bbox 387 1873 454 1927; x_wconf 83' lang='lat' dir='ltr'><strong>turn</strong></span> <span class='ocrx_word' id='word_1_128' title='bbox 480 1863 574 1927; x_wconf 89' lang='lat' dir='ltr'><strong>etiam</strong></span> <span class='ocrx_word' id='word_1_129' title='bbox 595 1863 662 1948; x_wconf 86' lang='lat' dir='ltr'><strong>ipsa</strong></span> <span class='ocrx_word' id='word_1_130' title='bbox 682 1863 780 1948; x_wconf 82' lang='lat' dir='ltr'><strong>plebs,</strong></span> <span class='ocrx_word' id='word_1_131' title='bbox 802 1864 883 1926; x_wconf 90' lang='lat' dir='ltr'><strong>inter</strong></span> <span class='ocrx_word' id='word_1_132' title='bbox 905 1885 939 1926; x_wconf 91' lang='lat' dir='ltr'><strong>se</strong></span> <span class='ocrx_word' id='word_1_133' title='bbox 962 1861 1208 1938; x_wconf 75' lang='lat' dir='ltr'><strong>contendebant,</strong></span> <span class='ocrx_word' id='word_1_134' title='bbox 1223 1875 1332 1926; x_wconf 86' lang='lat' dir='ltr'><strong>utrum</strong></span> <span class='ocrx_word' id='word_1_135' title='bbox 1354 1883 1420 1926; x_wconf 89' lang='lat' dir='ltr'><strong>eum</strong></span> 
     </span>
     <span class='ocr_line' id='line_1_18' title="bbox 386 1948 1420 2099; baseline -0.004 -85"><span class='ocrx_word' id='word_1_136' title='bbox 386 1948 529 2098; x_wconf 61' lang='lat' dir='ltr'><strong>pecipere</strong></span> <span class='ocrx_word' id='word_1_137' title='bbox 549 1948 713 2098; x_wconf 70' lang='lat' dir='ltr'><strong>debetpot,</strong></span> <span class='ocrx_word' id='word_1_138' title='bbox 732 1969 796 2099; x_wconf 57' lang='lat' dir='ltr'><strong>pdep</strong></span> <span class='ocrx_word' id='word_1_139' title='bbox 818 1970 868 2014; x_wconf 86' lang='lat' dir='ltr'><strong>ne.</strong></span> <span class='ocrx_word' id='word_1_140' title='bbox 913 1949 1128 2099; x_wconf 50' lang='lat' dir='ltr'><strong>Verunllffin</strong></span> <span class='ocrx_word' id='word_1_141' title='bbox 1149 1960 1284 2097; x_wconf 60' lang='lat' dir='ltr'><strong>ppoptpp</strong></span> <span class='ocrx_word' id='word_1_142' title='bbox 1307 1964 1420 2098; x_wconf 57' lang='lat' dir='ltr'><strong>menpm</strong></span> 
     </span>
     <span class='ocr_line' id='line_1_19' title="bbox 386 2047 1422 2206; baseline -0.003 -21"><span class='ocrx_word' id='word_1_143' title='bbox 386 2049 786 2186; x_wconf 63' lang='lat' dir='ltr'><strong>,litttstttltn</strong></span> <span class='ocrx_word' id='word_1_144' title='bbox 798 2047 1168 2206; x_wconf 61' lang='lat' dir='ltr'><strong>ttttttttt‘t&#39;nt</strong></span> <span class='ocrx_word' id='word_1_145' title='bbox 1180 2054 1422 2198; x_wconf 56' lang='lat' dir='ltr'><strong>{tuerint</strong></span> 
     </span>
     <span class='ocr_line' id='line_1_20' title="bbox 388 2206 1422 2292; baseline -0.005 -19"><span class='ocrx_word' id='word_1_146' title='bbox 388 2217 426 2274; x_wconf 88' lang='lat' dir='ltr'><strong>ut</strong></span> <span class='ocrx_word' id='word_1_147' title='bbox 440 2229 479 2270; x_wconf 89' lang='lat' dir='ltr'><strong>eo</strong></span> <span class='ocrx_word' id='word_1_148' title='bbox 493 2206 603 2271; x_wconf 88' lang='lat' dir='ltr'><strong>audito</strong></span> <span class='ocrx_word' id='word_1_149' title='bbox 625 2207 826 2285; x_wconf 86' lang='lat' dir='ltr'><strong>consultaret,</strong></span> <span class='ocrx_word' id='word_1_150' title='bbox 841 2229 913 2273; x_wconf 89' lang='lat' dir='ltr'><strong>eum</strong></span> <span class='ocrx_word' id='word_1_151' title='bbox 937 2209 1068 2292; x_wconf 81' lang='lat' dir='ltr'><strong>recepit·</strong></span> <span class='ocrx_word' id='word_1_152' title='bbox 1113 2207 1195 2270; x_wconf 87' lang='lat' dir='ltr'><strong>Cum</strong></span> <span class='ocrx_word' id='word_1_153' title='bbox 1218 2221 1325 2272; x_wconf 89' lang='lat' dir='ltr'><strong>autern</strong></span> <span class='ocrx_word' id='word_1_154' title='bbox 1345 2207 1422 2270; x_wconf 85' lang='lat' dir='ltr'><strong>Bra-</strong></span> 
     </span>
     <span class='ocr_line' id='line_1_21' title="bbox 388 2291 1422 2378; baseline -0.003 -20"><span class='ocrx_word' id='word_1_155' title='bbox 388 2293 473 2358; x_wconf 82' lang='lat' dir='ltr'><strong>rs&#39;dua</strong></span> <span class='ocrx_word' id='word_1_156' title='bbox 497 2293 684 2357; x_wconf 88' lang='lat' dir='ltr'><strong>concionem</strong></span> <span class='ocrx_word' id='word_1_157' title='bbox 707 2293 836 2358; x_wconf 85' lang='lat' dir='ltr'><strong>adiisset</strong></span> <span class='ocrx_word' id='word_1_158' title='bbox 861 2299 942 2378; x_wconf 86' lang='lat' dir='ltr'><strong>(erat</strong></span> <span class='ocrx_word' id='word_1_159' title='bbox 965 2307 1069 2360; x_wconf 87' lang='lat' dir='ltr'><strong>autem</strong></span> <span class='ocrx_word' id='word_1_160' title='bbox 1095 2313 1159 2356; x_wconf 92' lang='lat' dir='ltr'><strong>non</strong></span> <span class='ocrx_word' id='word_1_161' title='bbox 1185 2291 1364 2370; x_wconf 85' lang='lat' dir='ltr'><strong>indisertus,</strong></span> <span class='ocrx_word' id='word_1_162' title='bbox 1389 2303 1422 2355; x_wconf 89' lang='lat' dir='ltr'><strong>ut</strong></span> 
     </span>
     <span class='ocr_line' id='line_1_22' title="bbox 389 2376 967 2460; baseline 0.005 -18"><span class='ocrx_word' id='word_1_163' title='bbox 389 2376 666 2460; x_wconf 78' lang='lat' dir='ltr'><strong>Lacedaemonius)</strong></span> <span class='ocrx_word' id='word_1_164' title='bbox 682 2378 752 2444; x_wconf 74' lang='lat' dir='ltr'><strong>haec</strong></span> <span class='ocrx_word' id='word_1_165' title='bbox 768 2383 862 2445; x_wconf 84' lang='lat' dir='ltr'><strong>verba</strong></span> <span class='ocrx_word' id='word_1_166' title='bbox 876 2379 967 2445; x_wconf 87' lang='lat' dir='ltr'><strong>fecit:</strong></span> 
     </span>
    </p>

    <p class='ocr_par' dir='ltr' id='par_1_5' title="bbox 388 2463 1423 2896">
     <span class='ocr_line' id='line_1_23' title="bbox 432 2463 1423 2552; baseline 0 -22"><span class='ocrx_word' id='word_1_167' title='bbox 432 2472 485 2530; x_wconf 81' lang='grc'><strong>85.</strong></span> <span class='ocrx_word' id='word_1_168' title='bbox 510 2471 530 2506; x_wconf 87' lang='grc'><strong>“</strong></span> <span class='ocrx_word' id='word_1_169' title='bbox 547 2463 656 2541; x_wconf 85' lang='lat' dir='ltr'><strong>Quon</strong></span> <span class='ocrx_word' id='word_1_170' title='bbox 678 2487 750 2551; x_wconf 81' lang='lat' dir='ltr'><strong>ego,</strong></span> <span class='ocrx_word' id='word_1_171' title='bbox 765 2480 860 2552; x_wconf 88' lang='lat' dir='ltr'><strong>atque</strong></span> <span class='ocrx_word' id='word_1_172' title='bbox 882 2466 1048 2542; x_wconf 86' lang='lat' dir='ltr'><strong>exercitus,</strong></span> <span class='ocrx_word' id='word_1_173' title='bbox 1063 2465 1121 2530; x_wconf 90' lang='lat' dir='ltr'><strong>viri</strong></span> <span class='ocrx_word' id='word_1_174' title='bbox 1145 2464 1342 2546; x_wconf 85' lang='lat' dir='ltr'><strong>Acanthii,a</strong></span> <span class='ocrx_word' id='word_1_175' title='bbox 1364 2465 1423 2530; x_wconf 83' lang='lat' dir='ltr'><strong>Le·</strong></span> 
     </span>
     <span class='ocr_line' id='line_1_24' title="bbox 389 2548 1421 2638; baseline -0.003 -22"><span class='ocrx_word' id='word_1_176' title='bbox 389 2548 593 2616; x_wconf 77' lang='lat' dir='ltr'><strong>cedaemoniis</strong></span> <span class='ocrx_word' id='word_1_177' title='bbox 614 2553 672 2616; x_wconf 81' lang='lat' dir='ltr'><strong>hue</strong></span> <span class='ocrx_word' id='word_1_178' title='bbox 699 2553 805 2617; x_wconf 82' lang='lat' dir='ltr'><strong>enrissi</strong></span> <span class='ocrx_word' id='word_1_179' title='bbox 828 2550 992 2630; x_wconf 85' lang='lat' dir='ltr'><strong>fuerimus,</strong></span> <span class='ocrx_word' id='word_1_180' title='bbox 1018 2567 1127 2638; x_wconf 89' lang='lat' dir='ltr'><strong>aperte</strong></span> <span class='ocrx_word' id='word_1_181' title='bbox 1149 2551 1290 2616; x_wconf 83' lang='lat' dir='ltr'><strong>declarat</strong></span> <span class='ocrx_word' id='word_1_182' title='bbox 1320 2573 1421 2614; x_wconf 83' lang='lat' dir='ltr'><strong>reram</strong></span> 
     </span>
     <span class='ocr_line' id='line_1_25' title="bbox 388 2637 1422 2724; baseline 0 -22"><span class='ocrx_word' id='word_1_183' title='bbox 388 2659 455 2702; x_wconf 84' lang='lat' dir='ltr'><strong>esse</strong></span> <span class='ocrx_word' id='word_1_184' title='bbox 469 2659 607 2718; x_wconf 87' lang='lat' dir='ltr'><strong>causam,</strong></span> <span class='ocrx_word' id='word_1_185' title='bbox 623 2659 719 2723; x_wconf 89' lang='lat' dir='ltr'><strong>quam</strong></span> <span class='ocrx_word' id='word_1_186' title='bbox 739 2638 814 2702; x_wconf 89' lang='lat' dir='ltr'><strong>belli</strong></span> <span class='ocrx_word' id='word_1_187' title='bbox 835 2638 927 2704; x_wconf 92' lang='lat' dir='ltr'><strong>initio</strong></span> <span class='ocrx_word' id='word_1_188' title='bbox 946 2637 1165 2724; x_wconf 78' lang='lat' dir='ltr'><strong>praediximus,</strong></span> <span class='ocrx_word' id='word_1_189' title='bbox 1181 2660 1250 2715; x_wconf 91' lang='lat' dir='ltr'><strong>nos,</strong></span> <span class='ocrx_word' id='word_1_190' title='bbox 1274 2650 1311 2702; x_wconf 90' lang='lat' dir='ltr'><strong>ut</strong></span> <span class='ocrx_word' id='word_1_191' title='bbox 1334 2637 1422 2702; x_wconf 83' lang='lat' dir='ltr'><strong>Gue-</strong></span> 
     </span>
     <span class='ocr_line' id='line_1_26' title="bbox 388 2723 1423 2804; baseline -0.002 -16"><span class='ocrx_word' id='word_1_192' title='bbox 388 2723 469 2788; x_wconf 85' lang='lat' dir='ltr'><strong>ciaar</strong></span> <span class='ocrx_word' id='word_1_193' title='bbox 493 2724 525 2786; x_wconf 89' lang='lat' dir='ltr'><strong>in</strong></span> <span class='ocrx_word' id='word_1_194' title='bbox 546 2723 723 2788; x_wconf 84' lang='lat' dir='ltr'><strong>libertatem</strong></span> <span class='ocrx_word' id='word_1_195' title='bbox 738 2723 944 2804; x_wconf 84' lang='lat' dir='ltr'><strong>vindicemus,</strong></span> <span class='ocrx_word' id='word_1_196' title='bbox 960 2723 1076 2788; x_wconf 88' lang='lat' dir='ltr'><strong>bellum</strong></span> <span class='ocrx_word' id='word_1_197' title='bbox 1101 2724 1349 2790; x_wconf 86' lang='lat' dir='ltr'><strong>Atheniensibus</strong></span> <span class='ocrx_word' id='word_1_198' title='bbox 1362 2745 1423 2787; x_wconf 84' lang='lat' dir='ltr'><strong>ease</strong></span> 
     </span>
     <span class='ocr_line' id='line_1_27' title="bbox 389 2808 1423 2896; baseline 0.001 -26"><span class='ocrx_word' id='word_1_199' title='bbox 389 2809 541 2872; x_wconf 87' lang='lat' dir='ltr'><strong>facturos.</strong></span> <span class='ocrx_word' id='word_1_200' title='bbox 588 2808 650 2875; x_wconf 88' lang='lat' dir='ltr'><strong>Sed</strong></span> <span class='ocrx_word' id='word_1_201' title='bbox 680 2810 707 2873; x_wconf 92' lang='lat' dir='ltr'><strong>si</strong></span> <span class='ocrx_word' id='word_1_202' title='bbox 736 2831 806 2875; x_wconf 90' lang='lat' dir='ltr'><strong>sero</strong></span> <span class='ocrx_word' id='word_1_203' title='bbox 835 2811 987 2888; x_wconf 83' lang='lat' dir='ltr'><strong>venimus,</strong></span> <span class='ocrx_word' id='word_1_204' title='bbox 1012 2810 1136 2896; x_wconf 90' lang='lat' dir='ltr'><strong>decepti</strong></span> <span class='ocrx_word' id='word_1_205' title='bbox 1165 2810 1318 2895; x_wconf 83' lang='lat' dir='ltr'><strong>opinione</strong></span> <span class='ocrx_word' id='word_1_206' title='bbox 1343 2809 1423 2887; x_wconf 89' lang='lat' dir='ltr'><strong>belli,</strong></span> 
     </span>
    </p>

    <p class='ocr_par' dir='ltr' id='par_1_6' title="bbox 371 2891 1425 3065">
     <span class='ocr_line' id='line_1_28' title="bbox 371 2891 1425 2992; baseline 0.003 -37"><span class='ocrx_word' id='word_1_207' title='bbox 371 2891 477 2992; x_wconf 71' lang='lat' dir='ltr'><strong>&#39;quod</strong></span> <span class='ocrx_word' id='word_1_208' title='bbox 500 2893 612 2958; x_wconf 90' lang='lat' dir='ltr'><strong>inillis</strong></span> <span class='ocrx_word' id='word_1_209' title='bbox 636 2895 818 2984; x_wconf 82' lang='lat' dir='ltr'><strong>regionibus</strong></span> <span class='ocrx_word' id='word_1_210' title='bbox 840 2897 971 2984; x_wconf 80' lang='lat' dir='ltr'><strong>geritur,</strong></span> <span class='ocrx_word' id='word_1_211' title='bbox 988 2919 1052 2984; x_wconf 89' lang='lat' dir='ltr'><strong>qua</strong></span> <span class='ocrx_word' id='word_1_212' title='bbox 1071 2919 1085 2960; x_wconf 91' lang='lat' dir='ltr'><strong>s</strong></span> <span class='ocrx_word' id='word_1_213' title='bbox 1108 2895 1276 2960; x_wconf 87' lang='lat' dir='ltr'><strong>erabamus</strong></span> <span class='ocrx_word' id='word_1_214' title='bbox 1298 2896 1377 2975; x_wconf 84' lang='lat' dir='ltr'><strong>fore,</strong></span> <span class='ocrx_word' id='word_1_215' title='bbox 1391 2908 1425 2959; x_wconf 89' lang='lat' dir='ltr'><strong>ut</strong></span> 
     </span>
     <span class='ocr_line' id='line_1_29' title="bbox 389 2919 1424 3065; baseline 0.002 -23"><span class='ocrx_word' id='word_1_216' title='bbox 389 2999 459 3044; x_wconf 83' lang='lat' dir='ltr'><strong>arne</strong></span> <span class='ocrx_word' id='word_1_217' title='bbox 483 2994 586 3044; x_wconf 85' lang='lat' dir='ltr'><strong>vestro</strong></span> <span class='ocrx_word' id='word_1_218' title='bbox 608 2981 749 3065; x_wconf 75' lang='lat' dir='ltr'><strong>periculo</strong></span> <span class='ocrx_word' id='word_1_219' title='bbox 771 2981 981 3047; x_wconf 84' lang='lat' dir='ltr'><strong>Athenienses</strong></span> <span class='ocrx_word' id='word_1_220' title='bbox 1002 2919 1242 3061; x_wconf 85' lang='lat' dir='ltr'><strong>debcllurernus,</strong></span> <span class='ocrx_word' id='word_1_221' title='bbox 1257 3003 1354 3046; x_wconf 90' lang='lat' dir='ltr'><strong>nemo</strong></span> <span class='ocrx_word' id='word_1_222' title='bbox 1373 3003 1424 3044; x_wconf 82' lang='lat' dir='ltr'><strong>aas</strong></span> 
     </span>
    </p>
   </div>
   <div class='ocr_carea' id='block_1_3' title="bbox 390 3065 1425 3218">
    <p class='ocr_par' dir='ltr' id='par_1_7' title="bbox 390 3065 1425 3218">
     <span class='ocr_line' id='line_1_30' title="bbox 390 3065 1425 3218; baseline -0.001 -88"><span class='ocrx_word' id='word_1_223' title='bbox 390 3065 612 3150; x_wconf 83' lang='lat' dir='ltr'><strong>reprehendat.</strong></span> <span class='ocrx_word' id='word_1_224' title='bbox 658 3067 754 3132; x_wconf 88' lang='lat' dir='ltr'><strong>Nunc</strong></span> <span class='ocrx_word' id='word_1_225' title='bbox 777 3068 873 3146; x_wconf 89' lang='lat' dir='ltr'><strong>enim,</strong></span> <span class='ocrx_word' id='word_1_226' title='bbox 894 3089 993 3218; x_wconf 51' lang='grc' dir='ltr'><strong>Ἆυιιηι</strong></span> <span class='ocrx_word' id='word_1_227' title='bbox 1016 3068 1147 3132; x_wconf 77' lang='lat' dir='ltr'><strong>facultas</strong></span> <span class='ocrx_word' id='word_1_228' title='bbox 1168 3081 1216 3132; x_wconf 90' lang='lat' dir='ltr'><strong>est</strong></span> <span class='ocrx_word' id='word_1_229' title='bbox 1239 3068 1328 3148; x_wconf 89' lang='lat' dir='ltr'><strong>data,</strong></span> <span class='ocrx_word' id='word_1_230' title='bbox 1342 3065 1425 3132; x_wconf 85' lang='lat' dir='ltr'><strong>veni-</strong></span> 
     </span>
    </p>
   </div>
   <div class='ocr_carea' id='block_1_4' title="bbox 384 3152 1434 4360">
    <p class='ocr_par' dir='ltr' id='par_1_8' title="bbox 384 3152 1434 4360">
     <span class='ocr_line' id='line_1_31' title="bbox 391 3152 1422 3240; baseline 0 -24"><span class='ocrx_word' id='word_1_231' title='bbox 391 3172 471 3229; x_wconf 88' lang='lat' dir='ltr'><strong>mus,</strong></span> <span class='ocrx_word' id='word_1_232' title='bbox 494 3164 527 3218; x_wconf 90' lang='lat' dir='ltr'><strong>et</strong></span> <span class='ocrx_word' id='word_1_233' title='bbox 551 3152 712 3219; x_wconf 83' lang='lat' dir='ltr'><strong>vobiscum</strong></span> <span class='ocrx_word' id='word_1_234' title='bbox 743 3177 873 3240; x_wconf 84' lang='lat' dir='ltr'><strong>operam</strong></span> <span class='ocrx_word' id='word_1_235' title='bbox 923 3154 1056 3232; x_wconf 89' lang='lat' dir='ltr'><strong>abimus,</strong></span> <span class='ocrx_word' id='word_1_236' title='bbox 1083 3167 1119 3219; x_wconf 88' lang='lat' dir='ltr'><strong>ut</strong></span> <span class='ocrx_word' id='word_1_237' title='bbox 1143 3176 1197 3218; x_wconf 89' lang='lat' dir='ltr'><strong>eos</strong></span> <span class='ocrx_word' id='word_1_238' title='bbox 1219 3153 1422 3219; x_wconf 88' lang='lat' dir='ltr'><strong>debellemus.</strong></span> 
     </span>
     <span class='ocr_line' id='line_1_32' title="bbox 390 3235 1424 3327; baseline 0.002 -25"><span class='ocrx_word' id='word_1_239' title='bbox 390 3235 497 3303; x_wconf 83' lang='lat' dir='ltr'><strong>Miror</strong></span> <span class='ocrx_word' id='word_1_240' title='bbox 518 3261 604 3317; x_wconf 83' lang='lat' dir='ltr'><strong>vero,</strong></span> <span class='ocrx_word' id='word_1_241' title='bbox 621 3242 705 3327; x_wconf 92' lang='lat' dir='ltr'><strong>quod</strong></span> <span class='ocrx_word' id='word_1_242' title='bbox 730 3254 840 3325; x_wconf 86' lang='lat' dir='ltr'><strong>portas</strong></span> <span class='ocrx_word' id='word_1_243' title='bbox 856 3240 935 3305; x_wconf 88' lang='lat' dir='ltr'><strong>mihi</strong></span> <span class='ocrx_word' id='word_1_244' title='bbox 957 3241 1139 3317; x_wconf 87' lang='lat' dir='ltr'><strong>clauseritis,</strong></span> <span class='ocrx_word' id='word_1_245' title='bbox 1160 3253 1192 3306; x_wconf 90' lang='lat' dir='ltr'><strong>et</strong></span> <span class='ocrx_word' id='word_1_246' title='bbox 1214 3241 1241 3304; x_wconf 89' lang='lat' dir='ltr'><strong>si</strong></span> <span class='ocrx_word' id='word_1_247' title='bbox 1263 3261 1353 3305; x_wconf 88' lang='lat' dir='ltr'><strong>meus</strong></span> <span class='ocrx_word' id='word_1_248' title='bbox 1370 3238 1424 3304; x_wconf 87' lang='lat' dir='ltr'><strong>ad·</strong></span> 
     </span>
     <span class='ocr_line' id='line_1_33' title="bbox 388 3325 1423 3414; baseline 0.003 -28"><span class='ocrx_word' id='word_1_249' title='bbox 388 3337 500 3390; x_wconf 84' lang='lat' dir='ltr'><strong>ventus</strong></span> <span class='ocrx_word' id='word_1_250' title='bbox 516 3325 605 3390; x_wconf 90' lang='lat' dir='ltr'><strong>vobis</strong></span> <span class='ocrx_word' id='word_1_251' title='bbox 619 3326 763 3414; x_wconf 81' lang='lat' dir='ltr'><strong>ingratus</strong></span> <span class='ocrx_word' id='word_1_252' title='bbox 783 3325 943 3392; x_wconf 87' lang='lat' dir='ltr'><strong>acciderit.</strong></span> <span class='ocrx_word' id='word_1_253' title='bbox 990 3327 1058 3390; x_wconf 90' lang='lat' dir='ltr'><strong>Nos</strong></span> <span class='ocrx_word' id='word_1_254' title='bbox 1078 3331 1163 3392; x_wconf 89' lang='lat' dir='ltr'><strong>enim</strong></span> <span class='ocrx_word' id='word_1_255' title='bbox 1179 3326 1423 3400; x_wconf 83' lang='lat' dir='ltr'><strong>Lacedaemonii,</strong></span> 
     </span>
     <span class='ocr_line' id='line_1_34' title="bbox 388 3410 1424 3499; baseline 0.001 -25"><span class='ocrx_word' id='word_1_256' title='bbox 388 3410 605 3478; x_wconf 83' lang='lat' dir='ltr'><strong>existimantes</strong></span> <span class='ocrx_word' id='word_1_257' title='bbox 626 3435 685 3477; x_wconf 89' lang='lat' dir='ltr'><strong>nos</strong></span> <span class='ocrx_word' id='word_1_258' title='bbox 707 3426 856 3478; x_wconf 80' lang='lat' dir='ltr'><strong>venturos</strong></span> <span class='ocrx_word' id='word_1_259' title='bbox 878 3413 918 3476; x_wconf 87' lang='lat' dir='ltr'><strong>ad</strong></span> <span class='ocrx_word' id='word_1_260' title='bbox 942 3435 1005 3491; x_wconf 89' lang='lat' dir='ltr'><strong>eos,</strong></span> <span class='ocrx_word' id='word_1_261' title='bbox 1028 3413 1083 3498; x_wconf 91' lang='lat' dir='ltr'><strong>qui</strong></span> <span class='ocrx_word' id='word_1_262' title='bbox 1106 3412 1155 3476; x_wconf 83' lang='lat' dir='ltr'><strong>vel</strong></span> <span class='ocrx_word' id='word_1_263' title='bbox 1180 3413 1363 3499; x_wconf 88' lang='lat' dir='ltr'><strong>priusquam</strong></span> <span class='ocrx_word' id='word_1_264' title='bbox 1383 3410 1424 3475; x_wconf 86' lang='lat' dir='ltr'><strong>ad</strong></span> 
     </span>
     <span class='ocr_line' id='line_1_35' title="bbox 388 3495 1426 3583; baseline 0.002 -25"><span class='ocrx_word' id='word_1_265' title='bbox 388 3495 473 3579; x_wconf 88' lang='lat' dir='ltr'><strong>ipsos</strong></span> <span class='ocrx_word' id='word_1_266' title='bbox 487 3498 605 3582; x_wconf 87' lang='lat' dir='ltr'><strong>reipsa</strong></span> <span class='ocrx_word' id='word_1_267' title='bbox 629 3500 886 3583; x_wconf 82' lang='lat' dir='ltr'><strong>pervenissemus,</strong></span> <span class='ocrx_word' id='word_1_268' title='bbox 903 3499 1009 3564; x_wconf 89' lang='lat' dir='ltr'><strong>animo</strong></span> <span class='ocrx_word' id='word_1_269' title='bbox 1034 3498 1143 3562; x_wconf 85' lang='lat' dir='ltr'><strong>saltem</strong></span> <span class='ocrx_word' id='word_1_270' title='bbox 1164 3499 1241 3563; x_wconf 90' lang='lat' dir='ltr'><strong>socii</strong></span> <span class='ocrx_word' id='word_1_271' title='bbox 1262 3512 1373 3572; x_wconf 87' lang='lat' dir='ltr'><strong>essent,</strong></span> <span class='ocrx_word' id='word_1_272' title='bbox 1392 3509 1426 3560; x_wconf 88' lang='lat' dir='ltr'><strong>et</strong></span> 
     </span>
     <span class='ocr_line' id='line_1_36' title="bbox 389 3583 1425 3672; baseline 0.001 -28"><span class='ocrx_word' id='word_1_273' title='bbox 389 3593 522 3650; x_wconf 69' lang='lat' dir='ltr'><strong>mensem</strong></span> <span class='ocrx_word' id='word_1_274' title='bbox 547 3587 708 3649; x_wconf 81' lang='lat' dir='ltr'><strong>aduentum</strong></span> <span class='ocrx_word' id='word_1_275' title='bbox 734 3585 824 3650; x_wconf 85' lang='lat' dir='ltr'><strong>vohis</strong></span> <span class='ocrx_word' id='word_1_276' title='bbox 846 3599 973 3672; x_wconf 82' lang='lat' dir='ltr'><strong>gratum</strong></span> <span class='ocrx_word' id='word_1_277' title='bbox 998 3583 1076 3662; x_wconf 87' lang='lat' dir='ltr'><strong>fore,</strong></span> <span class='ocrx_word' id='word_1_278' title='bbox 1103 3597 1225 3649; x_wconf 88' lang='lat' dir='ltr'><strong>tantum</strong></span> <span class='ocrx_word' id='word_1_279' title='bbox 1251 3584 1425 3670; x_wconf 89' lang='lat' dir='ltr'><strong>pericnlum</strong></span> 
     </span>
     <span class='ocr_line' id='line_1_37' title="bbox 389 3666 1428 3758; baseline 0.004 -29"><span class='ocrx_word' id='word_1_280' title='bbox 389 3666 556 3748; x_wconf 89' lang='lat' dir='ltr'><strong>subiimus,</strong></span> <span class='ocrx_word' id='word_1_281' title='bbox 575 3691 633 3755; x_wconf 89' lang='lat' dir='ltr'><strong>per</strong></span> <span class='ocrx_word' id='word_1_282' title='bbox 656 3671 794 3736; x_wconf 89' lang='lat' dir='ltr'><strong>alienum</strong></span> <span class='ocrx_word' id='word_1_283' title='bbox 820 3693 931 3758; x_wconf 84' lang='lat' dir='ltr'><strong>agrum</strong></span> <span class='ocrx_word' id='word_1_284' title='bbox 954 3672 1011 3735; x_wconf 89' lang='lat' dir='ltr'><strong>iter</strong></span> <span class='ocrx_word' id='word_1_285' title='bbox 1034 3669 1205 3736; x_wconf 88' lang='lat' dir='ltr'><strong>multorum</strong></span> <span class='ocrx_word' id='word_1_286' title='bbox 1232 3671 1358 3736; x_wconf 86' lang='lat' dir='ltr'><strong>dierum</strong></span> <span class='ocrx_word' id='word_1_287' title='bbox 1378 3669 1428 3733; x_wconf 80' lang='lat' dir='ltr'><strong>fa·</strong></span> 
     </span>
     <span class='ocr_line' id='line_1_38' title="bbox 389 3751 1429 3844; baseline 0.003 -28"><span class='ocrx_word' id='word_1_288' title='bbox 389 3751 520 3830; x_wconf 89' lang='lat' dir='ltr'><strong>cientes,</strong></span> <span class='ocrx_word' id='word_1_289' title='bbox 545 3776 766 3844; x_wconf 87' lang='lat' dir='ltr'><strong>summumque</strong></span> <span class='ocrx_word' id='word_1_290' title='bbox 794 3757 933 3822; x_wconf 87' lang='lat' dir='ltr'><strong>studium</strong></span> <span class='ocrx_word' id='word_1_291' title='bbox 963 3757 1155 3822; x_wconf 82' lang='lat' dir='ltr'><strong>exhibentes.</strong></span> <span class='ocrx_word' id='word_1_292' title='bbox 1200 3757 1269 3821; x_wconf 86' lang='lat' dir='ltr'><strong>Vos</strong></span> <span class='ocrx_word' id='word_1_293' title='bbox 1292 3779 1375 3831; x_wconf 85' lang='lat' dir='ltr'><strong>vero,</strong></span> <span class='ocrx_word' id='word_1_294' title='bbox 1401 3757 1429 3819; x_wconf 85' lang='lat' dir='ltr'><strong>ei</strong></span> 
     </span>
     <span class='ocr_line' id='line_1_39' title="bbox 390 3838 1429 3928; baseline 0.004 -26"><span class='ocrx_word' id='word_1_295' title='bbox 390 3838 467 3922; x_wconf 91' lang='lat' dir='ltr'><strong>quid</strong></span> <span class='ocrx_word' id='word_1_296' title='bbox 483 3839 568 3904; x_wconf 87' lang='lat' dir='ltr'><strong>aliud</strong></span> <span class='ocrx_word' id='word_1_297' title='bbox 584 3841 617 3903; x_wconf 93' lang='lat' dir='ltr'><strong>in</strong></span> <span class='ocrx_word' id='word_1_298' title='bbox 634 3842 742 3907; x_wconf 87' lang='lat' dir='ltr'><strong>animo</strong></span> <span class='ocrx_word' id='word_1_299' title='bbox 764 3841 896 3920; x_wconf 90' lang='lat' dir='ltr'><strong>habetis,</strong></span> <span class='ocrx_word' id='word_1_300' title='bbox 912 3855 967 3907; x_wconf 88' lang='lat' dir='ltr'><strong>aut</strong></span> <span class='ocrx_word' id='word_1_301' title='bbox 989 3843 1014 3906; x_wconf 93' lang='lat' dir='ltr'><strong>si</strong></span> <span class='ocrx_word' id='word_1_302' title='bbox 1033 3855 1145 3909; x_wconf 86' lang='lat' dir='ltr'><strong>vestrae</strong></span> <span class='ocrx_word' id='word_1_303' title='bbox 1159 3844 1304 3928; x_wconf 89' lang='lat' dir='ltr'><strong>ipsorum</strong></span> <span class='ocrx_word' id='word_1_304' title='bbox 1321 3856 1352 3907; x_wconf 89' lang='lat' dir='ltr'><strong>et</strong></span> <span class='ocrx_word' id='word_1_305' title='bbox 1363 3863 1429 3906; x_wconf 66' lang='grc' dir='ltr'><strong>σε·</strong></span> 
     </span>
     <span class='ocr_line' id='line_1_40' title="bbox 390 3925 1430 4017; baseline 0.003 -27"><span class='ocrx_word' id='word_1_306' title='bbox 390 3935 529 3990; x_wconf 88' lang='lat' dir='ltr'><strong>terornm</strong></span> <span class='ocrx_word' id='word_1_307' title='bbox 547 3925 735 3992; x_wconf 76' lang='lat' dir='ltr'><strong>Graecorum</strong></span> <span class='ocrx_word' id='word_1_308' title='bbox 763 3929 900 3994; x_wconf 82' lang='lat' dir='ltr'><strong>libertati</strong></span> <span class='ocrx_word' id='word_1_309' title='bbox 921 3929 1088 4005; x_wconf 88' lang='lat' dir='ltr'><strong>obsistatis,</strong></span> <span class='ocrx_word' id='word_1_310' title='bbox 1107 3931 1163 3993; x_wconf 80' lang='lat' dir='ltr'><strong>hoc</strong></span> <span class='ocrx_word' id='word_1_311' title='bbox 1173 3931 1316 4012; x_wconf 77' lang='lat' dir='ltr'><strong>profecto</strong></span> <span class='ocrx_word' id='word_1_312' title='bbox 1333 3951 1430 4017; x_wconf 78' lang='lat' dir='ltr'><strong>grave</strong></span> 
     </span>
     <span class='ocr_line' id='line_1_41' title="bbox 389 4008 1430 4101; baseline 0.006 -28"><span class='ocrx_word' id='word_1_313' title='bbox 389 4008 493 4076; x_wconf 83' lang='lat' dir='ltr'><strong>suerit.</strong></span> <span class='ocrx_word' id='word_1_314' title='bbox 516 4032 589 4076; x_wconf 87' lang='lat' dir='ltr'><strong>narn</strong></span> <span class='ocrx_word' id='word_1_315' title='bbox 621 4035 686 4078; x_wconf 91' lang='lat' dir='ltr'><strong>non</strong></span> <span class='ocrx_word' id='word_1_316' title='bbox 716 4014 829 4092; x_wconf 86' lang='lat' dir='ltr'><strong>solum,</strong></span> <span class='ocrx_word' id='word_1_317' title='bbox 853 4015 928 4100; x_wconf 91' lang='lat' dir='ltr'><strong>quia</strong></span> <span class='ocrx_word' id='word_1_318' title='bbox 955 4037 1011 4078; x_wconf 84' lang='lat' dir='ltr'><strong>vos</strong></span> <span class='ocrx_word' id='word_1_319' title='bbox 1039 4014 1098 4101; x_wconf 90' lang='lat' dir='ltr'><strong>ipsi</strong></span> <span class='ocrx_word' id='word_1_320' title='bbox 1123 4015 1296 4092; x_wconf 77' lang='lat' dir='ltr'><strong>obsistitis3</strong></span> <span class='ocrx_word' id='word_1_321' title='bbox 1320 4037 1430 4079; x_wconf 86' lang='lat' dir='ltr'><strong>verum</strong></span> 
     </span>
     <span class='ocr_line' id='line_1_42' title="bbox 389 4097 1432 4187; baseline 0.004 -27"><span class='ocrx_word' id='word_1_322' title='bbox 389 4097 496 4174; x_wconf 90' lang='lat' dir='ltr'><strong>etiam,</strong></span> <span class='ocrx_word' id='word_1_323' title='bbox 512 4099 588 4184; x_wconf 87' lang='lat' dir='ltr'><strong>qaia</strong></span> <span class='ocrx_word' id='word_1_324' title='bbox 609 4100 715 4164; x_wconf 77' lang='lat' dir='ltr'><strong>caeteri</strong></span> <span class='ocrx_word' id='word_1_325' title='bbox 733 4101 849 4176; x_wconf 81' lang='lat' dir='ltr'><strong>Graeci,</strong></span> <span class='ocrx_word' id='word_1_326' title='bbox 866 4123 946 4187; x_wconf 87' lang='lat' dir='ltr'><strong>quos</strong></span> <span class='ocrx_word' id='word_1_327' title='bbox 965 4099 1071 4178; x_wconf 90' lang='lat' dir='ltr'><strong>adibo,</strong></span> <span class='ocrx_word' id='word_1_328' title='bbox 1095 4123 1128 4166; x_wconf 90' lang='lat' dir='ltr'><strong>se</strong></span> <span class='ocrx_word' id='word_1_329' title='bbox 1149 4100 1228 4164; x_wconf 89' lang='lat' dir='ltr'><strong>mihi</strong></span> <span class='ocrx_word' id='word_1_330' title='bbox 1251 4101 1355 4164; x_wconf 85' lang='lat' dir='ltr'><strong>minus</strong></span> <span class='ocrx_word' id='word_1_331' title='bbox 1367 4101 1432 4164; x_wconf 85' lang='lat' dir='ltr'><strong>ad·</strong></span> 
     </span>
     <span class='ocr_line' id='line_1_43' title="bbox 384 4182 1433 4270; baseline 0.007 -25"><span class='ocrx_word' id='word_1_332' title='bbox 384 4182 536 4270; x_wconf 79' lang='lat' dir='ltr'><strong>jungent:</strong></span> <span class='ocrx_word' id='word_1_333' title='bbox 559 4205 624 4248; x_wconf 86' lang='lat' dir='ltr'><strong>cum</strong></span> <span class='ocrx_word' id='word_1_334' title='bbox 650 4187 724 4250; x_wconf 86' lang='lat' dir='ltr'><strong>aliis</strong></span> <span class='ocrx_word' id='word_1_335' title='bbox 752 4189 790 4249; x_wconf 89' lang='lat' dir='ltr'><strong>de</strong></span> <span class='ocrx_word' id='word_1_336' title='bbox 812 4190 921 4264; x_wconf 84' lang='lat' dir='ltr'><strong>causis,</strong></span> <span class='ocrx_word' id='word_1_337' title='bbox 944 4199 1012 4250; x_wconf 86' lang='lat' dir='ltr'><strong>turn</strong></span> <span class='ocrx_word' id='word_1_338' title='bbox 1038 4186 1131 4252; x_wconf 88' lang='lat' dir='ltr'><strong>etiarn</strong></span> <span class='ocrx_word' id='word_1_339' title='bbox 1158 4186 1219 4251; x_wconf 84' lang='lat' dir='ltr'><strong>hac</strong></span> <span class='ocrx_word' id='word_1_340' title='bbox 1244 4187 1433 4252; x_wconf 77' lang='lat' dir='ltr'><strong>difficrdtste</strong></span> 
     </span>
     <span class='ocr_line' id='line_1_44' title="bbox 389 4269 1434 4360; baseline 0.006 -28"><span class='ocrx_word' id='word_1_341' title='bbox 389 4271 536 4351; x_wconf 88' lang='lat' dir='ltr'><strong>permoti,</strong></span> <span class='ocrx_word' id='word_1_342' title='bbox 553 4269 640 4355; x_wconf 91' lang='lat' dir='ltr'><strong>quod</strong></span> <span class='ocrx_word' id='word_1_343' title='bbox 658 4293 722 4349; x_wconf 86' lang='lat' dir='ltr'><strong>vos,</strong></span> <span class='ocrx_word' id='word_1_344' title='bbox 738 4271 779 4336; x_wconf 88' lang='lat' dir='ltr'><strong>ad</strong></span> <span class='ocrx_word' id='word_1_345' title='bbox 801 4294 880 4358; x_wconf 91' lang='lat' dir='ltr'><strong>quos</strong></span> <span class='ocrx_word' id='word_1_346' title='bbox 903 4273 1039 4357; x_wconf 87' lang='lat' dir='ltr'><strong>primurn</strong></span> <span class='ocrx_word' id='word_1_347' title='bbox 1055 4273 1182 4350; x_wconf 87' lang='lat' dir='ltr'><strong>accessi,</strong></span> <span class='ocrx_word' id='word_1_348' title='bbox 1198 4274 1301 4360; x_wconf 91' lang='lat' dir='ltr'><strong>etqui</strong></span> <span class='ocrx_word' id='word_1_349' title='bbox 1316 4271 1434 4340; x_wconf 86' lang='lat' dir='ltr'><strong>urbem</strong></span> 
     </span>
    </p>
   </div>
   <div class='ocr_carea' id='block_1_5' title="bbox 0 0 1509 4788">
    <p class='ocr_par' dir='ltr' id='par_1_9' title="bbox 0 0 1509 4788">
     <span class='ocr_line' id='line_1_45' title="bbox 0 0 1509 4788; baseline 0 0"><span class='ocrx_word' id='word_1_350' title='bbox 0 0 1509 4788; x_wconf 95' lang='lat' dir='ltr'><strong> </strong></span> 
     </span>
    </p>
   </div>
  </div>
 </body>
</html>
