2990 4792
352 293 397 352 ss
532 239 535 247 ’
717 275 1026 358 ruucrmnrs

257 457 318 508 Μ·
352 455 438 534 Chii,
454 457 574 536 Lesbii,
592 455 792 536 Plataeenscs,
818 456 982 536 Messenii,
1002 459 1058 560 qui
1081 458 1289 544 Naupactum
1305 463 1393 528 inco·

244 525 327 638 Ἠ
350 542 432 645 lent,
457 547 661 645 Acarnanpm
686 543 842 644 pleriquq
865 544 1052 648 Corcyram,¹
1065 545 1242 648 quyntlrii,
1267 549 1393 650 set-alise

115 729 122 739 .
348 643 592 804 nerent
607 631 1393 797 stunt

247 781 323 898 ξιξ
347 803 430 881 timi,
453 802 555 881 Ionis,
619 802 823 888 ellespontus,
849 802 1000 869 Thracise
1031 803 1135 881 urbes,
1159 818 1191 869 et
1216 805 1392 872 insularum

257 883 323 978 ⁸²2?
350 903 506 976 quotquot
528 893 610 954 intra
633 888 889 974 Peloponnesum
910 904 942 954 et
961 890 1092 956 Cretam
1108 890 1149 955 ad
1172 891 1269 956 solem
1285 894 1393 957 orien-

348 989 413 1042 tem
427 989 575 1064 vergunt,
590 989 623 1040 et
640 994 767 1041 creseroe
781 997 891 1042 omnes
911 974 1077 1062 Cyclades,
1098 978 1237 1062 exceptis
1254 977 1347 1045 Melo
1361 995 1393 1046 et

349 1061 471 1128 Thera
516 1062 569 1128 Ex
584 1061 635 1126 his
646 1084 743 1127 neres
754 1061 960 1146 praebuerunt
975 1060 1062 1140 Chii,
1076 1061 1195 1143 Lesbii,
1212 1063 1390 1152 Corcyraei3

343 1151 454 1216 ceteri
470 1171 546 1214 vero
556 1149 734 1234 peditatum
749 1163 782 1214 et
794 1152 954 1232 pecumm
1001 1152 1108 1235 Atque
1122 1149 1155 1214 hi
1165 1148 1294 1218 fuerunt
1305 1167 1392 1218 utro-

349 1257 484 1322 rumque
498 1237 586 1310 socii,
602 1247 635 1299 et
649 1247 820 1321 apparatus
832 1234 874 1300 ad
890 1235 1021 1301 bellurn.

395 1331 444 1388 10.
468 1321 706 1386 Lacedaemonii
723 1343 807 1396 vero,
825 1335 896 1405 post
909 1321 980 1386 haec
992 1323 1031 1386 ed
1047 1321 1182 1388 Plataess
1196 1337 1295 1408 gesta,
1311 1347 1390 1390 con·

348 1409 441 1474 tinuo
454 1408 574 1472 nuntiis
583 1409 685 1472 missis
697 1409 781 1472 circs
794 1407 1050 1492 Peloponnesum
1062 1422 1216 1498 stagnum
1228 1411 1391 1493 socialem,

348 1497 404 1581 qui
415 1512 507 1560 extra
523 1496 765 1578 Peloponnesum
780 1507 857 1571 erut,
870 1493 1067 1578 imperarunt
1080 1497 1270 1573 civitatibus,
1287 1511 1323 1562 ut
1334 1520 1391 1582 pa-

349 1594 457 1647 rarent
473 1581 658 1657 exercitum,
675 1595 708 1646 et
717 1603 771 1644 res
781 1582 980 1657 necessarias,
992 1581 1262 1666 quemadmodum
1274 1603 1391 1669 parare

346 1668 481 1734 decebat
490 1666 532 1733 ud
545 1665 781 1752 expeditionem
792 1665 971 1730 faciendam
981 1679 1077 1730 extra
1084 1668 1291 1752 Peloponnesi
1300 1671 1389 1748 fines,

348 1772 385 1820 nt
399 1754 609 1840 irruptionem
628 1753 661 1816 in
677 1753 819 1819 Atticam
833 1752 958 1817 facturi.
1004 1751 1179 1840 Postquam
1200 1769 1306 1821 nutem
1323 1757 1390 1822 sin·

345 1841 431 1930 gulis
444 1840 486 1907 ad
501 1839 710 1924 praestitutam
724 1839 810 1905 diem
827 1852 938 1924 perata
953 1837 1092 1918 fuerunt,
1108 1861 1150 1906 ex
1164 1841 1296 1930 singulis
1311 1843 1389 1908 civi·

345 1928 464 1994 tatibus
473 1927 548 1992 duee
562 1940 667 2012 partes
679 1926 721 1992 ad
734 1925 891 1991 Isthmum
903 1942 1131 1992 conuenerunt.
1165 1927 1390 2018 Omnibusque

346 2015 447 2100 copiis
455 2016 524 2101 jam
538 2013 573 2076 in
582 2035 681 2078 unum
693 2012 799 2077 locum
810 2013 938 2094 enectis,
952 2012 1167 2080 Archidamus
1180 2013 1388 2080 Lacedsemo-

344 2103 474 2167 nicrum
498 2101 582 2177 Rex,
599 2099 694 2185 hujus
708 2097 918 2185 expeditionis
934 2099 1025 2177 Dux,
1040 2102 1223 2166 convocetis
1242 2106 1386 2168 omnium

345 2188 511 2252 civitatum
536 2185 742 2262 Praetoribus,
758 2196 791 2249 et
810 2185 866 2270 qui
880 2207 1005 2251 summe
1025 2185 1181 2276 dignitate
1193 2187 1323 2272 praediti
1340 2189 1388 2254 fo-

338 2289 421 2350 rent,
439 2295 559 2360 quosve
572 2271 712 2336 maxime
733 2271 941 2338 conveniebat
956 2272 1075 2351 adesse,
1092 2273 1126 2338 in
1147 2271 1235 2339 hono
1252 2273 1385 2342 modum

345 2359 421 2428 estl
465 2373 570 2425 unlus.

392 2381 593 2512 llquosrnt
610 2466 738 2532 quoque
759 2448 904 2532 majores,
921 2447 983 2510 viri
1003 2446 1228 2532 Peloponnesii
1250 2461 1282 2514 et
1296 2450 1385 2528 socii,

345 2533 461 2600 multas
474 2531 691 2617 expeditiones
712 2547 781 2597 tum
804 2533 837 2596 in
859 2535 928 2618 ipsa
950 2532 1184 2619 Peloponneso,
1201 2549 1267 2600 tum
1294 2549 1388 2602 extre

343 2643 412 2684 eam
424 2619 587 2697 iecerunt3
611 2620 711 2705 etqui
726 2618 766 2682 de
781 2619 875 2684 nobis
889 2619 964 2706 ipsis
978 2631 1073 2684 erate
1087 2633 1161 2686 sunt
1175 2626 1387 2706 provectiore,

345 2727 451 2771 mrum
463 2705 648 2770 bellicarum
657 2725 724 2769 non
734 2717 809 2770 sunt
817 2705 976 2790 imperiti:
1000 2720 1207 2772 veruntamen
1220 2729 1386 2798 nunquam

344 2813 419 2857 oum
433 2804 600 2877 apparatu,
613 2792 667 2878 qui
682 2806 766 2856 esset
778 2790 842 2856 hoc
857 2793 968 2878 major,
983 2815 1092 2858 snmus
1106 2795 1232 2881 egressi.
1278 2795 1388 2873 Quin·

343 2881 438 2944 etiam
465 2877 615 2942 adversos
639 2878 891 2963 potentissimam
916 2879 1075 2946 civitatem
1099 2902 1185 2946 nunc
1210 2882 1387 2966 proficisci·

343 2963 869 3135 ttstllttttfflttttt
881 2964 1388 3138 trttttttt‘ttltltl·
1491 2973 1494 2982 ’

343 3138 403 3203 bus
418 3137 592 3202 deteriores
615 3159 692 3213 esse,
708 3157 729 3199 n
772 3157 812 3200 ue
832 3136 996 3202 inferiores
1011 3137 1126 3224 glorie,
1140 3075 1213 3227 qlrd·
1228 3141 1269 3206 de
1290 3077 1387 3208 dubis

342 3224 460 3309 passim
486 3221 717 3288 circumfertur.
796 3243 848 3287 am
879 3224 1024 3288 universa
1050 3225 1179 3291 Groneia
1202 3227 1264 3292 lroc
1293 3242 1385 3296 motu

342 3324 464 3376 mentes
483 3308 719 3393 exspectatione
740 3321 860 3374 erectas
882 3309 987 3396 babet,
1012 3331 1050 3376 ac
1071 3312 1215 3377 animum
1239 3315 1385 3393 advertit,

341 3412 511 3483 speratque
538 3406 672 3480 propter
699 3393 819 3473 odium,
840 3415 905 3482 quo
931 3395 1142 3463 Athenienses
1171 3403 1386 3488 persequitur,

343 3506 402 3547 nos
426 3505 469 3546 ex
493 3481 590 3544 animi
616 3479 772 3546 sententia
797 3503 863 3545 rem
890 3499 1045 3570 gesturos
1097 3481 1253 3560 Quamvis
1282 3488 1386 3578 igitur

342 3568 438 3633 alicui
461 3566 626 3631 videamur
651 3566 702 3630 vel
723 3567 863 3634 maximo
884 3589 957 3632 oum
983 3569 1125 3654 exercitu
1149 3586 1263 3638 contra
1283 3575 1387 3642 hostes

340 3652 510 3741 proficisci,
535 3652 808 3737 .qunmvis·etiam
838 3652 917 3719 illud
947 3657 1178 3742 propemodum
1208 3681 1269 3745 pro
1293 3681 1386 3728 com·

339 3753 433 3825 parto
448 3739 592 3804 ridentur
613 3737 809 3816 habendum,
825 3761 879 3804 eos
898 3741 1065 3807 nobiscum
1083 3765 1196 3809 manus
1214 3767 1385 3815 conserere

339 3847 405 3890 nnn
420 3847 572 3891 ausuros:
595 3847 662 3890 non
677 3838 783 3890 tamen
799 3825 873 3891 ideo
885 3840 1013 3917 oportet
1026 3849 1087 3894 nos
1104 3831 1318 3920 negligentius
1332 3835 1384 3902 in-

338 3927 476 3978 structos
491 3931 565 3976 curn
587 3911 649 4002 illis
669 3933 783 3977 manns
803 3933 988 3978 conserere:
1012 3915 1066 3981 sed
1081 3929 1113 3980 et
1136 3918 1384 4008 uniuscujusque

337 3998 473 4064 civitatis
492 4009 556 4063 tam
572 3997 687 4100 ducem
708 4020 809 4100 quam·
825 3998 968 4100 militem,
984 4002 1017 4066 in
1038 4024 1097 4068 suo
1110 4005 1239 4088 agmine
1255 4029 1384 4094 semper

337 4085 1262 4272 tttttt‘t1ttt“t:2¹„t¹t⁰.,”t²tmtqtttttt.
1279 4093 1381 4247 dil

337 4273 501 4358 etlmagno
523 4257 620 4322 enirni
640 4257 755 4322 ardore
776 4259 872 4343 primi
894 4273 1033 4347 impetus
1058 4265 1157 4332 liunt:
1182 4287 1266 4352 saepe
1281 4268 1378 4333 etism
