2964 4786
475 277 721 348 HisToitiAE
744 278 915 350 LIB.V1.
1142 289 1202 352 891

164 438 297 544 ineunte
317 445 435 514 bellum
466 451 587 519 inituri.
632 453 903 540 Syracusanorum
926 472 1002 519 vern
1022 452 1128 542 legati,
1150 453 1206 540 qui
1237 461 1299 512 neu

167 525 363 598 Corinthum
392 549 424 600 et
447 535 712 604 Lacedaemonem
743 540 829 604 missi
856 537 992 617 fiierant,
1017 540 1094 605 dum
1121 561 1207 605 orari
1227 528 1310 588 ΜΨ

164 614 274 717 Italiae
288 623 604 702 praeterveherentur,
622 623 713 689 Italis
734 625 925 709 persuadere
946 638 1020 692 suut
1034 627 1151 704 conati,
1166 647 1209 692 nc
1223 592 1320 718 5¹1¹}ssss

162 697 858 874 iiiiii'ilnliel?ieibtilliilfflllll
872 710 1106 862 3ζὲἒὲὶέῒά
1123 713 1208 862 tl
1232 720 1309 832 ili

164 884 274 938 autern
299 875 492 970 Corinthum
513 817 851 982 pmeniaheneplhba
872 881 1025 960 fecerunt,
1047 844 1210 968 pbstulan·
1236 847 1310 961 ξπ

165 969 226 1056 ῑςε,
252 971 288 1024 ut
311 983 372 1046 pio
394 967 593 1052 cognationis
611 969 687 1053 jure
711 967 770 1032 sibi
795 965 948 1032 auxilium
971 965 1100 1034 ferrent.
1145 967 1211 1032 Cn·

166 1045 280 1110 cinthii
308 1069 384 1114 rme
411 1051 577 1117 confestim
605 1067 638 1116 et
665 1053 726 1138 ipsi
755 1053 852 1136 primi
881 1052 1091 1118 decnverunt
1121 1054 1211 1118 omni

165 1129 275 1228 studio
290 1136 549 1236 succurrendum,
565 1149 597 1202 et
611 1157 684 1202 cuin
707 1137 784 1223 ipsis
806 1137 929 1225 legatos
944 1137 1210 1242 Lacedaemonem

166 1220 480 1372 atttriti?
495 1221 1211 1395 ltiliifflltluttt‘ttlltsst

168 1387 313 1454 Siciliain
327 1391 519 1458 mittendum
541 1393 739 1460 inducerent.
783 1393 828 1458 Et
848 1415 921 1460 cum
939 1393 1099 1459 Corinthii
1114 1393 1212 1480 legati

167 1471 437 1542 hwaemnuem
451 1491 613 1556 venerunt,
626 1491 694 1545 tuin
709 1480 805 1545 etiam
822 1477 1004 1545 Alcibiades
1020 1498 1093 1544 cuni
1109 1478 1213 1544 exsilii

167 1560 266 1624 sociis
279 1573 358 1627 tunc
372 1565 478 1629 statim
493 1566 638 1630 oneraria
652 1565 725 1630 navi
747 1564 897 1630 advectus
919 1565 1059 1650 primuni
1075 1587 1117 1629 eir
1133 1585 1213 1652 egro

168 1643 301 1710 Thurin
313 1647 354 1712 ad
367 1649 522 1734 Cyllenen
537 1650 606 1738 agri
622 1649 703 1728 Elei,
716 1671 793 1714 mox
806 1649 923 1716 deinde
936 1650 1213 1727 Lacedaemonem,

167 1730 214 1795 ab
232 1732 307 1815 ipsis
323 1732 576 1802 lacedaemoniis
590 1737 720 1814 accitus,
731 1735 807 1800 data
820 1735 950 1822 publica
964 1734 1029 1799 lide
1041 1733 1214 1819 profectus.

169 1815 252 1880 Illos
278 1819 363 1884 enini
394 1821 554 1887 metuebat
606 1833 713 1907 rnpter
736 1843 784 1885 res
809 1819 850 1886 ad
875 1820 1077 1886 Mantineam
1098 1831 1214 1908 gestus.

170 1901 321 2004 (Joutigit
334 1919 453 1984 autem,
469 1919 506 1972 ut
526 1906 560 1972 iii
581 1841 901 1973 lacmaemoniorum
923 1905 1086 1981 concione,
1102 1915 1135 1969 ct
1150 1904 1216 1969 Co·

168 1987 285 2054 nathir
299 2001 332 2054 et
346 1991 538 2076 Syracusani
560 2003 593 2058 et
611 1991 795 2059 Alcibiades
815 1991 925 2057 eadem
948 2001 1098 2076 rogantes
1114 1989 1216 2054 Lace·

169 2071 340 2140 daemnniis
365 2078 604 2161 persuaderent.
650 2078 735 2144 Cum
759 2089 866 2142 autem
890 2074 1014 2160 Ephori
1035 2087 1067 2140 et
1090 2074 1215 2176 Magis-

170 2169 276 2225 tratus
289 2161 324 2226 in
338 2163 445 2228 animo
459 2163 614 2230 haberent
628 2165 749 2251 legatos
766 2161 891 2229 mittere
907 2163 1090 2249 Syracusas,
1108 2172 1143 2225 ut
1156 2181 1217 2225 ini·

170 2245 331 2330 peditent,
348 2269 389 2312 ns
410 2271 484 2314 cum
498 2249 746 2315 Atheniensibus
767 2248 1012 2334 paciscerentur,
1027 2267 1087 2311 nec
1109 2259 1216 2313 tamen

169 2331 219 2396 ad
233 2353 327 2417 opem
345 2332 506 2400 ferendam
529 2335 636 2400 aiumc
658 2345 762 2398 essnit
782 2345 929 2418 promto:
952 2342 1024 2397 tunc
1038 2331 1217 2396 Alcibiades

171 2417 210 2482 in
238 2417 377 2486 medium
402 2442 592 2510 progressus
618 2418 881 2486 Lacedaeninnins
905 2416 1088 2505 hujusmodi
1113 2415 1218 2482 verbis

150 2511 164 2526 “
172 2505 303 2570 exacuit
316 2517 349 2571 et
362 2508 521 2572 excitavit.

221 2599 275 2656 89.
297 2599 320 2634 ‘⁶
332 2593 484 2658 Necesse
506 2605 564 2670 est,
582 2615 633 2658 me
645 2593 695 2658 de
716 2613 788 2657 mea
808 2589 1031 2656 criminatione
1052 2585 1139 2674 apud
1160 2607 1218 2651 vna

172 2675 317 2762 primum
334 2677 432 2742 rerba
445 2677 558 2756 lacere,
573 2700 615 2743 ne
626 2689 761 2778 propter
775 2675 967 2762 suspiciones
981 2675 1023 2740 de
1036 2695 1089 2738 nie
1107 2691 1220 2770 coum·

174 2773 261 2848 ptus,
276 2762 436 2848 publicam
451 2785 578 2830 musam
593 2763 746 2829 alieniore
759 2763 868 2829 auimo
881 2761 1026 2827 audhtii.
1064 2758 1222 2836 Quamvis

171 2847 265 2914 enim
280 2848 342 2913 mei
356 2851 491 2936 majores
512 2849 677 2936 publicum
700 2861 813 2914 vestris
834 2847 970 2914 civitatis
989 2844 1164 2930 hospitium
1179 2841 1222 2906 ob

174 2932 341 3020 quoddam
356 2935 476 3001 crimen
492 2936 581 3002 vobis
601 2935 845 3010 renuntiassent,
861 2953 923 3020 ego
944 2945 1052 2998 temeri
1068 2932 1137 3015 ipsa
1150 2947 1222 2992 rur-

176 3040 236 3084 sus
264 3020 320 3084 linc
348 3020 536 3100 inuenians,
559 3043 615 3085 ros
635 3018 779 3084 colebam
801 3039 875 3083 cuin
895 3017 976 3095 aliia,
999 3029 1067 3081 tum
1089 3033 1166 3079 vero
1186 3012 1223 3076 iu

176 3105 283 3182 clade,
305 3127 402 3192 quam
424 3106 466 3172 ad
490 3107 607 3194 Pylum
633 3104 805 3189 accepistis.
850 3101 895 3168 Et
919 3123 992 3167 cum
1017 3102 1049 3165 iii
1074 3097 1137 3164 hoc
1161 3117 1223 3185 ege

177 3189 290 3258 studio
311 3213 555 3277 perseverarem,
570 3213 627 3256 vna
647 3189 689 3254 de
710 3187 943 3274 compositione
956 3205 1030 3251 cum
1045 3182 1224 3249 Athenien·

177 3275 270 3343 sibus
292 3291 432 3365 agentes,
447 3277 584 3344 inimicis
606 3274 735 3363 quidam
756 3274 845 3352 meis,
861 3293 897 3337 re
915 3291 974 3373 per
992 3270 1078 3372 ipsos
1092 3278 1224 3346 tentata,

177 3363 376 3449 potentiam
400 3365 480 3437 mihi
503 3365 614 3440 rero‚i
639 3360 813 3426 uominiam
836 3356 1038 3424 conciliastis.
1083 3353 1127 3418 Et
1148 3373 1226 3438 prc-

177 3460 302 3535 pterea,
317 3471 392 3514 cum
413 3450 449 3514 in
470 3471 520 3527 en,
542 3471 586 3535 qu
651 3445 694 3512 ad
717 3445 959 3511 Mantiueoium
979 3452 1012 3506 et
1030 3438 1226 3527 Argivorum

178 3547 290 3621 partes
311 3535 500 3614 transierim,
515 3547 584 3601 tuni
607 3534 702 3599 etiam
725 3533 758 3596 in
780 3529 903 3596 ceteris
925 3527 1031 3604 rebus,
1052 3525 1086 3589 in
1108 3523 1226 3608 quibus

180 3643 248 3724 ego
263 3619 352 3686 robis
365 3643 435 3686 suin
457 3621 649 3697 adversatus,
665 3639 686 3682 a
706 3638 759 3681 me
776 3615 851 3703 jure
872 3615 938 3680 laesi
958 3612 1071 3677 fuistis.
1087 3695 1096 3710 ο
1115 3608 1228 3686 Quare

179 3729 211 3775 si
227 3705 298 3792 quis
308 3719 396 3784 tnnc,
407 3707 485 3772 duni
500 3707 652 3772 damnum
663 3703 831 3787 acciperet,
844 3698 1004 3766 immerito
1017 3697 1098 3798 inihi
1111 3696 1227 3760 irasce-

180 3795 292 3870 batur,
307 3815 393 3858 nunc
406 3815 470 3857 rem
488 3812 562 3858 cuni
579 3790 712 3856 raritate
733 3787 929 3864 examinans,
946 3793 1134 3850 sententiam
1158 3801 1228 3846 mu·

180 3891 244 3947 tet.
289 3881 357 3944 Aut
371 3879 397 3943 si
413 3880 493 3964 quis,
509 3877 596 3964 quod
610 3875 778 3942 fannonem
797 3873 983 3958 popularem
1007 3869 1124 3954 potius,
1138 3887 1229 3951 piam

175 3954 1231 4127 Ρῖᾚέῗῖἷῗᾮᾱΐὲξὲ-Ξᾚῗῖἕῖεᾶῖἒῗῖὣὶἴ

183 4077 287 4203 luisse
300 4136 407 4201 ducat.
447 4073 580 4220 Seliiper
593 4131 680 4199 enim
694 4129 837 4218 tyrannis
850 4125 967 4192 fuimus
980 4122 1094 4189 infesti.
1116 4119 1233 4221 'Quic-

186 4222 272 4312 quid
300 4223 385 4289 cuim
416 4223 558 4309 tyrannis
587 4219 781 4294 adversatur,
810 4215 844 4280 id
873 4213 1010 4300 populus
1038 4218 1232 4275 nominetur.

671 4325 689 4368 c
704 4323 722 4367 c
738 4315 758 4367 ¹l·
