2996 4782
343 297 385 356 34
708 281 1008 351 THUCYDIDIS

342 461 491 546 ipsosque
505 457 550 520 ud
562 456 681 534 bellum,
697 429 816 520 §forte
828 473 871 519 ιιιι
895 477 969 520 uem
983 455 1070 520 bello
1088 457 1295 542 appetantur,
1315 457 1385 542 jam

343 545 466 633 pridem
478 557 676 628 praepsmos
691 539 830 606 videti?
906 563 942 607 ec
955 543 1041 606 enim
1061 541 1147 606 Coro
1168 563 1237 607 ram
1255 541 1342 607 elam
1356 552 1388 606 et

341 653 405 718 per
417 632 518 694 dalton
532 641 660 714 captam
668 629 761 693 nobis
771 628 878 692 invitis
889 629 1072 705 retulerant,
1083 640 1116 692 et
1181 629 1314 694 sunam
1327 628 1389 693 ob-

345 718 500 784 siderent:
525 735 659 802 querum
670 715 797 779 urbium
810 714 908 778 altera
917 714 1045 800 quidem
1057 727 1105 778 est
1116 714 1390 800 opportunissima

345 804 387 870 ad
401 825 452 868 res
467 801 619 866 Thraoiae
628 800 827 878 obtinendas,
841 801 888 864 ita
898 814 935 865 ut
945 800 1007 864 illis
1016 799 1145 864 liberius
1156 801 1200 864 uti
1210 801 1387 884 possimus;

344 891 532 956 sltemvero
546 887 719 952 maximam
735 887 868 952 classem
891 886 1130 972 Peloponnesiis
1153 887 1189 951 is
1208 887 1288 951 bello
1310 904 1389 972 sup·

344 977 610 1146 welmare
624 1079 678 1124 vos
694 1059 752 1144 ipsi
767 1079 874 1123 rerum
885 1059 1017 1122 istsrum
1031 1059 1275 1138 miserrumam,
1292 1058 1348 1144 qui
1358 1069 1390 1122 et

346 1149 578 1234 mnoprimum
599 1158 738 1230 eospost
753 1143 870 1210 bollum
888 1143 1051 1209 Medicum
1068 1144 1178 1209 urbem
1204 1165 1292 1210 uass
1318 1165 1391 1207 mu·

345 1236 425 1312 uite,
436 1247 468 1298 et
478 1247 589 1320 postea
596 1231 709 1320 longos
718 1251 828 1295 muros
842 1229 1093 1318 adilioasepaui
1108 1231 1201 1307 estis3
1220 1228 1392 1316 quiqueol

346 1317 651 1472 tlm‘dltl
662 1315 1394 1480 l'ss‘nffilslb‘ffiffsslffllsss

346 1427 597 1558 varmum
642 1489 727 1554 Nam
742 1509 808 1552 non
828 1489 865 1566 is,
885 1488 939 1573 qui
953 1425 1034 1554 ciliis
1047 1489 1080 1552 in
1104 1489 1289 1554 semiustam
1305 1488 1393 1552 redi·

347 1581 415 1668 [p'tt
439 1579 492 1642 sed
507 1577 664 1680 ,ispotiua
680 1574 735 1662 qui
749 1587 854 1660 potest
872 1573 1000 1660 quidem
1014 1577 1070 1639 hoe
1083 1575 1251 1660 impedire,
1268 1573 1325 1678 ⁸5³
1340 1585 1392 1674 ἐφ’

347 1660 1393 1832 untmtstlffimtptlfflzfflut

349 1836 439 1900 istius
454 1833 556 1900 laudis
570 1834 697 1898 titulum
711 1853 782 1919 pre
796 1855 830 1898 se
841 1831 932 1898 ferat
977 1833 1043 1896 Vix
1058 1831 1185 1898 undem
1201 1855 1278 1897 vero
1302 1853 1393 1897 nune

348 1933 534 2072 stete·
553 1919 1394 2071 nonnulluuunuumtu

345 2093 432 2181 Juris
445 2091 599 2157 fuerimus
613 2091 735 2156 affecti:
758 2027 819 2155 sed
828 2111 892 2176 qua
913 2091 1037 2156 ratione
1055 2093 1143 2156 ellam
1166 2049 1277 2156 ulos’ci
1293 2113 1395 2177 ques-

349 2199 430 2243 mus.
475 2179 542 2254 Qui
563 2178 649 2242 enirn
671 2179 736 2241 lroec
753 2176 885 2252 lireiunt,
901 2197 936 2241 re
950 2177 1018 2263 jam
1040 2177 1227 2254 deliberata,
1240 2178 1394 2242 minime·

349 2285 413 2352 que
426 2277 611 2328 veneuntes
624 2263 778 2327 invadunt
790 2262 944 2340 hommes,
956 2264 1011 2349 qui
1025 2263 1105 2328 nihil
1115 2263 1314 2342 cenisdhuc
1327 2275 1395 2328 sta·

350 2361 492 2416 suerunt.
536 2349 663 2414 Scimus
678 2361 782 2413 autent
798 2369 862 2434 qua
883 2349 944 2426 vla,
969 2360 1001 2412 et
1026 2371 1090 2435 quo
1114 2349 1213 2414 modo
1232 2349 1395 2434 paulatim

352 2435 563 2500 Atheniense
576 2435 609 2497 in
625 2435 703 2498 alios
723 2446 915 2522 grassentur.
961 2433 1005 2500 Et
1018 2435 1173 2521 quamdiu
1187 2436 1321 2524 quidem
1335 2457 1396 2500 sua

351 2520 503 2596 facinora,
517 2532 648 2605 propter
664 2535 800 2585 vestrum
809 2533 860 2584 sta
922 2541 982 2597 eru,
995 2521 1122 2587 occulta
1134 2521 1205 2586 iore
1215 2521 1394 2609 putabunt,

351 2607 460 2672 minus
480 2606 615 2670 audaces
629 2621 740 2671 esunt:
764 2605 819 2670 sed
844 2627 864 2670 u
888 2606 899 2668 i
921 2609 1140 2694 cognoverint,
1155 2631 1212 2672 vos
1232 2609 1307 2672 boee
1322 2608 1397 2694 qui·

351 2691 427 2757 desa
442 2692 532 2768 seire,
549 2692 603 2754 sed
618 2691 795 2778 negligam
812 2701 894 2756 ‘tunc
909 2713 975 2755 nem
1000 2693 1203 2759 vehementer
1218 2694 1396 2782 urgebunt.

354 2777 424 2842 Vos
438 2776 524 2840 eninr
541 2776 599 2841 soli
614 2777 815 2852 Grsaoorum,
832 2776 1082 2860 Lacedaemonii,
1097 2780 1222 2845 desides
1236 2803 1276 2844 ac
1298 2783 1398 2846 otiosi

350 2863 449 2938 estin
468 2860 548 2926 alios
568 2881 634 2925 nou
654 2882 807 2927 otmarum
822 2863 862 2940 vi,
884 2861 939 2926 sed
962 2867 1165 2930 cunctatione
1191 2866 1396 2932 ulciscentes.

356 2949 401 3015 Et
414 2947 473 3012 soli
497 2946 635 3012 hostium
651 2949 732 3012 vires
746 2969 811 3011 non
831 2961 1006 3014 crescentes
1022 2973 1060 3015 oc
1074 2953 1223 3035 itfimos,
1246 2952 1304 3017 aed
1319 2953 1396 3038 jum

350 3033 530 3119 duplicatas
546 3053 689 3099 eeermm
708 3034 773 3098 itis.
818 3035 915 3120 Atqui
941 3037 1025 3100 cauti
1044 3047 1074 3100 et
1101 3040 1313 3122 cirmmspecti
1327 3061 1398 3104 ease

350 3119 558 3185 fatebaminis
580 3118 622 3184 de
640 3121 753 3208 quibus
767 3119 910 3204 profecto
921 3141 1030 3186 rumor
1043 3123 1225 3211 divulgatus
1250 3145 1322 3188 retu
1345 3127 1396 3209 ip·

352 3227 419 3271 sam
515 3203 615 3269 rabat.
660 3206 743 3269 Nam
755 3221 786 3268 et
800 3227 859 3270 nos
873 3207 1071 3290 ipsissimus,
1088 3209 1397 3277 Medumabextre-

352 3294 414 3358 mis
435 3313 475 3355 oe
498 3293 523 3356 is
543 3304 697 3356 terrarum
715 3291 858 3374 partibus
879 3294 951 3356 olim
968 3293 1002 3356 in
1027 3293 1283 3379 Peloponnesum
1298 3298 1397 3383 prius

356 3377 489 3454 venisse,
498 3398 594 3463 quam
605 3398 660 3440 vos
670 3397 731 3462 pro
742 3377 835 3458 Reip.
847 3375 1001 3464 dignitate
1010 3382 1201 3446 cumvestris
1216 3383 1321 3468 copiis
1335 3383 1398 3448 ob-

355 3463 441 3526 viam
460 3462 639 3546 prodiretis.
685 3462 781 3526 Nunc
794 3463 888 3526 etiam
903 3463 1112 3532 Athenienses
1125 3489 1148 3530 a
1163 3469 1247 3534 nobes
1261 3491 1329 3534 non
1347 3491 1398 3535 re·

350 3561 469 3622 motos
484 3555 532 3630 (ut
542 3546 778 3628 instauraret)
790 3544 843 3612 sed
854 3549 1163 3638 vieinosnegligitis3
1181 3568 1284 3638 etpro
1294 3555 1399 3640 bello,

351 3631 441 3718 quod
457 3653 513 3696 vos
529 3631 590 3695 illis
605 3631 721 3697 inlerre
734 3633 907 3714 debebatis,
924 3633 993 3700 illos
1007 3657 1097 3702 arma
1116 3639 1206 3704 robis
1221 3641 1398 3708 irtferentes

352 3718 552 3804 propulsare,
562 3730 594 3782 et
602 3731 760 3783 certantes
768 3739 841 3782 oum
852 3719 1044 3801 hominibus,
1056 3726 1112 3812 qui
1121 3747 1202 3790 mac
1212 3729 1306 3812 large
1321 3743 1399 3794 sunt

350 3804 557 3888 potentiores,
570 3825 659 3887 quan
671 3805 880 3888 antefioerinn
892 3806 1174 3876 incertosfortunae
1185 3835 1277 3878 ossus
1287 3815 1399 3880 subire

353 3889 520 3954 mavultis:
533 3889 787 3974 quamvissoiutis
797 3889 845 3954 vel
857 3890 960 3974 ipsum
970 3893 1141 3960 barbarum
1151 3921 1208 3963 sua
1217 3901 1399 3985 ipsiuseul·

352 3993 397 4076 ps
411 3975 598 4061 plerumque
616 3973 793 4050 offendisse,
808 3975 982 4059 quinetiam
997 3982 1152 4066 nosipsos
1166 3985 1201 4048 in
1217 3986 1308 4050 ballo
1318 4008 1397 4052 uun

353 4061 430 4145 ipsis
441 4061 687 4125 Atheniensibus
697 4073 796 4146 gesto,
808 4063 948 4142 ipsorum
960 4067 1072 4130 enatis
1082 4069 1199 4152 potius,
1213 4093 1311 4157 quam
1327 4096 1400 4140 ves.

353 4147 410 4210 tris
424 4147 551 4210 auxiliis
557 4147 625 4232 jam
641 4169 726 4232 saepe
737 4146 900 4209 victoriam
916 4147 957 4211 ab
971 4149 1032 4215 illis
1048 4168 1236 4238 reportasse.
1285 4159 1397 4246 Siqui-

350 4231 423 4296 dem
435 4245 537 4296 vostra
551 4233 671 4296 auxilia
685 4231 880 4315 speratajam
896 4237 1067 4302 nonnullos
1080 4239 1188 4307 adhuc
1202 4243 1409 4329 imparatos,.
