2964 4786
416 307 661 373 HISTORIAE
686 307 776 374 Ltss.
801 307 859 372 VI.
1100 319 1163 374 389

127 474 226 551 Mem»
255 473 397 562 utrisque
425 490 569 545 nostrum
597 499 658 564 ope
686 491 798 546 mutua
822 489 979 564 paratam,
1005 478 1165 565 prodetis:
1200 493 1263 542 set.

126 559 178 624 sod
201 559 396 639 existimetis,
419 562 489 628 istis
511 565 651 651 quidem,
675 567 725 630 vel
750 565 818 630 sine
843 566 1003 630 sociorum
1029 565 1166 643 auxiliis,
1184 555 1272 670 2:1⁰¹}ss

4 715 7 726 ¹
126 658 254 730 propter
275 648 523 727 multitudinem,
540 651 626 725 viem
646 651 796 716 adsersus
811 674 865 716 vos
887 673 1014 736 semper¹
1033 651 1166 736 expedi-
1183 652 1223 734 01’
1231 653 1284 748 ὤμ’,

1 771 8 814 3
126 744 190 796 tam
205 754 293 808 esse;
315 735 404 798 vobis
416 756 494 800 vero
508 757 574 800 non
590 759 715 822 semper
736 736 875 802 futuram
895 737 1077 802 facultatem
1092 759 1165 803 cum
1191 703 1267 800 tit

0 895 12 904 Η
126 828 173 882 tot
196 818 406 886 auxiliaribus
428 822 529 905 copiis
551 844 600 887 eos
626 822 844 908 propulsandi.
890 823 980 899 Quas
1001 825 1027 888 si
1050 825 1099 893 vel
1123 825 1166 889 ob
1195 815 1268 926 ξε·

126 904 347 988 suspicionem,
362 906 411 973 vel
432 909 528 982 etiam
551 920 683 997 accepta
705 908 804 986 clade,
819 909 945 987 infecto
959 912 1087 997 negotio
1102 911 1165 974 dis—
1202 894 1269 993 325?

4 1029 18 1070 »,
125 987 237 1056 cedere
256 991 375 1070 sinatis,
405 993 556 1078 optabitis
577 993 720 1078 profecto
742 994 781 1058 ali
806 995 914 1070 nando
929 994 978 1059 vel
1000 997 1166 1062 minimam

14 1076 17 1086 '
123 1075 263 1160 ipsarum
285 1090 408 1164 partem
424 1078 542 1157 videre,
558 1101 656 1165 quum
681 1082 748 1167 ejus
770 1017 812 1144 ab
831 1103 887 1148 vos
908 1081 1064 1146 adventus
1085 1083 1166 1146 nihil

123 1161 259 1246 amplius
273 1164 357 1229 nobis
370 1165 518 1250 prodesse
531 1167 683 1251 poterit.”

1 1248 3 1270 ³
166 1253 221 1318 st.
243 1257 268 1296 '⁶‘
284 1249 348 1316 Sed
372 1273 476 1335 neque
490 1273 554 1329 ros,
572 1251 777 1333 Camurium,
791 1250 1068 1318 criminationibus
1089 1254 1164 1318 isto·

121 1354 196 1398 rum
218 1336 263 1398 cd
286 1357 341 1400 nos
363 1339 557 1404 &secudum
578 1337 792 1416 adducamini,
808 1359 911 1424 neque
929 1339 1047 1404 caeteri.
1091 1337 1165 1404 Jam

4 1471 6 1478 .
121 1431 231 1484 autem
255 1419 346 1486 vobis
371 1422 601 1488 declaravimus
626 1445 753 1488 omnem
780 1425 955 1502 veritatem,
982 1425 1023 1489 de
1048 1426 1164 1511 quibus

121 1507 206 1570 vobis
234 1527 342 1572 sunaus
367 1511 515 1594 suspecti,
536 1521 569 1574 et
596 1511 804 1575 nuncetiam
832 1512 938 1574 iisdem
962 1511 996 1574 in
1027 1525 1164 1576 vestram

119 1590 320 1658 memoriam·
336 1614 393 1678 per
418 1596 523 1680 capita
546 1597 710 1673 revocatis,
732 1594 975 1694 postulabimus,
998 1609 1035 1661 ut
1058 1597 1165 1662 flecto·

3 1692 6 1695 ’
117 1675 212 1745 mitti.
257 1678 404 1753 Dicimus
419 1681 515 1757 euim,
530 1701 588 1746 nos
607 1680 671 1744 illis
685 1679 825 1766 quadem,
864 1681 895 1744 ui
917 1681 983 1760 illic
1005 1694 1090 1761 sunt,
1105 1684 1166 1747 im·

3 1769 10 1784 “’
116 1783 246 1848 perere,
265 1784 308 1828 ne
328 1763 458 1832 alterius
482 1767 618 1850 imperio
643 1785 828 1850 pareamus;
839 1703 911 1830 bos
933 1789 1019 1844 vero,
1035 1769 1090 1854 qni
1112 1767 1166 1834 hic

0 1855 2 1868 '
117 1861 210 1930 sunt,
226 1849 265 1926 in,
278 1849 458 1918 libertatem
482 1871 630 1928 asserere,
650 1873 692 1916 ne
712 1849 754 1916 ab
773 1852 850 1935 ipsis
869 1851 1049 1929 laedsmur3·
1067 1853 1166 1918 multe

115 1947 231 2001 autam
244 1955 303 2000 nos
324 1933 428 2001 facere
442 1937 525 2024 cogi,
541 1938 615 2024 quia
630 1948 705 2002 sunt
718 1937 815 2002 etiam
838 1937 948 2015 multa,
964 1949 1057 2024 ‘'quoe
1072 1939 1165 2006 nobis

115 2032 197 2093 sunt
218 2021 368 2088 cavenda.
414 2023 524 2088 Socios
545 2045 621 2088 vero
642 2035 674 2088 et
696 2035 830 2088 nuncet
850 2023 939 2108 prius
960 2025 1018 2088 buc
1032 2024 1164 2100 venisse,

5 2127 9 2130 ’
113 2127 187 2172 non
208 2120 320 2172 nostra
339 2122 463 2208 monte,
479 2110 531 2176 sed
558 2107 733 2184 arcessitos,
755 2120 790 2173 ut
812 2129 904 2192 opem
926 2107 1080 2174 ferremus
1102 2110 1164 2176 illis

13 2267 17 2283 ¹
113 2189 161 2257 dc
186 2191 287 2272 robis,
309 2215 366 2280 qur
390 2193 445 2261 hic
466 2195 585 2280 injuria
606 2193 797 2261 afficiuntur.
842 2194 954 2269 Quare
977 2217 1034 2263 vos
1060 2217 1165 2282 neque

0 2298 14 2356 ,’
112 2289 276 2366 tunquam
298 2279 375 2346 faeti
395 2279 521 2367 judices
539 2301 658 2358 rerum,
674 2302 747 2367 quae
768 2301 787 2346 a
810 2279 902 2344 nobis
922 2293 1092 2380 geruntur,
1109 2305 1164 2348 ne-

7 2432 10 2441 ,
112 2386 184 2451 qne
199 2377 351 2451 tanquam
372 2387 519 2434 censores
532 2367 634 2452 (quod
656 2365 741 2432 lectu
758 2366 827 2450 jam
842 2379 889 2430 est
903 2365 1045 2448 difficile)
1061 2367 1166 2434 deter-

4 2463 16 2482 ’
110 2471 193 2518 rere
214 2453 393 2520 conemini:
410 2453 488 2526 ‚'sed
510 2467 666 2539 quatenus
690 2450 797 2536 aliqua
822 2464 939 2516 nostrae
961 2453 1164 2532 curiositatis,

110 2559 154 2602 ac
179 2538 303 2626 ingenii
323 2559 409 2623 pars,
431 2560 495 2626 qua
516 2551 565 2604 tot
589 2560 639 2605 res
661 2536 816 2624 gerendas
838 2537 1055 2636 aggredimur,
1077 2541 1165 2607 vobis

109 2645 252 2710 qnoque
264 2624 414 2709 prodesse
434 2635 549 2710 potest,
565 2646 604 2688 es
620 2633 747 2707 recepta
762 2622 906 2701 utamini,
922 2635 954 2688 et
966 2624 1164 2706 existimetis,

109 2710 192 2774 hoec
214 2731 280 2774 non
303 2709 452 2777 omnibns
477 2732 569 2796 aeque
589 2729 717 2786 nocere,
732 2730 842 2772 verum
865 2707 960 2797 longe
980 2710 1126 2794 pluribus
1147 2733 1165 2776 e

2 2874 5 2881 Ι
108 2793 429 2880 Graecisprodesse.
475 2795 620 2873 Quilibet
640 2795 727 2860 enim
747 2795 782 2858 in
796 2793 936 2881 qualibet
958 2817 974 2858 r
1016 2796 1098 2873 bne,
1115 2797 1164 2865 vel

2 2909 4 2924 ⁵
105 2881 145 2946 in
177 2903 230 2960 ea
251 2883 284 2946 in
307 2903 371 2968 qua
393 2903 459 2951 non
483 2883 687 2967 imperamus,
709 2891 741 2944 et
766 2879 803 2956 is,
824 2880 880 2967 qui
901 2818 1026 2946 sibieab
1049 2883 1165 2968 injuria

0 2995 4 3014 ⁴
107 2967 224 3046 timet,
240 2980 271 3031 et
286 2969 323 3045 is,
339 2969 393 3116 oui
409 2970 504 3034 alteri
520 2967 699 3044 insidiatur,
716 2963 803 3052 qnod
826 2967 1010 3066 inpromtu
1026 2967 1068 3032 sit
1081 2989 1164 3052 spes,

1 3077 2 3102 ι
106 3053 161 3118 illi
189 3052 319 3139 quidem
358 3075 423 3130 ore,
446 3067 482 3118 ut
506 3053 660 3118 auxilium
684 3073 705 3114 a
728 3050 820 3130 nobis
843 3052 979 3116 recisum
1004 3055 1162 3137 impetret,

1 3171 7 3180 ¹‘
104 3137 199 3218 huic
214 3161 301 3216 vero,
317 3139 395 3216 iore,
410 3152 456 3216 ut,
473 3140 500 3204 si
515 3138 703 3214 venerimus,
720 3149 806 3202 metu
828 3137 960 3220 periculi
980 3159 1046 3200 non
1063 3151 1162 3214 vacet,

5 3257 8 3265 ¹
101 3225 218 3306 ambo
240 3237 415 3308 coguntur:
439 3225 491 3304 hic
506 3225 645 3310 quidem,
660 3224 778 3286 invitus
800 3222 841 3287 ab
864 3223 981 3308 injuria
1001 3225 1097 3286 alteri
1117 3223 1163 3286 fa-

5 3342 12 3356 ι
100 3309 235 3378 cienda
260 3311 322 3375 sibi
346 3322 522 3396 temperare
530 3335 539 3388 ς
570 3310 622 3376 ille
649 3331 736 3384 vero,
762 3307 889 3372 nemine
913 3308 1076 3456 nesactium
1101 3309 1166 3394 ipsi

0 3431 10 3452 τ·
99 3397 304 3473 facessente,
327 3396 459 3463 elatem
486 3396 646 3482 consequi.
693 3394 770 3458 Hoc
794 3395 892 3480 igitur
918 3416 952 3457 ss
965 3395 1026 3458 ntis
1051 3394 1163 3478 praesi-

1 3477 2 3484 '
98 3484 222 3559 dium,
243 3483 333 3568 quod
358 3481 519 3563 omnibns,
538 3483 594 3568 qui
620 3503 654 3547 eo
675 3480 833 3566 indigent,
855 3489 903 3544 est
927 3500 1106 3557 commune,
1130 3492 1164 3545 et

0 3619 3 3630 .
99 3567 209 3658 quod
230 3569 321 3634 vobis
342 3589 429 3634 nuuc
450 3580 569 3653 praesto
590 3581 647 3642 est,
668 3589 708 3630 ne
734 3566 880 3652 rejiciatis
893 3565 980 3642 ;,sed
1004 3564 1090 3630 idem
1115 3563 1162 3632 fa·

95 3657 250 3731 cientes,
279 3655 366 3740 quod
398 3654 506 3720 caetsri
536 3652 687 3718 mortales
718 3650 822 3716 facere
854 3650 965 3727 solent,
995 3651 1161 3718 nobiscum

11 3763 18 3802 a
80 3741 228 3830 jamesii,
246 3739 461 3826 Syracusanis,
471 3761 537 3824 -pro
552 3762 600 3816 eo,
617 3737 703 3824 quod
725 3738 867 3822 ipsorum
891 3737 1020 3802 insidias
1038 3760 1162 3822 sempor

93 3825 249 3904 cavetis,
262 3849 317 3890 ros
331 3826 426 3890 etiarn
440 3847 527 3898 nunc
542 3825 670 3890 tandem
681 3824 792 3891 eodem
807 3823 915 3901 modo,
928 3845 986 3907 qno
1001 3827 1053 3888 illi
1066 3825 1160 3901 nobis,

0 3963 8 3982 ,-
92 3912 253 3980 insidias
267 3913 398 3978 tendere
411 3912 544 3975 vicissim
560 3910 748 3996 incipiatis.”

2 4006 16 4048 ⁵
134 4040 153 4080 ⁸1
174 4032 247 4087 Quae
266 4033 336 4080 nobit
354 4033 459 4080 tutanda
477 4037 503 4080 et
519 4031 677 4078 custodienda
692 4035 757 4078 sunt.
774 4030 847 4077 Aeac.
874 4013 996 4088 Aquilius
1014 4041 1098 4074 cavere
1117 4039 1162 4074 nos
1214 4085 1215 4093 ἵ

1 4144 17 4242 ¹:
90 4095 549 4214 ορεῗιῖιιιιῗπᾞνοέἶὲιιοιιωω
557 4153 979 4231 multarumrerumstudinmyobis
989 4159 1034 4200 etc
1051 4152 1160 4234 Acasten.

1 4242 3 4256 ·
88 4231 143 4281 Ad
169 4225 273 4272 multas
289 4238 328 4272 res
343 4227 474 4288 aggressio,
485 4236 620 4284 earumque
633 4223 745 4269 omnium
764 4234 845 4268 rmum
866 4226 937 4274 ectio,
956 4227 1160 4284 routgaysum

89 4297 211 4344 mace
221 4287 318 4346 dicitur,
330 4290 410 4352 inquit
420 4289 453 4340 A.
465 4289 564 4349 Gellius,
575 4300 647 4352 quem
660 4288 714 4334 vide
725 4287 767 4334 lita
778 4286 811 4334 ai.
823 4300 843 4333 e.
858 4283 895 4332 16.
930 4283 1018 4331 iluna.

0 4361 9 4376 ”
602 4361 688 4415 ccss
