2990 4792
396 305 643 377 HISTORIAE
667 303 757 376 Lm·
779 304 824 375 11.
1087 315 1129 384 9¹1

107 481 286 560 exhibemus,
307 503 367 548 nec
388 482 461 549 ullis
483 483 723 634 peregrinorum
750 483 994 570 expulsionibus
1017 505 1129 573 quem·
1162 505 1226 557 sert.

106 587 189 656 quam
203 591 338 658 unquam
352 571 487 656 avdlseip
500 569 561 634 inis
576 585 632 636 aut
654 571 840 657 spectaculis
857 591 1017 649 arcemus3
1041 573 1129 660 quod
1148 571 1231 684 &¹⁰5⁸

105 655 220 721 minlme
233 655 461 735 absconditum,
477 656 588 742 siquis
603 678 644 722 ex
659 657 803 722 hostibus
818 657 942 736 viderit,
959 658 1126 725 utilitatem
1141 649 1192 748 ἐξ·
1216 669 1240 764 s,

104 743 249 830 percipere
272 743 389 829 possita
412 743 532 830 quippe
553 763 619 806 non
645 755 710 808 tam
741 747 957 829 apparatibus,
981 759 1012 809 et
1034 747 1126 825 dolis,
1151 765 1229 816 st.

103 849 184 914 quarn
208 845 324 894 nostrae
348 829 380 893 in
411 833 507 895 rebus
536 829 684 917 gerendis
708 829 899 910 fortitudini,
926 832 1126 900 confidimus.
1156 829 1227 879 Μ·

102 920 193 1002 Atque
215 917 246 980 in
271 916 456 1000 disciplinis,
479 915 513 980 hi
540 916 670 1002 quldem
694 917 921 982 hcedaemonii
949 917 1054 983 statim
1086 921 1127 986 ab
1154 894 1228 1010 {⁷3}

101 1001 213 1066 ineunte
222 1016 316 1068 aetate
324 1003 472 1067 virtutem
483 1004 711 1068 exercitatione
723 1003 880 1068 laboriosa
890 1017 1126 1074 consectantur.

102 1085 259 1167 Noctem,
283 1089 429 1177 quamvis
455 1090 587 1153 remisso
609 1089 685 1154 vitas
707 1091 824 1190 genere
855 1103 994 1170 utamur,
1025 1092 1128 1159 nihilo

101 1187 191 1239 tamen
215 1178 325 1254 secius,
349 1195 388 1240 ac
411 1172 469 1252 illi,
495 1173 632 1262 aequalia
679 1176 798 1241 ericula
823 1177 976 1243 subimus.
998 1255 1000 1260 ,
1023 1179 1128 1265 Hujro

100 1257 241 1328 ramici
255 1264 318 1326 hoc
332 1275 380 1326 est
394 1273 628 1350 argumentum.
692 1285 774 1349 eque
785 1263 870 1331 enim
888 1263 1127 1332 Lacedaemonii

157 1369 195 1426 se,
211 1349 266 1414 sed
280 1371 354 1414 cum
369 1348 518 1413 omnibus
532 1349 659 1413 auxiliis
670 1363 812 1414 nostrum
830 1371 942 1439 agrum
959 1353 1125 1419 invadunt.

16 1477 17 1480 κ
126 1456 246 1512 osvero,
261 1438 481 1501 siaeecterais
497 1437 626 1501 auxiliis
648 1436 781 1502 aliorum
805 1459 913 1523 agrum
929 1439 1124 1520 invadentes,

97 1519 124 1582 in
143 1520 236 1586 alieno
251 1543 326 1586 cum
353 1522 402 1598 iis,
419 1521 474 1607 qui
500 1542 561 1606 pro
584 1521 703 1586 laribus
725 1523 788 1587 suis
806 1523 981 1602 decertant,
1005 1526 1125 1591 bellum

95 1621 234 1694 gerentes,
250 1609 419 1674 victoriam
435 1606 624 1694 plerumque
638 1607 827 1674 obtinemus.
874 1611 943 1675 Neo
966 1613 1050 1677 ullus
1065 1611 1125 1678 ho-

95 1693 140 1756 stia
154 1695 183 1757 in
198 1709 321 1762 nostras
336 1695 443 1780 copias
459 1695 638 1780 frequentes
660 1693 766 1764 adhuc
787 1697 911 1774 incidit,
928 1698 1033 1775 simul,
1050 1721 1124 1764 cum

94 1797 208 1867 propter
229 1795 376 1848 nostrum
404 1802 509 1846 rerum
536 1781 737 1846 nauticarum
761 1782 913 1862 studium,
936 1797 1004 1848 tum
1028 1787 1123 1851 etiam

94 1883 209 1950 propter
222 1869 345 1953 copies,
359 1890 448 1955 quas,
465 1889 506 1932 ex
524 1880 705 1932 nostrorum
723 1868 838 1934 civium
862 1883 895 1934 et
909 1870 1123 1956 subjectorum

95 1973 210 2018 numero
234 1953 394 2032 collectas,
420 1957 451 2018 in
479 1955 604 2020 diversa
631 1968 789 2019 terrarum
821 1954 892 2020 loca
921 1957 1123 2026 dimittimus.

94 2037 215 2115 Quodsi
231 2043 358 2128 uspiam
382 2063 453 2105 cunr
473 2041 580 2127 aliqua
601 2051 775 2106 nostrorum
797 2045 954 2126 apiarum
969 2045 1126 2128 particula

92 2145 191 2192 manus
211 2129 451 2204 conseruerint3
478 2138 510 2192 et
548 2149 624 2192 uum
648 2125 770 2215 aliquos
793 2126 834 2192 de
855 2131 972 2194 nostris
994 2153 1124 2216 supera-

16 2245 18 2248 ·
91 2228 164 2290 runt,
179 2237 289 2282 omnes
303 2237 324 2279 u
338 2237 370 2281 se
386 2214 494 2299 pulsos
516 2149 705 2300 gloriantur,
723 2228 756 2279 et
769 2236 868 2301 quum
885 2217 958 2282 victi
983 2217 1122 2298 luerunt,

26 2299 31 2308 '
92 2319 119 2362 se
138 2300 175 2364 ab
200 2304 356 2368 universis
372 2303 472 2366 victos
494 2299 590 2365 fuisse
615 2303 731 2365 dicunt.
777 2300 983 2388 Quamquam
1007 2305 1032 2368 si
1055 2307 1124 2371 otio

90 2387 191 2470 potius,
220 2411 318 2478 quam
348 2387 495 2452 laborum
527 2387 743 2464 meditatione,
770 2409 830 2454 nec
858 2387 867 2452 l
911 2389 980 2454 ibus
1010 2393 1121 2479 magis,

88 2492 173 2558 quum
195 2473 358 2577 generosis
384 2473 693 2559 moribuspericula
722 2473 830 2540 subire
856 2411 1005 2540 reelimus:
1030 2479 1122 2542 nobis

16 2581 17 2588 ¹
87 2560 241 2651 contingit,
253 2574 292 2628 ut
305 2575 338 2627 ct
351 2561 502 2632 aerumnis
517 2558 630 2626 futuris
644 2580 710 2624 nou
724 2558 954 2648 defatigemur3
976 2575 1008 2626 et
1022 2585 1122 2650 quum

87 2644 213 2733 inipsas
228 2651 300 2738 jam
315 2647 504 2725 veniremus,
528 2664 594 2712 non
616 2647 722 2712 miuus
743 2647 878 2713 audaces
900 2648 998 2713 simus
1021 2651 1055 2714 iu
1072 2652 1122 2718 tu

85 2734 254 2812 έοὶιναηᾶἰε,
270 2758 367 2824 quam
383 2735 437 2822 qui
452 2747 608 2822 perpetuo
623 2759 657 2802 se
670 2746 829 2802 exercent.

16 2887 17 2908 ,
122 2829 172 2886 40.
195 2823 328 2890 “Hinc
350 2823 445 2888 etiam
468 2822 594 2899 accidit,
613 2835 649 2887 ut
670 2844 743 2887 curn
767 2823 800 2888 in
824 2822 912 2888 hisce
934 2824 1029 2890 rebus
1051 2839 1119 2890 tum

16 2938 17 2964 r
85 2905 170 2972 eus·
191 2907 224 2974 in
247 2910 320 2975 aliis
335 2923 446 2976 nostra
459 2909 568 2973 civitas
589 2907 801 2974 admiratione
816 2910 857 2974 sit
878 2908 989 2998 digna.
1034 2913 1118 2976 Nam

83 2989 237 3082 elegantiae
260 2997 391 3085 quidem
414 2995 591 3070 eademne
614 2997 668 3059 sed
689 3016 761 3060 cum
784 2995 978 3084 frugalitate,
1002 3009 1033 3062 et
1053 3002 1122 3065 sina

83 3079 167 3147 luxu:
189 3097 221 3149 et
234 3081 522 3170 philosophamur3
544 3084 598 3146 red
611 3083 679 3146 sine
692 3081 837 3147 mollitie.
894 3081 937 3148 Et
952 3084 1071 3149 divitiis
1086 3087 1119 3148 in

82 3186 178 3235 rerum
198 3171 414 3260 gerendarum
436 3169 675 3254 opportunitate
691 3169 798 3252 potius
815 3167 944 3247 utimur,
964 3193 1058 3257 quam
1078 3171 1118 3235 ad

82 3251 198 3322 inanem
221 3257 395 3323 verborum
420 3255 638 3340 jactationem.
660 3275 765 3341 neque
786 3267 881 3340 turpe
903 3256 1051 3342 cuiquam
1075 3269 1121 3322 est

80 3360 161 3406 suurn
177 3357 400 3432 paupertatem
416 3341 525 3406 lateri:
549 3341 603 3405 sed
621 3353 714 3426 turpe
729 3351 783 3416 est,
799 3361 864 3404 non
880 3345 990 3408 conari
1003 3365 1069 3408 eom
1085 3365 1121 3408 re

81 3424 142 3510 ipsu
155 3433 269 3496 vitare.
332 3430 372 3496 Et
387 3431 420 3493 in
434 3425 547 3494 iisdem
563 3427 734 3492 bominibus
748 3427 843 3491 simul
859 3441 889 3492 et
909 3429 1118 3512 privatarum,

79 3523 107 3577 et
119 3515 318 3601 publicarum
332 3538 432 3581 rerum
444 3536 520 3580 cura
531 3514 622 3578 inest.
638 3513 814 3600 quinetiam
825 3514 904 3591 aliis,
915 3517 969 3600 qui
985 3516 1120 3599 opificiis

78 3599 150 3667 dant
163 3625 308 3692 operam,
324 3604 380 3667 loc
399 3604 495 3680 adest,
512 3613 548 3665 ut
567 3598 752 3684 reipublicae
767 3599 1029 3668 administrandae
1052 3627 1118 3668 non

79 3686 187 3768 minus,
204 3712 298 3776 queam
319 3690 434 3765 caeteri,
451 3688 516 3752 sint
536 3687 643 3770 periti.
691 3685 759 3750 Nos
781 3687 865 3752 enim
888 3687 1046 3768 solioum,
1063 3691 1118 3778 qui

77 3793 176 3842 rerum
199 3778 333 3842 istarum
356 3775 475 3840 nullam
499 3771 595 3837 habet
623 3772 781 3850 notitiam,
804 3793 870 3837 non
892 3777 1041 3854 otiosum,
1065 3777 1119 3842 sed

76 3857 216 3928 inutilem
232 3885 303 3929 esse
317 3862 474 3928 ducimus.
529 3859 631 3924 Iidem
653 3859 748 3924 etiam
766 3880 816 3923 res
831 3874 915 3926 recte
924 3863 1117 3948 judicamus,

77 3959 106 4010 et
124 3951 236 4016 animo
258 3948 473 4034 concipimus:
496 3967 562 4010 non
584 3946 804 4011 existimantes
823 3949 999 4012 orationem
1023 3950 1119 4014 rebus

16 4026 18 4060 ²
74 4053 202 4114 nocere3
226 4035 285 4102 aad
313 4035 420 4122 potius
441 4033 587 4099 oratione
608 4053 674 4096 non
728 4033 794 4098 rius
816 4034 935 4114 doceri,
958 4057 1052 4120 quarn
1076 4035 1118 4100 ad

77 4139 132 4200 res,
154 4145 230 4208 quae
253 4138 328 4188 sunt
348 4121 510 4210 gerenda
534 4141 692 4206 exsequen
716 4141 751 4184 ss
771 4121 913 4198 accedas,
937 4125 1119 4187 detrimento

76 4227 134 4273 etse
156 4213 312 4276 duceretes.
347 4208 442 4274 'Num
467 4207 530 4270 hoo
559 4227 688 4294 quoque
717 4227 786 4290 prae
813 4209 937 4272 crateris
965 4209 1117 4272 eximium

75 4289 239 4376 habemus,
250 4296 337 4383 quod
350 4309 381 4364 et
391 4294 487 4360 iidem
499 4295 638 4358 maxime
649 4290 832 4371 audeamus,
844 4305 877 4357 ot
892 4313 965 4378 quae
975 4297 1131 4358 uudemw

595 4399 620 4442 rr
