2990 4792
403 298 650 370 Hrsromm
664 299 763 366 unt.
787 299 852 365 Ill.
1074 308 1135 368 lt!

154 476 181 544 t.
203 472 264 540 Per
277 473 362 540 idern
375 472 472 560 hujus
485 475 604 541 mustis
619 487 754 559 tempus,
768 470 981 538 Athenionem
994 471 1029 538 in
1041 471 1135 540 Pelo-
1161 487 1223 546 nat

113 581 280 644 mucetum
302 561 396 626 mam
418 561 552 648 triginta
571 580 679 641 nares,
696 573 729 624 et
751 559 909 646 Ampium
932 557 1136 626 Phormionia
1152 553 1236 614 ΜΨ

101 647 208 728 filisu,
227 669 332 712 eorum
349 647 464 713 ducem
483 645 647 710 miseruut.
690 649 875 710 Acarnanes
894 644 978 710 enim
994 668 1044 712 eor
1065 669 1136 712 ora-
1149 617 1251 746 3ᾗῇ

112 747 223 812 reram,
234 734 415 818 utaliquem
427 731 634 798 Phormionis
645 731 696 796 vel
704 731 816 810 lilium,
824 735 874 797 rel
883 744 1065 819 cognatum,
1076 732 1136 799 du·
1161 733 1201 796 ab
1214 747 1239 795 1.

110 838 171 884 cero
186 819 224 884 ad
238 843 271 884 se
287 821 457 886 mitterent.
503 801 571 884 Has
590 833 696 883 autem
715 839 821 896 natm,
836 840 925 884 oram
943 819 1135 884 maritimam
1162 812 1233 861 Μ

110 903 246 991 legentes,
262 907 331 994 agri
346 905 500 972 Laconici
519 904 641 990 oppida
658 903 871 989 diripuerunt.
914 903 1045 971 Deinde
1059 927 1136 971 vero
1161 877 1231 990 {2⁸2⁶

110 993 239 1076 Asopius
250 995 401 1079 majorem
414 991 528 1056 beruto
540 991 668 1056 navium
680 1005 803 1076 partem
815 990 946 1056 domum
957 991 1089 1070 remisit,
1103 1004 1136 1058 et
1166 1008 1226 1055 roae

109 1075 168 1163 ipse
181 1099 251 1144 oum
261 1078 432 1144 duodecim
444 1077 649 1162 Naupactum
661 1078 737 1142 ivit'
765 1077 882 1142 Postea
892 1097 978 1156 vero,
988 1099 1060 1143 cnm
1071 1078 1134 1144 fre·
1150 1073 1202 1120 rut
1218 1073 1244 1122 ²·

91 1178 227 1248 ¹quentes
256 1168 465 1232 Acarnanum
495 1165 603 1248 copias
633 1175 802 1241 eroooaaet,
830 1163 983 1229 OEniadia
1013 1164 1132 1230 bellum
1145 1143 1246 1250 ,Ἧι

107 1249 213 1318 inruit
261 1251 308 1318 Et
335 1273 412 1317 cnm
440 1251 574 1316 naribus
601 1271 660 1334 per
689 1249 869 1315 Acheloum
898 1250 1072 1338 navigavit,
1101 1265 1135 1319 ct

106 1337 255 1420 pedestres
276 1339 381 1424 copiae
397 1357 513 1428 agrurn
529 1337 705 1402 vastabant.
752 1338 910 1403 Sericum
931 1338 1081 1402 OEniadoe
1099 1361 1134 1404 se

106 1421 159 1508 ipsi
171 1445 233 1490 non
253 1424 419 1502 dederent,
433 1423 610 1508 peditatum
630 1423 760 1509 quidem
775 1422 906 1501 dimisit,
921 1423 989 1508 ipse
1000 1445 1079 1489 vero
1097 1423 1133 1490 in

106 1507 273 1576 Leucadem
293 1510 464 1600 navigavit,
480 1510 607 1595 suisque
625 1509 726 1594 oopiia
744 1510 779 1574 in
797 1523 916 1576 terram
936 1525 978 1576 ex
1000 1509 1133 1576 naribus

13 1663 15 1668 ,
102 1595 140 1658 ad
155 1595 301 1663 Nericnm
318 1596 482 1682 expositis,
493 1595 570 1660 dum
587 1617 621 1676 se
631 1594 755 1679 recipit,
769 1618 844 1662 cum
858 1597 936 1682 ipse,
952 1608 1020 1661 tum
1035 1596 1131 1661 mam

103 1701 169 1766 part
182 1683 329 1771 quaedam
352 1685 419 1770 ejus
433 1683 599 1768 copiarum
615 1683 656 1746 ab
675 1681 761 1747 illius
777 1683 916 1769 regionis
931 1681 1053 1761 incolis,
1073 1683 1131 1769 qui

68 1775 71 1784 ’
103 1767 140 1832 ad
157 1792 247 1855 opem
260 1772 327 1836 auis
347 1768 509 1834 serendam
531 1767 675 1856 undique
693 1781 919 1845 convenerant,
934 1781 967 1833 et
987 1791 1007 1832 a
1022 1770 1130 1853 paucio

13 1903 14 1906 ,
101 1855 279 2004 qqihbusdam
310 1855 464 1921 militibus
493 1854 696 2006 p‘aefflrii‘
721 1855 897 2008 οἶιέῗυέὲη
912 1854 1027 2004 {quea
1046 1877 1130 2006 tqleiro

102 2026 109 2039 .
159 1963 307 2046 emerroes,
320 1964 394 2046 cum
404 1963 565 2042 suorumc
628 1963 702 2005 aera
715 1964 736 2005 a
816 1963 834 2006 c
876 1962 915 2006 ns
973 1963 1045 2027 epu
1091 1963 1129 2007 ca

100 2027 751 2218 rotserpoehqqtpevogpuffitqqusaeeqffnrqoqui
772 2117 805 2180 in
820 2116 926 2202 prima
939 2114 1014 2180 navi
1028 2117 1127 2200 Spar·
1142 2134 1194 2183 Jut
1203 2134 1242 2183 lt

98 2209 154 2266 tam
167 2204 250 2268 missi
266 2203 403 2281 fuerant,
419 2202 783 2289 quemadmodumrpair
800 2201 1037 2267 Lacedaemonii
1052 2201 1127 2266 dix·

97 2302 189 2365 eram,
204 2303 239 2355 ut
259 2289 447 2377 Olympium
463 2290 618 2369 venirent,
633 2301 670 2354 ut
692 2289 800 2354 caeteri
818 2311 945 2374 quoque
967 2288 1044 2352 socii
1063 2287 1126 2353 illis

98 2374 206 2440 auditis
233 2376 463 2452 consultarent,
495 2375 681 2460 Olympiam
705 2376 846 2440 iverunt.
905 2374 986 2439 Erat
1014 2387 1122 2440 autem

96 2458 266 2547 Olympias,
284 2485 350 2548 qua
364 2462 514 2538 Doricus,
532 2459 688 2541 Rhodius,
699 2460 814 2526 iterum
837 2460 965 2526 vicerat.
989 2482 1126 2546 cumque

96 2560 161 2626 post
187 2551 351 2614 solennem
380 2547 464 2612 illius
493 2547 564 2612 festi
592 2547 837 2612 celebrationem
867 2547 901 2611 in
929 2546 1124 2632 colloquium

13 2687 14 2690 ,
96 2633 251 2712 uenissent,
263 2636 301 2698 in
317 2632 404 2698 bunc
417 2633 548 2698 modum
567 2633 663 2698 verba
676 2631 829 2698 fecerunt.

134 2727 192 2786 “9.
215 2721 449 2797 lucustarum,
462 2719 549 2806 qnod
558 2719 645 2804 apud
657 2719 791 2784 Graecos
803 2718 942 2784 moribus
953 2731 1000 2784 est
1014 2739 1124 2804 ηοερ-
1155 2733 1213 2780 rosa

95 2815 165 2884 tmn,
181 2805 252 2872 Viri
275 2806 521 2882 lacedemonii,
537 2806 686 2891 sociique,
702 2827 761 2869 nos
769 2806 868 2888 probe
881 2805 1010 2891 quidem
1033 2806 1123 2870 novi·
1138 2797 1237 2848 'um-

94 2910 166 2958 mua.
209 2893 280 2971 Qui
303 2894 388 2957 enim
404 2891 562 2976 recipiunt
581 2890 662 2968 illos,
678 2894 735 2977 qui
755 2891 788 2954 in
803 2890 893 2956 bellis
912 2891 1075 2970 deficiunt,
1089 2905 1124 2958 et

92 2978 222 3060 priorem
244 2980 428 3044 societatem
451 2977 645 3062 relinquunt,
662 2989 818 3063 quatenus
839 2979 968 3063 quidem
984 2979 1025 3042 ali
1048 2999 1122 3043 ustn

91 3064 250 3130 utilitatem
277 3089 317 3130 ex
342 3064 404 3130 illis
425 3063 616 3149 percipiunt,
639 3074 764 3128 eotenus
788 3066 859 3128 illos
880 3085 970 3128 caros
992 3063 1034 3128 ha
1075 3078 1123 3130 nt.

93 3147 150 3215 Sed
164 3174 235 3218 enm
251 3151 452 3238 superiorum
469 3150 645 3214 amicorum
660 3149 837 3234 proditores
851 3171 919 3214 esse
931 3149 1121 3228 existiment,

90 3239 196 3303 eosdem
217 3237 383 3324 improbos
403 3258 465 3302 esse
484 3235 619 3300 ducunt.
664 3238 773 3321 Atque
786 3235 856 3300 hmc
870 3235 981 3320 opinio
994 3257 1060 3298 non
1075 3247 1125 3300 eet

89 3321 661 3489 literatissimum
672 3319 1122 3493 liltllltqlifssflttl

119 3477 125 3486 .
435 3457 436 3460 ’
646 3453 656 3484 2

89 3489 188 3561 bellico
199 3509 360 3583 apparatu
376 3518 411 3560 ac
426 3494 546 3560 viribus
562 3495 708 3579 mquales,
720 3514 781 3558 nec
795 3491 860 3556 ulle
869 3494 956 3578 justa
970 3491 1121 3559 defectio·

88 3581 133 3644 nis
145 3605 241 3648 causa
254 3581 366 3647 subsit.
378 3580 465 3668 quod
481 3581 513 3643 in
528 3580 634 3656 nobis,
649 3591 682 3643 et
705 3578 954 3644 Atheniensibus
968 3601 1034 3644 nou
1050 3579 1120 3647 fuit.

88 3667 303 3742 Quamobrem
316 3690 368 3732 rte
389 3668 537 3752 cuiquam
557 3665 696 3750 improbi
713 3688 780 3729 esse
800 3666 976 3742 videamur,
992 3667 1030 3745 si,
1047 3687 1121 3732 cum

85 3755 168 3904 qqfiois
182 3771 330 3840 tempore
344 3753 385 3819 ab
398 3753 474 3839 ipsis
489 3751 664 3816 honorifice
680 3763 899 3830 tractarentur,
913 3753 947 3817 iu
969 3753 1121 3838 periculis

145 3864 257 3908 cimus.

126 3935 147 3969 ‘¹
161 3937 213 3992 10.
239 3927 381 3992 Primum
396 3926 481 3990 enirn
498 3925 538 3990 de
558 3927 642 4010 jure,
658 3939 691 3989 et
713 3926 838 4004 virtute,
854 3927 1031 4010 praesertim
1047 3947 1121 3990 cum

85 4025 237 4095 petamus,
252 4029 287 4079 ut
304 4014 339 4077 iu
355 4027 487 4078 vestram
504 4015 686 4076 societatem
705 4033 764 4076 nos
779 4013 948 4096 recipiatis,
964 4013 1061 4077 verba
1074 4011 1121 4076 fa·-

13 4129 15 4140 ·
85 4099 210 4165 ciemus.
242 4101 317 4187 quia
338 4101 461 4174 scimus,
476 4097 597 4162 nullam
619 4097 797 4162 amicitiam·
815 4110 1013 4163 constantem
1036 4097 1121 4162 inter

81 4187 242 4272 ‘privatos
270 4185 443 4267 conciliari,
469 4183 655 4270 nullamque
680 4185 861 4249 societatem
876 4187 1007 4269 fimum
1036 4183 1120 4248 inter

111 4328 201 4408 ‘diosa
213 4362 321 4410 mallem.
355 4361 431 4420 Nam,
443 4355 528 4416 ἰδιότης
546 4371 590 4421 pro
607 4340 702 4412 rostrae
715 4357 871 4419 maurum
886 4371 1014 4422 usurpare,
1031 4358 1119 4407 mae-t
