2964 4786
235 371 239 378 ¹
296 295 360 356 sos
664 281 970 390 rattcrnrnrs

205 467 264 516 neu
299 458 412 548 aquari
448 456 654 547 cogebantur.
700 453 862 522 Praeterea
888 453 1016 542 quoties
1044 463 1152 519 aautoe
1183 454 1345 544 lignatum

191 531 284 643 ἓΡΡΘΡΘ
299 543 482 697 prodibant,
497 542 539 645 pb
552 540 696 644 eqpitatp
713 541 999 692 Syrapupanorum,
1038 539 1070 606 ui
1085 553 1201 641 terram
1219 540 1351 640 obtine·

186 659 284 772 ‘titt
302 627 1094 802 .t:‘.ttit‘tt.¹‘?.tf‘.tt‘fitt.sttff23...tt
1107 637 1350 802 ri'dissssii,

75 815 77 820 '
198 787 234 894 3·
246 787 274 836 ⁶·
302 801 457 869 collocata
471 797 584 876 fuerat,
600 812 732 888 propter
745 797 828 878 illos,
843 800 900 887 qui
914 813 1005 866 erant
1024 798 1057 863 in
1075 797 1285 887 Plemmyrio,
1307 820 1353 866 ne

209 865 271 966 siff
302 887 345 954 ad
369 907 482 974 agrum
498 884 661 952 maleficiis
681 885 895 952 infestandum
919 887 1007 950 illinc
1032 883 1210 970 prodirent.
1259 885 1351 950 Prae

217 993 220 998 ·
301 987 389 1042 terea
405 971 513 1038 Nicias
528 970 666 1059 reliquas
681 972 776 1038 etiam
793 970 1035 1038 Corinthiorum
1058 993 1154 1036 naves
1177 971 1352 1037 adventare

301 1058 462 1126 audiebat.
506 1055 618 1136 Quare
632 1058 745 1148 viginti
760 1081 854 1124 naves
870 1059 964 1136 misit,
980 1069 1016 1122 ut
1032 1055 1156 1122 illarum
1173 1055 1351 1123 adventum

302 1145 522 1221 observareatt
547 1145 663 1231 quibus
677 1144 863 1210 mandatum
878 1143 993 1222 fuerat,
1009 1157 1044 1208 nt
1066 1142 1153 1208 circa
1167 1143 1305 1220 Locros,
1320 1154 1354 1208 et

305 1230 479 1318 Rhegium,
495 1240 528 1296 et
549 1229 631 1307 loca,
646 1251 705 1318 per
718 1252 792 1318 quae
813 1251 957 1298 accessus
978 1231 1019 1296 ad
1043 1229 1184 1298 Siciliam
1207 1233 1351 1318 patebat,

304 1315 475 1384 stationem
490 1313 656 1382 haberent.

348 1411 380 1466 5.
404 1399 568 1488 Gylippus
581 1421 658 1468 vero
672 1399 766 1466 simul
780 1397 910 1490 quidem
926 1423 1064 1480 murum,
1081 1423 1174 1490 quem
1195 1423 1258 1488 per
1273 1399 1353 1488 Epi·

304 1485 394 1576 polas
408 1485 555 1564 ducebat,
571 1485 763 1567 exstruebat,
781 1501 873 1554 utens
890 1485 1061 1576 lapidibus,
1076 1509 1155 1596 qum
1170 1487 1355 1556 Athenien-

304 1595 352 1640 ses
366 1572 401 1638 in
415 1593 507 1638 usum
523 1594 614 1638 suum
629 1585 845 1662 aggesserant,
861 1571 957 1638 simui
972 1575 1067 1638 etiam
1083 1581 1305 1660 syracusanos
1321 1586 1355 1638 et

305 1657 406 1724 socios
424 1657 459 1724 in
473 1657 574 1724 aciem
597 1673 688 1724 extra
701 1659 913 1726 munitionem
935 1659 1143 1746 producebat.
1189 1657 1236 1726 Et
1250 1659 1355 1728 Athe·

304 1743 430 1813 aienses
443 1742 544 1810 aciem
563 1743 625 1810 illis
638 1744 819 1832 oppositam
840 1746 1048 1812 instruebant
1094 1745 1273 1833 Postquam
1296 1769 1356 1812 au·

305 1841 369 1896 tem
386 1829 530 1920 Gylippo
551 1841 711 1918 tempusa
733 1844 908 1916 portunum
922 1831 1035 1898 adesse
1048 1831 1149 1898 visura
1169 1845 1228 1913 est,
1244 1832 1356 1898 hostes

305 1913 395 2012 prior
409 1937 576 2004 aggressus
595 1928 652 1982 est.
728 1931 828 1984 tcum
851 1917 892 1984 ad
913 1940 1027 1984 manus
1040 1917 1210 1998 venissent,
1225 1941 1356 2006 pugna-

305 2013 383 2066 runt
397 1999 430 2066 io
453 1999 617 2088 eospatio,
632 2001 720 2089 quod
741 2003 826 2068 inter
839 2014 1035 2092 utrorumque
1055 2005 1250 2071 munitiones
1273 2017 1355 2082 erat,

306 2085 362 2152 ubi
377 2084 483 2154 nullus
497 2098 564 2154 erat
579 2109 655 2154 usus
669 2087 826 2176 equitatus
843 2089 1116 2178 Syracusanorum
1137 2105 1234 2178 atque
1248 2091 1357 2158 socio-

305 2193 390 2238 rum.
436 2171 520 2240 Cum
536 2183 641 2238 autem
664 2173 856 2258 Syracusani
870 2190 904 2244 et
924 2175 1002 2250 socii
1017 2177 1092 2244 victi
1107 2177 1252 2254 fuissent,
1277 2200 1377 2244 sno--

307 2277 444 2344 rumque
465 2256 619 2324 cadavera
642 2257 706 2326 fide
727 2260 855 2346 publiea
876 2262 959 2330 inter
983 2261 1063 2328 osits
1085 2262 1298 2340 sustulissent,
1323 2277 1359 2329 et

307 2340 517 2410 Athenienses
531 2357 687 2430 uopoeum
704 2347 875 2412 erexissent
881 2370 891 2424 ;
914 2284 1085 2448 Gyiippus,
1101 2349 1285 2416 convocatis
1298 2372 1359 2415 co-

304 2426 378 2514 piis,
392 2449 459 2494 non
473 2427 612 2518 iilararn,
628 2427 685 2496 sed
700 2453 789 2498 suam
811 2431 938 2519 culpam
951 2429 1046 2500 fursee
1060 2433 1152 2502 dixit.
1198 2435 1240 2502 Se
1263 2435 1357 2500 esaim

306 2512 465 2600 equitatus
479 2536 517 2580 ae
532 2513 660 2580 uelitum
676 2539 768 2582 usum
781 2519 857 2619 spsis
871 2519 1034 2606 eripuisse,
1050 2521 1151 2608 ‘quod
1166 2521 1250 2588 inter
1265 2531 1357 2586 utro·

305 2620 428 2684 numque
439 2601 630 2666 munitiones
644 2601 676 2666 in
688 2601 760 2670 loco
770 2603 865 2670 nimis
876 2620 1012 2695 angusto
1027 2607 1126 2673 aciem
1139 2608 1360 2674 instruxisset.

306 2681 404 2748 Nunc
417 2695 523 2752 autem
539 2707 572 2752 ae
585 2708 694 2752 rursus
708 2687 907 2756 educmrum.
952 2690 1063 2768 Quare
1071 2693 1206 2779 jubebat
1220 2691 1296 2760 iilos
1309 2695 1359 2761 ita

306 2790 413 2836 secum
427 2771 579 2860 cogitare,
594 2795 627 2838 se
640 2771 770 2860 quidem
785 2797 826 2861 ap
850 2787 939 2842 aratu
955 2775 1120 2844 inferiores
1130 2802 1196 2846 non
1208 2777 1338 2846 futrrros
1345 2805 1357 2858 ς

306 2853 421 2920 animis
442 2877 518 2921 vero
541 2857 586 2922 sic
607 2877 675 2924 esse
697 2798 913 2942 statuendum,
936 2863 1067 2930 minime
1089 2863 1256 2934 serendum
1271 2865 1356 2948 fore,

306 2937 367 3004 nisi
382 2939 453 3025 ipsi,
469 2941 523 3032 qui
542 2941 767 3028 Peloponnesii
778 2961 809 3014 et
825 2947 998 3014 Dorienses
1013 2963 1130 3032 essent,
1148 2947 1245 3018 Iones
1256 2966 1289 3018 et
1304 2952 1357 3018 in·

306 3021 445 3092 sulatum
468 3026 589 3094 incolas
611 3043 643 3095 et
666 3052 826 3100 convenas
846 3033 1002 3113 homines,
1026 3049 1204 3124 superatos,
1229 3061 1272 3104 ex
1296 3062 1357 3104 aaa

305 3109 436 3196 regione
448 3111 562 3198 eJicere
575 3112 700 3184 vellent.

347 3201 379 3262 6.
403 3195 626 3299 Posteavero,
642 3223 715 3268 cum
738 3214 863 3292 tempus
877 3219 1104 3356 opportunum
1126 3209 1275 3290 venisset,
1298 3234 1358 3280 eos

304 3301 413 3348 rursus
434 3283 556 3350 eduxrt.
602 3286 710 3354 Nicias
734 3310 807 3354 vero
826 3303 858 3356 et
882 3295 929 3360 At
953 3293 1106 3375 enienses,
1131 3295 1357 3364 existimantes

303 3365 365 3450 ipsi
389 3389 525 3456 quoque,
549 3372 696 3471 qpamvis
720 3373 847 3442 initium
869 3377 978 3464 proelii
1001 3379 1105 3448 facere
1129 3381 1267 3460 nollent,
1293 3382 1356 3449 sibi

303 3465 410 3518 tamea
424 3474 634 3522 necessarlum
654 3481 732 3536 esse,
748 3482 812 3526 non
829 3463 895 3546 pati
917 3486 1046 3530 murum
1062 3489 1165 3554 prope
1179 3467 1355 3534 aedificari:

304 3533 392 3619 (Jarn
414 3537 501 3604 euim
523 3563 643 3620 murus,
666 3545 720 3630 qni
744 3547 785 3610 ab
808 3547 869 3612 illis
891 3551 1095 3636 Syramnonis
1117 3553 1354 3634 aedificabatur,

302 3623 535 3706 propemodum
561 3627 610 3692 vel
634 3627 717 3695 ultra
738 3633 971 3702 extremitatem
995 3637 1080 3702 muri
1104 3641 1146 3705 ab
1169 3639 1355 3708 Athenien-

302 3705 391 3770 sibus
413 3711 563 3776 exstructi
584 3730 789 3797 processerat.
835 3719 901 3798 Qui
924 3721 948 3784 si
968 3724 1181 3807 processisset,
1199 3727 1271 3814 jam
1294 3727 1355 3792 du·

302 3789 378 3877 plex
391 3794 596 3889 cpmmodum
611 3798 688 3882 ipsis
702 3803 904 3888 Syracusanis
920 3807 1087 3890 attulisset,
1104 3824 1188 3878 utet
1204 3836 1355 3902 pugnan-

302 3883 350 3940 tes
366 3877 489 3944 assidue
504 3882 678 3963 vincerant,
693 3901 736 3966 et,
751 3891 781 3952 si
793 3893 930 3970 mallent,
945 3893 1063 3980 proelio
1078 3897 1354 3985 supersederent.)

303 3957 343 4025 In
359 3961 458 4026 aciem
473 3963 570 4052 igitur
585 3983 700 4034 contra
712 3973 925 4059 Syracusanos
940 3979 1142 4063 prodierunt.
1186 3983 1355 4072 Gylippus

300 4183 904 4314 mgnizffimmfflmffijmmm
911 4205 971 4254 acie.
994 4207 1070 4257 Vana.
1095 4209 1157 4259 Acie
1166 4211 1276 4262 nimium
1288 4213 1354 4262 intra
