2982 4786
371 269 438 336 ste
747 257 1050 328 THUCYDIDIS

276 457 338 506 sut.
417 443 487 502 119.
511 435 616 522 Atque
635 433 706 497 haec
727 435 801 498 sunt
821 447 914 520 pacta
929 442 961 496 et
975 445 1141 510 conventu,
1158 451 1231 518 quae
1245 432 1330 497 inter
1347 429 1403 498 La·

268 522 352 584 ressa
371 519 583 588 cedemonios
597 531 629 584 et
644 517 850 584 Athenienses
865 540 906 584 ac·
917 533 1126 606 utrorumque
1140 517 1242 584 socios
1262 517 1356 597 lucta,
1371 541 1405 611 ac

259 589 342 698 31⁰⁸·ss
370 608 411 674 de
422 607 583 673 communi
604 621 813 692 utrorumque
828 605 1100 690 sententiajurata
1114 603 1252 685 fuerunt,
1269 605 1405 670 Gerastii

268 667 309 762 sd
320 665 357 777 tl*
369 694 455 780 apud
467 689 730 758 Lacedaemonios
740 691 917 756 mensisdie
927 689 1126 756 duodecimo.
1160 689 1402 756 Horumautem

269 781 300 827 U·
314 785 341 828 θ
368 792 534 867 pactorum
549 792 581 842 et
595 791 825 842 conventorum
848 791 974 842 autores
989 799 1027 842 oc
1040 797 1199 862 sponsores
1216 777 1403 842 exstiterunt

272 845 345 972 ‘gf’
369 889 410 932 ex
426 863 678 930 Lacedaemoniis
700 863 761 941 isti,
778 861 905 928 Taurus
922 861 1144 939 Echetimidoe,
1160 861 1338 927 Athenaeus·
1350 863 1401 928 Pe·

328 941 334 955 ¹
370 951 520 1028 ricleidae,
538 948 781 1015 Philocheridus
794 947 1010 1050 Eryxidaidae.
1041 949 1092 1012 Ex
1108 947 1298 1028 Corinthiis,
1309 945 1401 1012 AEue

369 1059 404 1102 as
415 1037 541 1123 Ocytae,
555 1033 774 1120 Euphemidas
787 1036 996 1122 Amstonymi.
1043 1034 1093 1099 Ex
1107 1035 1159 1099 Sic
1181 1035 1275 1113 oniis,
1287 1033 1401 1099 Damo·

369 1123 465 1189 fimus
482 1121 662 1200 Naucratis,
680 1121 852 1186 Onesimus
877 1119 1043 1208 Megsclis.
1088 1119 1139 1188 Ex
1192 1121 1400 1198 carensibus,

370 1209 507 1276 Nicasus
532 1207 651 1284 Cccali,
675 1205 875 1273 Menecrates
893 1205 1095 1291 Amphidori.
1142 1205 1193 1270 Ex
1209 1143 1399 1290 lpidaunis,

371 1295 529 1382 Amphias
550 1293 728 1378 Eupaeidoe.
773 1293 824 1358 Ex
838 1291 1086 1358 Atheniensibus
1105 1293 1328 1376 imperatores,
1350 1289 1400 1357 Ni·

369 1394 524 1446 sostratus
552 1375 750 1465 Diotrephis,
778 1377 886 1443 Nicias
913 1377 1065 1456 Niceten,
1093 1377 1242 1442 Autocles
1270 1378 1399 1444 Totmei

356 1467 460 1550 filiae.
506 1467 613 1552 Atque
627 1464 678 1528 hue
694 1463 822 1551 quidem
847 1463 983 1530 induciae
999 1463 1091 1528 lectae
1106 1475 1191 1543 sunt,
1205 1476 1238 1528 et
1252 1463 1399 1550 quamdiu

367 1549 534 1629 durarunt,
550 1553 672 1636 utrique
685 1551 717 1614 in
734 1549 927 1637 colloquium
948 1550 989 1614 de
1011 1571 1117 1614 rerum
1137 1550 1295 1636 majorum
1311 1548 1400 1615 foede·

368 1635 456 1702 ribus
470 1659 527 1726 per
549 1651 624 1701 etuo
635 1649 801 1702 venerunt.

273 1750 336 1798 neu,
415 1731 487 1790 120.
512 1659 577 1788 Iler
597 1722 655 1786 hos
677 1735 783 1788 autem
808 1721 884 1799 dies,
901 1719 1017 1808 quibus
1038 1723 1132 1786 alteri
1150 1721 1331 1786 adulteros
1349 1721 1399 1786 sd-

266 1813 348 1874 Pe¹⁰h
369 1808 468 1886 ibant,
493 1809 607 1874 Scione
627 1807 714 1894 apud
738 1807 886 1872 Pellenen
909 1808 1017 1872 civitas
1040 1806 1079 1872 ab
1096 1805 1345 1872 Atheniensibus
1364 1807 1398 1872 ad

267 1877 354 1990 ’Μὼ
371 1894 538 1961 Brasidsm
561 1893 686 1960 defecit.
731 1893 868 1960 Scionaei
890 1907 997 1959 eutem
1012 1917 1046 1958 se
1062 1892 1261 1958 Pellenenses
1281 1895 1399 1980 quidem

248 1955 437 2119 ᾎὲἷέἰμέεεε
457 1981 581 2132 dinunt,
597 2003 637 2046 ex
655 1981 874 2065 Peloponneso
897 1983 1060 2054 oriundos‚·
1084 1977 1139 2044 sed
1161 2001 1236 2129 quqq
1260 1981 1398 2065 majores,

300 2103 307 2118 ·
335 2101 342 2115 ·
571 2069 578 2084 '
666 2068 694 2129 vi
839 2077 853 2114 ⁸
1016 2080 1027 2129 t
1104 2087 1144 2128 ua
1236 2065 1244 2079 '
1268 2065 1310 2082 ”’
1391 2067 1400 2129 i

269 2135 341 2246 ξιξ
368 2089 505 2231 iddudt,
518 2077 1014 2233 itrtolellnlloclllrlelldlatttresnhlihdbl,¹
1026 2087 1133 2237 illidito
1148 2077 1400 2237 sedeswdolhhtll.

277 2264 334 2312 881.
370 2238 455 2303 Cum
470 2252 574 2303 sutem
592 2239 636 2303 illi
651 2237 847 2320 defecissent,
864 2235 1016 2303 Brasidas
1035 2252 1132 2302 noctu
1150 2237 1299 2303 Scionem
1316 2239 1400 2324 troje·

368 2323 422 2400 cit,
439 2325 582 2389 ”triremi
599 2323 727 2410 quidem
751 2326 835 2388 socia
853 2338 1027 2410 ptaeeunte,
1044 2323 1112 2410 ipse
1126 2345 1201 2388 vero
1217 2323 1324 2389 celoce
1339 2345 1402 2390 uec·

368 2421 419 2474 tus
440 2409 562 2475 eminus
584 2433 650 2475 eam
671 2431 813 2494 sequens,
832 2426 876 2487 ut,
893 2411 919 2474 si
933 2409 1015 2474 forte
1037 2412 1069 2474 in
1082 2409 1221 2496 aliquod
1242 2411 1399 2500 navigium

366 2517 423 2560 sata
444 2496 550 2562 celoce
572 2496 672 2582 majus
693 2495 859 2574 incideret,
885 2495 1021 2560 triremis
1044 2517 1137 2582 opem
1161 2497 1220 2582 ipsi
1242 2493 1357 2561 ferret:
1379 2495 1402 2560 si

366 2603 442 2646 vero
456 2581 517 2647 alie
531 2584 600 2668 pari
616 2583 835 2670 magnitudine
848 2581 986 2647 triremis
1008 2581 1190 2656 advenisset,
1206 2581 1403 2648 existimabat

368 2669 456 2731 illum
481 2689 547 2732 non
573 2683 657 2734 recta
681 2683 846 2734 venturam
876 2680 988 2732 contre
1017 2668 1125 2733 minus·
1150 2671 1321 2754 nauigium,
1351 2669 1402 2733 sed

368 2767 481 2817 contra
508 2755 682 2832 triremem,
703 2769 735 2819 et
756 2777 790 2819 se
812 2755 931 2819 interea
955 2751 1046 2819 saluti
1074 2775 1141 2818 suae
1169 2755 1403 2821 consulturum.

370 2835 453 2901 Cum
469 2849 574 2904 autem
590 2861 624 2904 eo
639 2839 819 2924 trajecisset,
832 2857 863 2904 et
875 2841 1092 2904 Scionseorum
1108 2841 1296 2906 concionem
1309 2842 1404 2907 advo·

367 2935 476 3000 cesset,
494 2923 604 2989 eadem
627 2925 672 2989 ihi
686 2925 777 3004 dixit,
794 2949 866 3012 quoe
881 2937 912 2990 et
929 2925 1076 3002 Acanthi‚
1092 2939 1125 2990 et
1138 2927 1170 2988 Τ
1170 2947 1291 2990 oronte.
1337 2927 1403 2996 Ad-

367 3009 463 3075 debat
476 3024 641 3097 prreterea‚
659 3011 742 3096 ipsos
762 3013 902 3076 maxime
917 3011 1010 3076 laude
1024 3011 1138 3098 dignos
1153 3035 1232 3090 esse,
1249 3013 1317 3096 qui,
1333 3035 1403 3077 cum

369 3095 497 3161 Pellene
518 3098 550 3162 in
568 3096 690 3161 Isthmo
704 3099 745 3163 ab
759 3096 1006 3162 Atheniensibus
1023 3097 1199 3162 Potidaeam
1223 3099 1405 3162 tenentibus

367 3183 406 3247 sit
414 3182 599 3267 intercepta,
609 3206 745 3266 cumque
755 3183 834 3247 nihil
848 3183 933 3247 uliud
944 3184 1018 3259 sint,
1029 3205 1124 3270 quam
1137 3184 1290 3264 insulani,
1300 3201 1405 3249 tamen

367 3291 424 3333 sus
441 3283 553 3357 sponte
567 3269 607 3334 sd
623 3269 799 3334 libertatem
822 3269 1013 3347 transierint,
1036 3291 1138 3355 neque
1162 3291 1220 3354 per
1244 3272 1404 3355 ignaviam

366 3356 585 3442 exspectarint,
598 3371 632 3420 ut
644 3356 702 3420 sihi
716 3359 881 3420 necessitas
892 3357 1118 3444 imponeretur,
1131 3378 1194 3441 qua
1203 3355 1408 3422 manifestum

366 3440 572 3507 domesticum
599 3445 715 3506 bonum
741 3442 827 3528 sequi
852 3455 1050 3528 cogerentur.
1098 3441 1170 3505 Hoc
1185 3455 1292 3506 eutem
1311 3467 1406 3531 argu-

367 3540 473 3591 mento
488 3551 565 3604 esse,
582 3529 665 3612 ipsos
681 3526 730 3590 vel'
743 3527 784 3591 ud
800 3527 933 3613 quodvis
949 3526 1034 3592 aliud
1055 3547 1213 3590 summum
1230 3527 1405 3592 discrimen

365 3609 489 3676 sortiter
507 3613 706 3678 subeundum
731 3626 857 3698 paratos
878 3611 956 3688 fore,
973 3615 998 3676 si
1015 3635 1062 3676 res
1076 3613 1118 3676 ex
1134 3613 1233 3677 enimi
1248 3617 1410 3680 sententia

365 3696 617 3763 constituantur=
640 3721 677 3763 sc
692 3721 727 3762 re
742 3721 815 3764 vera
829 3721 861 3763 se
875 3698 1072 3762 fidelissimos
1083 3695 1408 3766 Lacedaemoniorum

365 3781 483 3846 amicos
504 3782 576 3848 illos
599 3785 850 3850 existimaturum
875 3805 953 3864 esse,
968 3797 999 3849 et
1018 3783 1087 3848 aliis
1109 3783 1287 3852 honoribus
1313 3788 1409 3855 affee-

366 3879 483 3934 turum.

412 3961 484 4019 121.
508 3955 644 4020 Scionaei
659 3968 763 4020 autem
786 3955 881 4043 hujus
902 3955 1004 4020 verbis
1029 3955 1102 4021 elati
1128 3969 1211 4035 sunt,
1227 3981 1411 4049 omnesque
1463 3953 1465 3958 ¹

365 4040 483 4123 puriter
497 4041 611 4106 animis
627 4040 815 4119 confirmati,
834 4042 880 4105 rel
896 4041 954 4122 illi,
965 4041 1080 4128 quibus
1095 4054 1168 4108 ante
1182 4065 1242 4122 res,
1258 4065 1341 4132 quae
1355 4071 1410 4137 ge·

396 4195 409 4234 Β
425 4191 590 4252 Tempestate,
602 4208 650 4253 qun
662 4193 750 4240 Achivi
760 4195 798 4240 usi
807 4201 863 4240 suut
875 4199 920 4241 etc.
935 4191 1008 4239 Valla.
1038 4192 1126 4243 liuns.

396 4255 410 4292 h
427 4255 551 4303 Preeunte
561 4259 631 4304 officii
642 4259 718 4316 gratia
730 4259 827 4304 trireme
838 4265 883 4304 etc.
917 4257 988 4302 Valla.
1020 4257 1093 4304 luem.
