2982 4786
385 269 635 352 HISTORIAE
659 271 749 338 LIB.
777 273 836 339 1v.
1063 286 1131 346 269

93 441 263 510 benevolos
288 443 365 528 ipsis
389 441 478 526 iores
499 443 554 508 scd
577 442 678 510 mutto
703 446 814 532 magis,
829 457 948 532 quanto
972 451 1128 550 mugisse
1160 467 1222 515 neti.

91 531 178 592 viros
192 550 303 616 aequoe
317 539 480 613 prtestsnt.
524 528 598 595 Jsm
614 551 688 594 uero
702 532 767 596 iilos
780 545 910 617 propter
924 533 1125 618 imperitiam,
1150 533 1233 593 Νῦν·

91 617 175 700 qrrod
190 616 499 694 lacedemoniorum,
520 618 805 702 ipscrrrmquefidei
826 621 940 683 nullm
955 623 1126 704 periculum
1143 597 1242 724 {ime}

89 701 358 787 adhcfecs'sserrt,
372 702 499 766 territos
512 701 607 766 fuisse
622 703 751 768 dicebat.
797 701 918 770 Omnes
932 719 1035 770 antem
1051 708 1127 772 hor·
1151 725 1190 774 ss
1205 724 1228 772 Ι.

90 787 229 864 tebstur,
242 801 277 850 ut
291 788 404 853 animis
417 809 451 852 se
464 801 682 874 praepararent
696 787 737 853 ad
752 791 931 855 societatem
947 807 1131 860 constanter
1157 792 1185 837 U·
1197 793 1224 838 ⁰·

89 872 254 951 tuendam,
278 885 310 938 et
323 873 365 938 sd
384 875 528 938 omniurn
547 895 668 951 eorum,
684 897 758 962 quse
780 875 841 939 ‘am
863 876 997 961 posthac
1018 901 1129 966 pecce—
1156 855 1229 968 iffi?

90 970 174 1034 rent,
197 959 325 1043 cuipam
351 959 577 1024 sustinendam.
599 981 675 1024 narn
700 984 742 1046 qu
812 961 851 1024 ad
880 985 928 1027 res
952 967 1130 1050 praeteritas

88 1044 250 1123 attineret,
264 1061 275 1088 ⁰
287 1043 374 1110 nulia
388 1045 503 1131 injuria
519 1068 552 1110 se
566 1045 694 1110 affectos
708 1067 785 1124 esse,
802 1049 854 1111 sed
875 1049 947 1113 ilios
967 1053 1076 1138 potius
1089 1054 1130 1117 ab

88 1129 161 1194 aliis
185 1131 436 1214 potentioribus3
458 1143 490 1197 et
511 1133 536 1196 si
560 1131 635 1218 quid
657 1133 718 1197 sits·
738 1132 873 1199 fuissent
894 1137 1058 1215 adversati,
1077 1162 1129 1203 ve-

88 1219 177 1281 nism
195 1219 272 1300 ipsis
286 1240 354 1282 esse
367 1217 517 1282 dandam.

136 1311 210 1368 115.
235 1301 303 1367 Hie
323 1303 431 1392 igitur,
446 1325 518 1366 curn
542 1301 613 1368 haec
629 1303 769 1382 dixisset,
785 1327 901 1392 cosque
923 1308 1010 1372 bono
1023 1309 1129 1375 animo

87 1410 156 1453 esse
165 1389 329 1475 jussisset:
353 1387 409 1452 ubi
430 1388 504 1453 fidei
520 1387 604 1454 dutae
626 1403 749 1476 ternpus
769 1392 932 1476 prseteriit,
951 1393 1128 1481 Lecythum

87 1495 281 1560 oppugnare
301 1477 409 1558 coepit.
456 1474 664 1542 Athenienses
684 1497 760 1540 vero
779 1499 797 1541 e
816 1479 996 1544 munitione
1014 1502 1129 1565 perum

88 1559 195 1638 firma,
211 1571 243 1625 et
257 1581 297 1625 ex
315 1559 458 1625 aedifleiis
481 1562 594 1646 pinnas
618 1561 806 1626 habentibus
828 1586 894 1628 sese
907 1565 1127 1634 defendebant.

90 1645 135 1710 Et
149 1667 250 1710 unum
266 1647 394 1732 quidem
409 1646 494 1712 diem
510 1647 746 1733 propulsarunt.
780 1648 936 1714 Postridie
951 1674 1036 1729 vero,
1053 1675 1127 1718 cum

86 1730 261 1797 aduersarii
281 1732 460 1798 machinam
482 1733 558 1818 ipsis
578 1747 682 1798 essent
703 1734 874 1816 admoturi,
890 1758 927 1800 ex
944 1759 1008 1824 qua
1022 1739 1127 1824 ignem

86 1819 122 1882 in
137 1817 261 1905 ligneus
274 1819 465 1884 munitiones
478 1819 607 1905 injicere
622 1820 655 1883 in
670 1820 778 1884 animo
792 1819 969 1899 habebant3
993 1847 1129 1910 cumque

86 1905 250 1969 exasitus
266 1906 333 1991 jem
349 1906 525 1970 accessisset
539 1905 580 1970 ad
595 1927 665 1968 cem
687 1917 822 1990 partem,
838 1909 876 1970 ad
893 1929 988 1993 quum
1003 1911 1128 2011 potissi-

87 2013 179 2054 mum
199 1991 399 2056 Athenienses
424 1991 602 2057 machinans
626 1991 666 2054 ab
688 1991 764 2077 ipsis
784 1992 949 2057 admotum
972 1995 1012 2058 irr
1035 2011 1127 2081 puto-

85 2075 178 2152 bant,
194 2089 227 2140 et
270 2099 311 2140 us
332 2079 463 2142 munitio
484 2079 620 2142 maxime
642 2078 817 2164 expugnari
839 2093 973 2164 poterat,
988 2080 1127 2170 ligneam

85 2162 205 2226 turrim
272 2163 356 2226 meio
370 2164 549 2248 impositam
564 2167 598 2229 ei
616 2177 843 2248 opposuerunt,
859 2178 892 2230 et
906 2166 1020 2232 multos
1035 2191 1127 2255 aquae

84 2246 272 2333 amphoras,
284 2261 316 2312 et
326 2247 421 2328 dolis,
436 2261 469 2314 et
482 2249 623 2338 ingentia
637 2271 715 2315 saxa
729 2272 764 2315 eo
779 2263 1030 2337 comportarunt.
1046 2255 1127 2320 mui-

84 2334 179 2421 tique
194 2335 341 2399 mortales
356 2337 429 2400 silue
442 2336 661 2400 ascenderunt.
708 2335 895 2402 AEdificium
911 2353 1027 2418 nutem,
1041 2341 1126 2428 quod

84 2442 171 2485 onus
185 2423 371 2505 suscepisset
391 2422 640 2509 gravius-qnam
662 2422 749 2509 quod
771 2424 925 2490 sustinere
946 2441 1062 2510 posset,
1078 2450 1128 2493 re-

86 2521 187 2592 pente
200 2505 379 2608 disruptum
391 2521 456 2584 est3
469 2507 620 2594 editoquc
634 2507 755 2598 ingenti
769 2507 905 2598 fragore,
920 2511 1128 2578 Athenienses

83 2592 230 2678 quidem,
247 2615 301 2678 qur
316 2615 417 2678 prope
430 2605 532 2672 erant,
543 2607 575 2660 et
589 2615 656 2659 rem
672 2594 855 2674 cernebant,
870 2598 990 2684 majore
1003 2597 1127 2680 dolore,

84 2701 185 2765 quam
213 2693 299 2744 metu
321 2679 435 2746 affecit.
480 2680 548 2757 Qui
570 2701 647 2745 vero
668 2680 781 2766 procul
805 2681 948 2761 aberant,
967 2683 1128 2770 praecipue

86 2786 166 2828 uero
189 2765 388 2830 remotissimi
402 2767 529 2853 quique,
545 2766 770 2846 existimantes,
786 2768 993 2834 munitionem
1016 2771 1057 2835 ab
1075 2771 1127 2835 ilia

83 2863 180 2935 purte
190 2851 258 2937 jsm
273 2873 339 2916 esse
354 2865 489 2938 captam,
500 2851 575 2940 fuga
589 2852 630 2917 sd
646 2874 733 2918 mare
746 2853 831 2920 etad
845 2877 941 2921 naves
956 2857 1125 2923 contende-

83 2949 176 3001 runt.

136 3031 210 3088 116.
234 3021 387 3088 Brasidss
400 3046 484 3101 vero,
502 3045 573 3088 cum
597 3024 877 3104 animadvertisset,
894 3027 978 3112 ipsos
986 3051 1127 3116 propug-

81 3109 196 3173 naculi
209 3107 322 3193 pinnas
337 3108 518 3187 deseruisse,
535 3124 565 3174 et
581 3111 701 3176 videret
715 3109 748 3174 id
763 3113 850 3197 quod
870 3112 1037 3190 accideret,
1054 3137 1126 3178 curn

81 3195 156 3259 suis
178 3194 277 3279 copiis
298 3194 431 3273 irruens,
448 3196 655 3260 munitionem
678 3196 842 3262 confestim
863 3199 965 3282 cspit;
988 3211 1019 3261 et
1034 3214 1127 3285 quot·

108 3293 171 3344 uot
185 3279 218 3344 in
233 3303 270 3344 es
284 3279 503 3365 deprehendit,
519 3279 684 3347 interiecit.
730 3281 824 3346 Tunc
840 3282 1044 3360 Athenienses
1056 3283 1127 3370 qui-

79 3303 173 3443 dem,
187 3387 259 3430 cum
276 3365 336 3430 hoc
354 3367 449 3432 modo
463 3366 568 3434 locum
585 3367 671 3432 illurn
688 3366 906 3446 deseruissent,
923 3369 1056 3456 navigiis
1070 3393 1127 3435 na-

79 3451 244 3603 {iemstpre
260 3451 410 3516 Pellenen
432 3476 465 3517 se
487 3465 682 3538 receperunt.
727 3453 878 3518 Brasides
898 3476 972 3517 vero
990 3460 1075 3540 (narn
1094 3457 1125 3522 in

139 3551 193 3624 cyt
217 3559 238 3602 o
252 3551 320 3603 eret
335 3536 474 3604 Palladis
488 3539 653 3624 templum,
669 3553 710 3617 et,
727 3559 800 3604 cum
819 3562 891 3624 eam¹
908 3554 987 3605 esset
1002 3564 1127 3631 oppug-

74 3641 236 3700 naturus,
251 3645 308 3709 per
322 3625 480 3708 proeeonis
502 3647 610 3691 vocem
633 3625 789 3703 edixerat,
806 3647 839 3691 se
859 3627 990 3712 triginta
1004 3630 1128 3714 argenti

76 3709 193 3776 minus
207 3711 237 3774 ei
251 3711 412 3789 daturum,
427 3713 481 3797 qui
496 3711 619 3795 primus
634 3733 766 3777 murum,
783 3712 1024 3795 conscendisset)
1042 3733 1129 3781 ratus

73 3795 180 3864 ilium
195 3795 299 3861 locum
312 3796 418 3883 eliqua
432 3797 492 3861 alia
506 3818 600 3883 quam
610 3797 751 3862 humane
763 3799 887 3864 ratione
900 3812 1039 3884 ceptum,
1054 3823 1127 3867 curn

74 3883 158 3951 illas
180 3882 314 3970 triginta
335 3885 437 3948 urinas
452 3883 534 3949 Des
556 3882 598 3948 ad
617 3884 770 3969 tempium
793 3887 1005 3969 aedpicundum
1028 3887 1128 3968 dedit,

73 3985 156 4038 tum
168 3968 266 4034 etism
280 3989 387 4034 eversa
403 3967 559 4056 Lecytho,
573 3991 673 4062 eaque
687 3969 814 4049 refecta,
826 3984 926 4036 toturn
943 3973 1011 4057 ejus
1025 3973 1126 4037 solum

11 4225 17 4232 -
77 4194 505 4314 ytuzeipjlustosnoutuissqsed
517 4199 1125 4260 potiusistos,quibussortioribuspuruisscntetc.
1202 4269 1203 4272 Ἴ

104 4279 123 4310 α
234 4273 292 4308 uns.
464 4279 467 4288 =
