2990 4792
419 304 672 376 Bistoniis
689 307 777 376 Lm.
799 309 862 376 111.
1101 321 1159 382 lor

117 487 201 545 mat
220 476 368 563 periculi,
383 480 459 567 quis
479 494 626 548 unxerat
647 479 784 548 obscum
805 493 837 548 ct
857 483 1042 568 procellosa.
1066 484 1163 552 simul
1197 501 1258 552 nur.

117 565 216 630 &sm
232 563 434 667 lfflatoeens'es,
450 567 508 669 qui
522 569 553 631 in
572 569 651 634 urbe
665 569 766 634 relicti
774 569 912 647 fuerant,
923 571 1050 672 offensi,
1069 569 1161 636 Pelo·
1187 565 1272 680 Ἠ·

116 667 1163 836 ἕιῗιῗζῖοέἒᾞᾛζέῒιὶἶ“ζιῗέιῖἐῗιἛιῗέΐὲἷῖιῖἷὲ
1176 697 1276 830 int·

119 825 254 888 minime
266 825 475 892 &verterent
521 826 561 891 In
577 851 636 894 suo
650 841 757 893 autom
780 828 898 916 quique
912 829 984 896 loco
999 843 1163 896 monentes
1193 825 1223 874 ⁰·
1235 829 1266 875 ⁰·

117 910 408 990 tumultuabantur,
423 934 484 978 noc
501 913 585 980 ullus
605 917 759 980 eunodrcu
773 937 814 978 ex
836 937 893 979 sua
907 917 1051 982 custodia
1064 919 1162 984 dnae·
1191 891 1260 1006 ’ἦ

117 999 194 1062 dens
207 1019 302 1102 opepr
318 997 386 1064 aliis
400 999 482 1065 serre
495 1000 654 1103 audebat:
677 1000 732 1065 sed
748 1001 857 1102 ani-mo
870 1001 979 1102 dubio·
988 1015 1090 1103 epant,
1106 1025 1162 1070 ne·

118 1086 893 1259 atttrittattssirt'tttsstt‘t'tti
909 1087 1162 1259 lilii-,iili

117 1277 214 1340 opem
229 1257 393 1323 lamudam
415 1271 536 1345 praesto
554 1271 671 1340 assem,
686 1282 704 1324 e
726 1281 819 1325 muro
833 1259 874 1325 ad
897 1259 1069 1328 clamorem
1086 1283 1162 1347 pro·

117 1357 300 1420 cesserunt;
321 1342 478 1432 facesque,
495 1345 618 1410 hostilis
631 1347 785 1411 adventus
801 1345 931 1426 indices,
946 1346 1078 1413 'I'bebas
1092 1369 1161 1414 ver·

117 1449 173 1494 sus
185 1429 321 1494 sublatae
342 1444 429 1497 sunt.
473 1431 666 1501 Plataeenses
680 1451 769 1512 vero,
789 1431 894 1518 quiin
917 1433 996 1499 orbe
1011 1445 1115 1512 erant,
1127 1446 1162 1500 et

117 1515 179 1599 ipsi
194 1537 234 1581 ex
256 1538 315 1581 suo
330 1539 423 1582 muro
442 1517 558 1583 multas
571 1516 655 1584 faces
670 1519 877 1598 sustulerunt,
891 1541 965 1606 quas
978 1520 1019 1585 ad
1036 1519 1098 1586 boc
1113 1521 1162 1608 ip·

118 1623 190 1666 sum
211 1619 401 1688 praeparatae
422 1603 560 1685 lucrant,
575 1617 611 1670 ut
633 1605 755 1691 ignium
777 1605 869 1694 signa
890 1605 1036 1672 hostibus
1058 1619 1164 1672 essem

118 1687 259 1766 incerra3
282 1702 379 1776 utque
394 1691 544 1776 suspicati
558 1690 679 1778 aliquid
701 1691 790 1757 aliod
804 1713 883 1771 esse,
896 1714 993 1780 quarn
1008 1693 1095 1780 quod
1111 1713 1162 1758 res

117 1785 198 1851 erat,
215 1796 309 1860 opcrn
327 1798 392 1842 non
407 1776 536 1854 ferrent,
553 1777 643 1862 prius
656 1796 754 1878 quam
769 1778 828 1856 aui,
847 1778 903 1864 qui
918 1780 1074 1859 exieram,
1089 1800 1162 1846 eva·

117 1861 243 1940 sinent,
258 1874 291 1928 et
305 1861 337 1928 in
353 1862 424 1929 loca
439 1876 508 1929 tnta
522 1885 556 1928 se
569 1875 769 1948 recepissent.

161 1953 217 2014 23.
241 1946 432 2014 Plataeenses
453 1971 539 2027 vero,
556 1951 611 2035 qni
630 1951 741 2014 nruros
755 1949 877 2014 interea
896 1950 1162 2030 conscendebant,

118 2047 290 2119 pmqnarn
305 2035 364 2113 illi,
386 2036 442 2123 qni
465 2057 595 2102 suorum
616 2036 713 2122 prirni
735 2049 836 2114 erant,
860 2057 988 2102 murum
1011 2057 1163 2104 conscen-

117 2119 248 2197 derunt,
270 2133 302 2186 et
322 2134 491 2209 utramque
513 2123 640 2200 tanim,
665 2122 850 2188 custodibus
868 2123 990 2200 occisis,
1015 2123 1049 2187 in
1072 2143 1162 2188 suani

118 2218 309 2292 potestatem
331 2210 533 2291 redegerunt,
548 2209 612 2294 ipsi
632 2220 668 2273 et
686 2209 823 2274 turrium
848 2207 1001 2274 transitus
1021 2207 1164 2275 boanbns

118 2293 301 2360 resistentes
311 2293 545 2373 custodiebant,
558 2315 600 2360 ne
614 2295 687 2381 quia
700 2315 758 2380 per
767 2317 821 2359 eas
830 2307 1001 2380 penctrans
1014 2294 1056 2361 od
1068 2315 1164 2381 opem

118 2379 186 2444 suis
201 2379 363 2446 heodem
380 2393 493 2447 contra
507 2403 542 2446 ae
555 2381 694 2458 venirent
718 2395 750 2445 et
765 2379 864 2446 scola
878 2404 897 2446 o
910 2403 1006 2448 muro
1024 2381 1166 2448 turribus

118 2464 339 2545 doronem,
353 2489 485 2533 suoram
499 2467 671 2555 plerosque
682 2489 741 2552 per
755 2466 855 2532 scalas
867 2467 899 2530 in
915 2468 987 2532 locs
1001 2469 1167 2553 superiora

118 2552 329 2637 recipiebant,
344 2566 376 2618 et
389 2575 501 2620 eorum
515 2553 571 2619 alii
585 2553 718 2641 quidem
729 2575 770 2619 ex
787 2553 938 2634 turribus,
953 2567 986 2618 et
999 2573 1041 2618 en
1057 2551 1166 2618 inferi·

119 2637 242 2716 oribus,
257 2653 291 2705 et
308 2659 349 2705 ex
372 2638 590 2726 superioribus
610 2661 715 2705 eorum
737 2637 882 2732 partibus
896 2640 1004 2717 lunen·
1026 2639 1080 2741 qui
1102 2642 1167 2706 sitis

118 2723 263 2792 subsidio
277 2725 457 2806 veniebant,
472 2726 642 2793 missilibus
656 2728 816 2792 arcebant.
861 2724 928 2792 Alii
942 2745 1018 2792 vero
1032 2738 1164 2805 intona

119 2831 259 2897 quorum
275 2814 378 2900 major
392 2825 460 2880 erat
479 2834 644 2894 uumerus,
658 2833 732 2878 cum
753 2814 871 2878 multas
885 2810 984 2876 malea
998 2811 1093 2878 simul
1109 2812 1166 2878 ad'-

120 2898 305 2981 morioeent,
324 2899 503 2986 pinnasque
524 2899 720 2987 dejecissent,
744 2919 803 2982 per
824 2900 974 2985 spatium,
990 2898 1079 2985 qnod
1098 2911 1166 2964 erat

118 2984 205 3054 inter
225 2998 338 3063 turres,
360 2985 612 3064 adscendebant3
638 2997 670 3050 et
684 2983 820 3051 subinde
841 2985 897 3070 qui
919 2983 1165 3069 recipiebantur,

119 3070 153 3138 in
169 3070 262 3138 fossae
284 3073 448 3158 crepidine
468 3073 605 3150 stabant,
627 3083 660 3137 et
681 3071 814 3158 sagittis,
829 3083 925 3156 atque
941 3071 1058 3156 jaculis
1078 3083 1167 3156 pate-

119 3159 201 3225 bant
214 3159 323 3237 Ιισιίιι,
339 3159 365 3222 si
385 3158 456 3245 quis
478 3158 620 3224 subsidio
633 3158 774 3239 veniens,
789 3157 959 3221 transitum
981 3156 1022 3221 ad
1037 3172 1165 3221 murorn

118 3243 280 3330 impedire
295 3244 396 3310 vellet.
443 3245 510 3312 Ubi
525 3257 631 3310 nutem
646 3265 768 3321 ornnes,
783 3242 840 3328 qui
855 3243 888 3305 in
903 3241 1044 3306 turribus
1063 3255 1165 3318 erant,

120 3331 329 3408 trsnncruut,
354 3330 413 3409 illi,
440 3331 496 3418 qui
524 3331 679 3416 postremi
708 3327 950 3404 descenderunt,
979 3327 1021 3392 ad
1049 3326 1165 3392 fossam

121 3436 212 3506 egre
221 3430 386 3483 venerunt.
421 3417 549 3483 interea
563 3439 640 3483 vero
651 3415 697 3480 illi
709 3414 841 3480 trecenti
855 3431 928 3478 cnm
942 3411 1074 3490 fecibus,
1087 3433 1167 3500 quas

120 3504 303 3593 gestabant,
324 3505 359 3568 in
382 3525 437 3568 eos
453 3505 528 3570 ferri
551 3514 732 3588 eoeperunt.
777 3499 969 3566 Plataeenseo
989 3499 1090 3587 igitur
1111 3519 1167 3564 eos

119 3613 164 3656 ax
185 3591 326 3656 tenebris
338 3589 462 3655 facilius
484 3588 735 3676 conspiciebant,
750 3593 885 3652 bstantes
900 3587 933 3650 in
948 3585 1042 3652 fossae
1062 3587 1167 3672 cropi-

120 3677 210 3754 dine,
225 3689 258 3742 et
270 3677 402 3765 sagittis,
414 3676 592 3762 jaculisque
613 3676 716 3740 nudas
729 3675 986 3758 corporis-partes
1004 3673 1170 3759 potabant·

122 3764 194 3850 Ipsi
214 3785 302 3841 vero,
325 3762 414 3849 quod
435 3763 470 3828 in
494 3761 633 3828 tarrebris
661 3773 775 3837 essent,
799 3774 933 3846 propter·
957 3759 1041 3824 faces
1059 3757 1169 3824 minus

120 3849 415 3938 conspiciebantur.
449 3849 562 3936 ltaque
572 3861 605 3913 et
616 3847 818 3923 Plataeenses,
830 3846 888 3932 qni
898 3846 1049 3934 postremi
1063 3861 1167 3923 erant,

120 3937 238 4002 fossam
265 3936 396 4024 quidem
423 3937 636 4001 transiverunt
664 3935 765 4017 prius,
788 3953 878 4016 quom
901 3933 1167 4017 opprimerentur:
1284 3999 1291 4014 ,

122 4023 181 4090 sed
196 4045 292 4112 aegre,
307 4033 339 4087 et
362 4043 419 4109 per
433 4023 508 4086 vim.
554 4019 638 4086 Nam
653 4036 686 4087 et
706 4018 824 4107 glacies
845 4017 878 4082 in
894 4041 933 4083 ea
953 4029 1169 4094 concreverat,

126 4238 171 4353 Er
183 4240 284 4288 santes
293 4239 326 4285 sc
338 4238 434 4286 uorum
447 4239 526 4285 nne
544 4235 655 4314 Aeaeus..
684 4235 724 4282 so
735 4235 801 4282 nunc
812 4234 863 4282 ren
874 4233 975 4280 mooun
985 4231 1069 4280 oratu
1077 4231 1118 4282 un
1129 4229 1170 4278 st.

153 4316 218 4353 vm.

621 4381 641 4424 ι
656 4369 677 4424 4
