2982 4786
401 297 654 367 HISTORIAE
668 297 766 368 bru.
789 300 831 365 V.
1071 308 1136 372 297

105 468 233 534 decenni
246 467 343 547 bello,
355 483 388 536 et
400 491 442 536 ex
454 473 608 557 suspectis
619 483 693 558 post
704 471 785 536 illud
799 471 946 552 induciis,
957 482 1039 539 etex
1056 473 1139 538 inse·
1172 487 1234 540 neus

105 571 201 642 qnuto
215 557 274 620 bas
289 558 464 640 posteriore
487 559 571 623 bello
594 573 776 642 temporum
792 561 879 625 inest
901 558 1068 634 rationem,
1090 567 1139 623 to‘t
1164 552 1245 666 wil

106 653 301 744 fimum!
322 644 397 720 dini,
410 657 446 708 et
466 665 587 744 psueop
606 657 763 729 praetereo
783 644 851 710 dies
873 644 1006 729 elapsos,
1028 651 1077 709 'et
1097 667 1139 710 ex
1154 629 1255 742 ss'symp',

104 727 1141 904 *tttttlttittttttlt.ffit“b.dtt;”tt.ln
1164 744 1245 860 lii?

106 901 153 962 vel
172 899 301 983 abipso
326 902 419 987 hujus
433 901 508 966 belli
529 901 623 966 initio
637 923 736 988 usquc
759 903 799 965 ed
822 903 890 988 ejus
912 901 1021 983 finem,
1043 902 1141 992 vulgo
1167 873 1241 1001 Ἠ

9 1037 10 1044 ,
105 985 271 1069 praedicuri
284 986 503 1064 solitumlroc
526 987 644 1052 bellum
666 1000 721 1052 ter.
731 1009 871 1052 novenos
892 1009 994 1052 annos
1016 1000 1142 1074 gestum

104 1071 152 1135 iri.
197 1071 362 1146 Quamdiu
385 1085 493 1139 nutem
514 1073 577 1138 hoe
597 1072 736 1150 duravit,
758 1095 820 1160 ego
841 1073 986 1138 sensibus
1011 1074 1144 1161 integris

105 1172 260 1242 perpetuo
282 1156 357 1236 vixi,
378 1161 584 1244 animumque
606 1158 779 1246 diiigenter
803 1159 936 1236 adverti,
962 1172 999 1223 ut
1021 1158 1144 1244 aliquid

106 1243 180 1308 certi
278 1265 429 1310 nocerem.
473 1245 600 1312 Accidit
609 1257 716 1310 nutem
731 1245 822 1322 milri,
834 1255 870 1310 nt
883 1256 959 1330 post
968 1257 1143 1330 praetnrsm

48 1349 53 1358 ·
78 1393 80 1398 ,
105 1329 145 1394 cd
160 1335 248 1414 Amp
273 1329 373 1414 'polin
386 1345 520 1418 gestem,
536 1331 640 1414 petris
653 1353 755 1396 annos
768 1329 881 1419 viginti
896 1331 1086 1394 emulorim:
1112 1343 1146 1394 et

105 1415 189 1503 quod
203 1415 293 1498 ¹opud
304 1431 455 1503 utrosque
463 1416 589 1495 fuerim,
599 1439 660 1482 nec
671 1418 777 1482 minus
786 1415 874 1502 apud
887 1415 1144 1503 Peloponnesios,

105 1513 235 1587 propter
249 1501 411 1580 exsilium,
424 1523 484 1587 per
496 1504 610 1584 otium,
625 1503 743 1589 aliquid
759 1503 901 1586 ipsemm
912 1511 1012 1568 rerum
1022 1501 1146 1567 facilius

106 1587 319 1675 cognoverim.
362 1587 410 1652 Er
430 1637 431 1640 η
467 1589 707 1666 controversias,
723 1611 797 1675 qum
809 1591 883 1673 post
890 1587 1063 1654 decennale
1078 1587 1146 1652 bel·

107 1673 172 1737 lum
186 1675 387 1751 exstiterunt,
450 1673 607 1740 foedernm
629 1675 914 1760 perturbationem,
929 1687 963 1738 et
984 1695 1035 1738 res
1056 1673 1146 1738 deiu-

106 1781 181 1844 oeps
195 1759 228 1822 in
242 1759 327 1824 bello
340 1771 455 1846 gestes,
469 1773 568 1846 prout
581 1773 683 1849 gestoe
694 1759 835 1840 fuemus,
850 1759 1016 1826 enarrabo.

146 1853 203 1914 ¹27.
229 1845 400 1933 Postquam
417 1847 500 1912 eninr
517 1847 751 1934 quinquaginta
765 1865 923 1910 annorum
939 1844 1148 1928 foedereper·

106 1953 198 1996 mssa
209 1930 349 2008 fuerunt,
365 1943 399 1997 et
413 1953 490 1998 mox
511 1935 674 1998 societmes
688 1943 721 1997 et
734 1931 919 2016 legationes,
935 1953 1009 2016 qum
1028 1953 1070 1996 ex
1085 1930 1148 2005 Pe«,

105 2017 282 2103 loponueso
299 2018 342 2082 sd
364 2021 434 2083 hnc
455 2019 567 2084 socitoe
586 2018 730 2094 fuerent,
746 2015 978 2090 honloemone
999 2015 1149 2080 discesse-

106 2115 195 2182 runt,
220 2117 252 2166 et
274 2103 330 2168 olii
354 2103 486 2170 domum
512 2106 669 2182 obierunt,
696 2102 857 2168 Corinthii
881 2101 1021 2186 primum
1043 2104 1149 2190 Argos

106 2189 252 2276 profecti,
268 2211 341 2254 cum
363 2190 553 2280 quibusdem
570 2191 766 2280 Argivorum
786 2186 988 2274 principibus
1002 2201 1148 2276 egerunt,

107 2297 147 2341 so
168 2277 339 2341 dixerunt:
373 2277 634 2362 quondoquidem
657 2275 906 2352 Lacedaemonii,
928 2295 995 2338 non
1018 2283 1150 2359 propter

104 2361 276 2428 utilitatem
300 2360 523 2447 Peloponnesi,
538 2363 594 2428 sed
617 2374 652 2426 ut
673 2384 743 2427 enm
765 2361 800 2426 in
821 2361 1004 2426 servitutem
1024 2360 1150 2447 redige-

106 2460 189 2525 rent,
214 2449 340 2513 fmdem
361 2451 609 2535 societatemque
632 2447 774 2512 fecerent
793 2468 869 2511 cum
891 2446 1149 2523 Atheniensibus,

107 2531 1149 2706 nnnimmittentes}initient?

1022 2662 1032 2696 ,
1137 2651 1149 2670 .

106 2721 232 2772 cretum
254 2665 446 2784 fecieirdum,
472 2719 509 2771 ut
538 2727 738 2792 quancunque
763 2704 887 2770 Groece'
907 2703 1018 2768 civitas
1046 2702 1150 2781 vellet,

12 2833 18 2844 ·
105 2815 184 2880 qum
199 2793 263 2857 suis
276 2792 404 2878 legibus
415 2795 544 2868 viveret,
559 2806 592 2857 et
605 2792 674 2876 pori
694 2793 768 2876 jure
782 2789 952 2867 frueretur,
968 2790 998 2854 ei
1017 2791 1151 2855 societa-

107 2894 174 2944 tem
189 2895 263 2942 cnm
280 2879 409 2966 Argivis
423 2877 525 2942 secere
534 2877 654 2954 liceret,
669 2877 714 2942 itu
727 2890 765 2942 ut
778 2877 869 2942 elteri
878 2875 985 2942 alteris
995 2875 1151 2941 auxilium

108 2977 226 3029 mutuo
238 2963 369 3044 ferrent,
385 2964 412 3027 si
427 2965 498 3050 quis
512 2985 567 3029 eos
582 2963 754 3028 infestaret.
798 2962 924 3028 Paucos
944 2976 1052 3028 sutem
1066 2962 1153 3027 viros

107 3071 187 3114 cum
202 3071 327 3115 summe
340 3061 497 3134 potestate
509 3048 705 3136 deligendos,
721 3068 857 3135 qnorum
874 3047 1007 3112 srbitrio
1020 3069 1071 3112 res
1085 3053 1153 3112 tots

106 3137 359 3222 promitteretur,
374 3157 480 3222 neque
494 3135 590 3200 verbe
611 3137 669 3200 imo
681 3133 720 3200 dc
740 3155 777 3198 re
797 3132 882 3218 spnd
903 3133 1061 3218 populum
1076 3131 1154 3201 seci-

106 3222 209 3297 eude;
233 3243 275 3288 ne
289 3223 324 3304 ii,
338 3223 395 3310 qui
413 3220 650 3288 multitudinem
666 3221 702 3284 in
713 3240 805 3285 suem
826 3219 1015 3284 sententiam
1031 3231 1154 3302 pertra-

106 3308 190 3375 here
213 3329 279 3372 non
302 3308 488 3394 potuissent,
513 3308 748 3396 detegerentur.
793 3304 917 3370 Multos
945 3314 1053 3368 sutem
1078 3303 1155 3369 odio

107 3394 432 3460 Leoedremoniorum
446 3397 492 3458 ad
504 3394 639 3479 Argivos
650 3413 829 3458 occasurus
840 3390 1002 3456 dixerunt.
1045 3390 1156 3474 Atque

109 3479 276 3546 Corinthii
296 3480 426 3568 quidem
441 3501 514 3546 eum
531 3479 600 3545 hmo
616 3479 900 3557 demonstrassent,
913 3475 1047 3542 domurn
1070 3476 1156 3540 redi·

109 3580 218 3631 erunt.
786 3598 790 3606 ·

156 3661 212 3718 28.
237 3651 288 3718 llll
310 3664 416 3718 autem
438 3653 634 3739 Argivorum
656 3651 727 3729 viri,
751 3671 825 3716 cum
840 3653 905 3715 hnc
927 3648 1100 3727 audissent,
1123 3661 1156 3714 et

108 3741 345 3805 &nonnum
366 3738 464 3803 verbo
484 3739 526 3802 ed
548 3739 769 3826 magistratum
792 3737 1012 3823 populumque
1033 3735 1157 3802 retulis-

107 3839 196 3902 sent,
217 3825 330 3912 Argivi
351 3823 515 3890 decretum
540 3827 692 3901 lecerunt,
717 3834 750 3890 et
772 3823 942 3890 duodecim
967 3823 1051 3886 viros
1073 3821 1159 3886 dele-

107 3924 242 4000 gerunt,
257 3933 331 3976 cum
348 3911 464 3997 quibus
479 3912 660 3976 societatem
674 3909 779 3975 lacere
797 3909 907 3974 liceret
922 3907 1007 3972 eide
1022 3908 1158 3986 Graecis,

97 3998 260 4085 quisquis
288 3997 391 4076 vellet,
428 4011 546 4083 praeter
576 3996 787 4062 Athenienses
823 4008 855 4062 et
885 3993 1159 4060 Lacedaemonios.

146 4216 158 4244 ¹¹
171 4212 255 4273 Atque
266 4225 314 4260 non
332 4216 410 4261 solnm
422 4217 489 4262 exitu
504 4215 690 4274 comprobatum
706 4213 823 4267 inveniet,
835 4225 865 4258 cx
883 4213 921 4269 iis,
933 4223 988 4270 qum
1000 4209 1084 4258 tutum
1098 4219 1162 4263 esse,

108 4291 145 4326 ex
157 4278 266 4326 oraculis
278 4279 468 4348 entrmebsntur.
490 4277 567 4329 Van.
601 4279 688 4327 Hom.
