3004 4768
381 319 446 384 stt
751 313 1058 383 TH'UCYDlDlS

286 509 349 564 snt.
383 505 458 554 cnm
473 497 612 572 quatuor
630 487 774 566 naribus,
790 506 864 576 qnte
886 490 945 575 ipsi
967 487 1111 568 aderant,
1128 485 1280 575 Erythris
1298 489 1427 552 arcesi-

277 579 358 640 erton
384 574 624 655 semiramem
638 574 840 650 adducentes,
857 597 922 639 cum
943 595 979 641 ee
999 573 1184 641 consultore
1194 585 1380 659 eurpemnt,
1393 587 1428 637 ut

268 659 312 756 δι’·
325 643 364 692 ²⁰
385 659 435 726 vel
448 659 610 725 obsidibus
629 663 778 748 acceptis,
793 661 844 726 rel
866 663 930 726 alio
950 662 1058 750 aliquo
1079 661 1187 740 modo,
1203 679 1302 748 quant
1320 658 1427 724 mode·

278 723 367 822 olfnrl'
383 745 542 812 satissime
567 745 696 812 insidias
724 761 971 834 compescerent.
1018 747 1061 813 Et
1091 747 1165 813 Chii
1194 747 1330 834 quidem
1363 745 1429 810 lires

283 837 352 889 ss
383 832 532 921 quase.

284 906 354 1020 {4⁸}
425 927 478 985 25.
502 918 623 984 Eadem
651 931 756 985 sutem
784 933 892 984 testate
920 932 1073 997 extrema,
1097 918 1184 984 mille
1205 929 1239 986 et
1261 918 1429 1005 quingenti

287 1033 345 1081 120„
380 1005 487 1092 ‘gratis
502 1018 675 1070 armaturae
690 1007 804 1071 milites
820 1006 1076 1085 Atheniensium,
1087 1019 1124 1070 et·
1134 1004 1220 1069 mille
1230 1003 1428 1091 Argivorum

262 1099 328 1161 erpi.
347 1093 607 1178 ii(Athenienses
629 1095 713 1157 enim
735 1093 926 1196 quingentos
942 1093 1133 1180 Argivorum
1156 1091 1234 1156 levis
1258 1103 1428 1156 annaturtr

380 1179 495 1243 milites
507 1177 605 1263 ⁸iustis
625 1180 720 1243 ermis
743 1179 973 1260 instruxerant)
995 1189 1029 1244 et
1049 1179 1211 1244 sociorum
1232 1177 1336 1258 mille,
1358 1199 1427 1242 curs

380 1264 517 1330 neribus
538 1263 887 1354 duodequinquagints,
904 1283 1039 1352 quarum
1061 1264 1182 1352 aliquot
1203 1275 1300 1330 erent
1324 1263 1366 1328 tul
1380 1285 1427 1327 sr-

380 1363 484 1416 nrstos
505 1351 690 1435 portandos,
705 1351 840 1416 ducibus
857 1349 1043 1438 Phrynicho
1063 1363 1095 1416 et
1110 1349 1291 1415 Onomaele
1313 1363 1348 1414 et
1364 1349 1428 1415 Sci·

380 1435 506 1516 rorida,
536 1435 672 1501 Athenis
700 1437 735 1501 in
766 1439 897 1504 Samum
927 1439 1127 1524 trajecerunt,
1155 1437 1247 1502 etin
1275 1435 1428 1502 Miletum

381 1524 577 1610 transgressi,
601 1537 705 1588 cestra
729 1539 912 1612 posuerunt.
961 1523 1081 1588 Milesii
1110 1545 1187 1588 rem
1208 1525 1362 1589 adversus
1383 1545 1430 1588 eos

381 1610 510 1698 egressi,
524 1629 598 1675 cum
613 1610 685 1696 ipsi,
701 1612 754 1696 qui
767 1621 858 1676 nont
871 1611 1045 1700 octingenti
1082 1611 1166 1675 ravis
1178 1621 1360 1675 armaturae
1373 1610 1429 1674 mi·

381 1693 464 1779 lites,
479 1709 548 1762 tum
565 1695 798 1783 Pelopormesii,
814 1698 870 1783 qui
891 1717 965 1764 cum
987 1634 1163 1762 Chalciden
1179 1708 1349 1776 venerant,
1362 1709 1429 1761 turn

380 1783 477 1848 etiam
498 1783 646 1868 qntedam
669 1785 838 1872 peregrina
860 1783 1084 1869 Tissaphernis
1106 1782 1234 1861 auxilia,
1250 1784 1430 1870 quinetiam

381 1869 451 1958 ipse
471 1867 701 1955 Tissaphernes
727 1883 932 1958 praessisset
961 1871 1061 1956 ipsius
1081 1871 1254 1956 equitatus,
1278 1869 1430 1952 pueliam

381 1975 457 2020 cnm
486 1956 733 2022 Atheniensibus
762 1956 917 2044 sociisque
945 1949 1180 2020 eomnu‘serunt.
1237 1954 1285 2020 Et
1317 1956 1431 2043 Argivi

382 2039 523 2127 quidem,
548 2043 603 2129 qui
632 2063 691 2106 suo
718 2063 819 2108 cornu
844 2043 950 2128 proelii
980 2043 1105 2106 initium
1130 2042 1283 2120 iecerunt,
1310 2055 1345 2107 et
1365 2044 1431 2128 qni,

381 2127 550 2194 oontemtis
564 2129 708 2206 hostibus,
726 2142 761 2193 ut
775 2129 925 2194 adsersus
940 2129 1043 2205 lones,
1059 2139 1092 2194 et
1107 2149 1171 2204 eos,
1187 2128 1245 2228 qui
1260 2149 1359 2194 suum
1375 2129 1433 2192 im·

381 2227 490 2300 petum
513 2213 609 2279 laturi
624 2235 690 2278 non
705 2228 816 2293 esseut,
833 2215 1000 2280 ordinibus
1016 2235 1080 2279 non
1096 2226 1226 2279 servatis
1242 2215 1434 2300 pergebant,

380 2321 401 2363 s
418 2297 553 2364 Milesiis
568 2301 707 2386 superati
721 2301 861 2378 fuerunt,
877 2315 909 2366 et
931 2301 1027 2386 paulo
1041 2302 1209 2382 pauciores
1224 2303 1382 2366 trecentis
1395 2321 1435 2366 ex

382 2384 457 2470 ipsis
473 2385 547 2450 caesi
561 2385 701 2452 inerunt.
743 2388 953 2453 Athenienses
968 2409 1053 2464 vero,
1069 2407 1142 2452 cum
1159 2387 1252 2451 initio
1271 2387 1435 2473 Pelopon-

381 2473 485 2537 nesius
500 2471 657 2551 vicissent,
673 2485 705 2538 et
718 2473 871 2539 barbaros
886 2497 923 2539 ac
938 2487 1086 2554 steteram
1102 2473 1231 2538 turbam
1247 2475 1318 2536 loeo
1333 2496 1436 2559 pepe·

381 2556 501 2638 iissent,
525 2577 599 2623 sum
624 2558 761 2626 Milesiis
787 2581 853 2624 non
880 2573 953 2625 sunt
977 2561 1154 2648 congressi:
1186 2558 1241 2622 sed
1267 2579 1349 2623 cnm
1378 2560 1435 2645 ipsi

383 2643 509 2709 Milesii
521 2653 593 2729 p'ost
606 2645 730 2732 legatos
749 2647 885 2733 Argivos
900 2647 932 2712 in
949 2647 1061 2710 urbem
1084 2665 1120 2711 se
1132 2645 1344 2728 recepissent,
1361 2669 1435 2711 eum

380 2729 515 2795 alterum
530 2751 661 2796 suorum
677 2755 771 2796 carm
793 2745 977 2817 mperatum
992 2731 1152 2808 vidissent,
1169 2733 1382 2798 Athenienses
1395 2731 1435 2797 stl

382 2815 390 2830 ‘
417 2837 484 2881 sam
510 2815 709 2882 Milesiorum
734 2819 842 2883 urbem
860 2821 929 2905 jain
954 2819 1089 2884 victores
1115 2837 1216 2882 castra
1243 2833 1434 2902 posuerant

382 2987 555 3054 vincerent.
601 2989 685 3054 Nam
716 3003 748 3055 et
776 2991 985 3057 Athenienses
1009 2991 1155 3054 vicerunt
1175 2903 1435 3074 qqpomeg:

381 3075 416 3138 in
441 3077 510 3140 acie
537 3075 598 3142 sibi
621 3079 798 3161 oppositos,
821 3093 853 3141 et
880 3079 1015 3159 Argivos
1041 3075 1169 3141 Milesii.
1214 3075 1437 3141 Athenienses

381 3171 497 3238 autem,
524 3173 630 3227 erecto
660 3179 793 3248 tropaeo,
821 3165 860 3227 ad
890 3163 1001 3227 urbem
1028 3160 1343 3227 circumvallandum
1370 3185 1436 3229 see

379 3247 615 3333 praeparabant,
631 3249 718 3336 quoti
742 3250 830 3314 locus
851 3248 904 3313 ille
926 3251 957 3312 in
982 3247 1096 3314 Isthmi
1117 3245 1253 3311 titodum
1276 3263 1366 3314 esset
1380 3271 1437 3314 en·

378 3345 506 3419 gustus:
529 3333 754 3414 existimantes,
769 3335 795 3399 si
813 3333 963 3400 Miletuin
980 3335 1012 3398 in
1028 3355 1116 3399 suam
1132 3345 1328 3419 potestatem
1345 3337 1437 3400 rede·
1493 3335 1494 3420 ,

378 3419 508 3504 gissent,
535 3433 650 3486 stetera
679 3443 807 3508 quoque
832 3423 949 3506 oppido
978 3421 1011 3484 in
1039 3443 1127 3486 susm
1154 3419 1314 3484 ditionem
1342 3421 1438 3486 senile
1493 3467 1494 3490 1

380 3518 525 3570 ventura.
1493 3531 1494 3560 ;

423 3599 477 3658 26.
500 3592 628 3657 Interes
658 3613 742 3668 vero,
764 3593 831 3679 jam
863 3593 923 3658 sub
947 3591 1162 3678 vespertinum
1188 3592 1435 3677 crepusculum,
1492 3597 1494 3620 ⁴

379 3673 454 3758 ipsis
470 3679 644 3757 nuntiatur,
661 3679 802 3765 quinque
818 3693 850 3744 et
872 3679 1103 3828 quinquaginta
1121 3677 1434 3762 Peloponuesiorum
1493 3683 1494 3736 l

378 3775 410 3826 et
433 3763 613 3829 Siculorum
637 3787 733 3828 naves
755 3779 878 3829 tantum
902 3785 966 3830 non
989 3787 1008 3830 s
1030 3786 1108 3829 esse.
1152 3763 1256 3827 ‘Nam
1281 3764 1436 3830 Hermo-

378 3861 466 3912 crute
496 3849 700 3934 Syracusano
734 3850 932 3936 potissimum
965 3849 1145 3916 Sicilienses
1178 3849 1364 3938 instigante
1394 3851 1435 3918 ed

378 3931 454 4000 belli
479 3933 629 4021 reliquias
653 3935 896 4024 persequendas,
923 3951 959 4002 ut
983 3936 1227 4002 Atheniensium
1253 3939 1435 4022 imperim
1493 3971 1494 4006 1

404 2921 423 2964 n
438 2899 501 2967 hoo
515 2914 621 2969 autem
638 2897 752 2990 proelio
767 2907 913 2992 contigit,
930 2916 966 2968 ut
981 2904 1075 2969 lones
1089 2905 1174 2969 utrin

412 4107 602 4157 'Hermoerstis
617 4109 683 4156 enirn
701 4111 809 4157 maxime
828 4111 973 4172 Syracusani
991 4123 1075 4166 suasu,
1092 4109 1226 4164 monentis,
1243 4111 1283 4168 ut,
1305 4112 1379 4170 quod
1401 4125 1439 4158 m·

378 4171 474 4232 llqnurn
485 4179 548 4220 esset
559 4175 649 4220 rirhrm
660 4175 858 4233 Atheniensium,
869 4175 894 4222 iri
904 4188 961 4221 cum
973 4177 1068 4222 ceteris
1078 4179 1185 4221 evenere
1197 4187 1227 4220 ne
1239 4181 1437 4231 cunctum,

378 4235 502 4345 galidii·
513 4238 600 4300 viginti
616 4239 823 4300 Syracusanorum
840 4251 915 4286 nares
930 4246 956 4286 et
972 4241 1028 4286 dun
1045 4237 1189 4287 Selinuntie
1201 4243 1332 4286 renuent.
1369 4239 1437 4288 Aa·
