3004 4768
353 287 418 344 aar
518 301 521 307 ι
698 235 1025 344 ’ΤΗυογυῐυῐε

261 467 323 516 sert
355 445 644 535 cumresingredi
652 448 860 512 conabantur.
885 447 1001 513 Multis
1009 447 1401 532 auteminpartibnsoon-

244 531 336 642 52¹⁰&
355 535 438 636 tigit,
453 546 632 636 utpropter
646 533 707 598 loci
722 534 893 635 angustias,
909 534 1026 619 partim
1042 533 1170 636 quidem
1195 535 1402 633 istiimpres·¹

242 619 1025 792 tmtttttttltltttt‘tttttttttt
1036 623 1138 770 tlt?
1148 631 1402 771 amm
1432 759 1436 765 ,

256 789 326 900 3·st
354 793 620 859 adhaerescerent.
646 791 792 876 Contigit
800 793 949 871 etiam,ut
1003 789 1399 876 bernatores,hasquidem

262 866 328 966 ἦ·
354 878 485 957 vitandi,
497 878 649 946 illasvero
664 897 721 962 per
736 877 865 942 insidias
875 875 949 943 inve
973 877 1059 956 endi,
1075 898 1140 942 non
1155 876 1335 964 sigillatim,
1347 879 1402 943 sed

353 966 447 1031 variis
458 965 643 1050 inpartibus
653 962 881 1049 undiquecuru
892 963 1154 1028 circumsisteret:
1171 977 1272 1050 utque
1283 965 1401 1050 strepi·

352 1063 404 1118 tus
418 1052 543 1138 ingens,
558 1051 613 1136 qui
632 1049 773 1114 amultis
796 1049 928 1114 naribus
947 1047 1212 1114 concurrentibus
1231 1049 1399 1128 edebatur,

353 1137 449 1202 simul
457 1150 490 1202 et
503 1155 652 1220 pavorem
667 1134 805 1211 afferret,
813 1147 845 1200 et
856 1135 1001 1200 nuditum
1013 1135 1168 1200 adimeret
1180 1155 1311 1212 eorum,
1328 1159 1399 1222 quse

352 1224 393 1290 ab
409 1220 915 1306 hortatoribuspraecipiebantur.
951 1219 1174 1286 'Multaenim
1186 1219 1395 1288 hortatorem

352 1307 535 1374 adhortatio
561 1306 709 1392 utrinque
731 1306 929 1383 audiebatur,
943 1325 984 1370 ex
1004 1321 1083 1386 arte,
1102 1319 1136 1371 et
1156 1317 1294 1391 propter
1316 1330 1398 1392 pra-

352 1416 424 1460 sens
444 1391 593 1458 uincendi
614 1391 772 1456 studium:
796 1391 1043 1458 Atheniensium
1062 1391 1203 1480 quidem,
1218 1404 1258 1457 ut
1271 1395 1325 1458 sut
1343 1415 1400 1479 per

353 1480 417 1544 rim
440 1477 640 1565 eruptionem
663 1475 817 1558 facerem,
839 1478 1099 1556 exclamantium,
1128 1491 1226 1564 utque
1250 1499 1352 1556 nnnc,
1374 1480 1400 1542 si

353 1587 494 1652 unquam
513 1564 602 1642 alias,
619 1563 765 1628 alacriter
786 1585 870 1630 neom
891 1564 1027 1628 salutem
1049 1576 1271 1629 conservantes
1294 1565 1330 1628 in
1346 1587 1400 1650 pa-

354 1652 446 1716 triam
463 1651 566 1715 redire
579 1664 790 1715 cunm-entur:
814 1651 1086 1736 Syracusanomm
1103 1671 1178 1713 vero
1193 1649 1398 1716 etsociorunr

353 1739 599 1813 acclamatum,
624 1735 813 1819 praclamm
842 1757 912 1800 esse
933 1735 1061 1802 illorum
1092 1738 1202 1822 lugam
1228 1735 1398 1820 impedire,

353 1835 508 1909 partaque
528 1821 662 1886 victoria
685 1842 775 1886 suam
802 1843 960 1908 quemque
981 1817 1118 1906 patriaris
1136 1822 1243 1906 glorio
1265 1843 1395 1908 augere.

356 1909 514 1974 Praeterea
529 1908 694 1993 utriusque
716 1907 822 1972 classis
846 1907 953 1984 duces,
972 1907 1070 1972 sicubi
1090 1907 1230 1992 aliquem
1252 1908 1399 1972 animad-

352 1995 519 2060 vertissent
532 2015 605 2058 cunr
621 2015 678 2060 suu
691 1993 765 2058 nari
780 1993 889 2072 cessim
905 1995 961 2072 ire,
976 1993 1112 2058 accitum
1128 1991 1321 2058 nominatim
1336 1993 1400 2078 qis

353 2078 563 2146 trierarchum
589 2079 876 2165 percontabantur3
908 2079 1120 2144 Athenienses
1149 2077 1294 2164 quidem,
1322 2101 1399 2144 num

353 2167 409 2230 isti
422 2167 669 2243 retrocederent,
690 2164 776 2251 quod
798 2163 1082 2230 infensissimomm
1104 2162 1245 2228 hostiurn
1269 2187 1398 2252 agrurn,

352 2254 420 2334 ipso
441 2250 532 2326 mari,
556 2252 647 2336 cujus
669 2248 838 2332 imperium
859 2271 925 2314 non
947 2251 1064 2336 exiffiro
1087 2249 1314 2327 obtinuissent,
1331 2253 1400 2338 jam

354 2335 536 2402 amiciorem
560 2348 723 2420 putarent;
748 2336 941 2422 Syracusani
963 2358 1049 2416 uero,
1063 2357 1140 2400 num
1162 2357 1244 2421 quos
1263 2336 1402 2402 Atheni·

354 2443 444 2487 enscs
457 2421 551 2507 plane
565 2424 681 2487 scirent
697 2420 897 2486 vehementer
911 2443 1028 2507 cupere
1047 2423 1159 2508 quavis
1174 2421 1301 2487 ratione
1320 2424 1399 2488 affir-

354 2529 440 2595 gcre,
455 2509 515 2571 hos
528 2505 684 2594 fugientes
697 2508 758 2592 ipsi
774 2510 931 2594 tugerent.

400 2602 453 2661 71.
475 2593 565 2658 Dum
581 2605 686 2658 autern
704 2592 818 2659 navale
837 2593 986 2678 proelium
1001 2593 1042 2656 nd
1057 2592 1122 2656 illis
1135 2593 1270 2678 ancipiti
1287 2592 1400 2660 Marte

354 2679 618 2754 committeretur,
637 2691 845 2765 utrorumque
866 2677 1034 2763 peditatus,
1062 2679 1177 2762 quiin
1204 2693 1293 2743 terra
1318 2693 1398 2756 mat

356 2775 527 2850 'magnum
542 2765 641 2828 animi
656 2777 815 2829 certamen
827 2765 1012 2841 sustinebat,
1022 2776 1055 2828 et
1066 2764 1111 2828 rei
1122 2778 1274 2828 eventum
1284 2765 1399 2829 admo-

354 2849 430 2913 durn
446 2862 566 2914 attente
584 2851 795 2935 exspectabat.
839 2851 891 2914 Ac
913 2853 1130 2936 Syracusanus
1151 2849 1296 2936 quidem,
1312 2851 1399 2936 quod

350 2935 418 3019 jam
433 2956 494 3020 pro
505 2935 735 3036 mojoregloria
744 2934 805 3000 sibi
815 2935 1032 3019 comparanda
1045 2936 1272 3000 contenderet:
1298 2937 1400 3000 Athe-

354 3021 650 3170 :l‘lt²ttttt.t¹
666 3021 1397 3172 tthtttm'ttttlhtfflttttt

355 3192 564 3256 Athenienses
585 3129 682 3269 enini:
697 3193 782 3278 quod
806 3129 927 3256 omneise
940 3215 1011 3256 suas
1032 3191 1177 3257 fortunas
1199 3193 1234 3255 in
1262 3195 1400 3258 naribus

353 3279 541 3362 posuissent,
557 3276 599 3342 de
613 3278 720 3343 futuro
735 3278 815 3343 adeo
830 3277 994 3354 timebant,
1008 3291 1045 3342 ut
1061 3277 1167 3343 nullas
1181 3281 1268 3342 nlius
1282 3280 1401 3363 arcybre

354 3373 434 3427 metu
446 3367 574 3446 percelli
582 3375 703 3446 pmsetr
725 3375 822 3449 atque
835 3363 896 3428 hac
910 3363 980 3445 ipsa
1001 3363 1043 3429 de
1063 3385 1158 3428 causa
1177 3363 1295 3428 narde
1309 3387 1398 3450 proe·
1481 3377 1482 3400 ³

355 3447 431 3512 lium
449 3449 649 3536 inaequaliter
660 3472 697 3514 uc
708 3451 824 3533 impari
837 3452 1014 3514 conditione
1023 3471 1064 3514 ex
1073 3462 1157 3515 terra
1168 3452 1300 3534 casque
1311 3473 1400 3536 spec*
1480 3477 1482 3532 i

354 3545 422 3598 tare
436 3537 642 3623 cogebantur.
687 3535 772 3600 Nam
798 3557 871 3600 cunr
895 3535 1111 3621 spectaculum
1130 3525 1215 3600 'esset
1228 3558 1248 3600 e
1263 3538 1400 3622 propin·
1479 3535 1482 3604 l

239 3653 242 3662 ,
353 3635 428 3704 qno,
439 3643 498 3685 nec
506 3643 618 3687 omnes
626 3621 864 3707 perimendam
878 3633 1065 3704 spectarent,
1076 3621 1102 3685 si
1118 3622 1173 3707 qui
1187 3643 1263 3686 suos
1280 3622 1402 3686 alicubi
1479 3641 1482 3720 j

354 3707 514 3770 vincentes
539 3709 769 3791 adspexisseut,
785 3729 818 3771 ae
838 3709 924 3790 ipsos
950 3707 1152 3794 colligebant,
1166 3719 1200 3770 et
1221 3709 1264 3771 ad
1280 3708 1399 3794 implo-
1480 3739 1482 3784 i

319 3829 323 3834 -
354 3791 485 3856 rendam
502 3792 646 3857 Deorum
661 3793 757 3858 fidem
772 3815 807 3857 se
828 3794 1064 3870 conrmtebant,
1082 3816 1122 3858 ne
1137 3792 1291 3858 resaluta
1309 3795 1399 3858 fran-

353 3875 484 3943 derents
506 3877 560 3942 elii
576 3901 661 3956 vero,
678 3879 733 3966 qni
745 3901 818 3945 suos
829 3879 913 3944 vinci
928 3877 1089 3956 vidissent,
1104 3879 1238 3964 planctu
1253 3879 1351 3944 amul
1362 3890 1402 3945 et
1481 3875 1482 3886 ’

353 3963 578 4030 vociferatione
602 3966 790 4042 utebantur3
821 3977 853 4030 et
875 3985 918 4030 ex
942 3965 989 4044 iis,
1013 3985 1089 4052 qnoe
1112 3964 1183 4029 fieri
1208 3966 1402 4044 cernebant,

385 4141 395 4168 ¹
413 4135 501 4184 Multae
514 4138 581 4184 etnim
596 4135 778 4185 exhortationnes
788 4140 913 4198 utrinque.
924 4139 1012 4186 multa
1024 4138 1207 4186 rodlmttonea
1217 4140 1402 4202 magistrorum

352 4206 430 4253 must.
442 4215 504 4262 quas
513 4203 552 4248 sel
560 4215 600 4248 rra
611 4204 649 4248 vel
660 4215 767 4262 presens
777 4204 925 4250 concertatio
935 4204 1082 4262 postulabat.
1115 4202 1226 4252 Amne.

385 4267 395 4295 ¹
413 4263 502 4324 lugens
512 4272 634 4313 certamen
647 4280 675 4313 no
684 4267 824 4316 animamur
836 4267 959 4315 contentio
968 4268 1072 4315 tenebat.
1105 4267 1183 4317 tute.
