2994 4788
355 271 427 339 ses
732 259 1049 338 cunctatore·
1167 289 1171 296 ·

258 523 343 586 ΜΨ
360 526 454 594 simul
467 550 505 594 ac
519 517 699 594 exercitent
710 525 906 604 eduxissent,
922 525 1098 592 nut‘hostes
1119 548 1211 592 suum
1231 523 1400 592 adrentum
1491 503 1493 538 ¹

249 601 298 700 31¹¹·
309 589 332 638 ⁷¹
361 636 426 679 non
442 628 691 701 exspectaturos,
707 626 763 679 eut
784 613 939 700 oppidum
955 635 973 676 a
987 635 1020 680 se
1034 635 1093 698 per
1108 613 1171 676 vim
1186 611 1279 677 facile
1295 635 1403 698 recep·¹
1492 605 1493 658 3

159 763 166 769 .
291 666 347 767 ei
360 712 429 765 tum
444 701 483 766 iri
498 713 659 787 putarent.
681 699 830 766 nonnihil
851 703 945 764 etism
961 703 1095 783 ipsorum
1115 700 1283 778 exercitus,
1300 699 1400 786 quiin

258 781 330 844 ⁰2⁰⁴
360 809 441 874 agro
470 789 580 854 Attico
610 787 716 852 adhue
745 801 822 865 eret,
848 787 934 872 ipsos
964 785 1147 851 retardavit.
1192 786 1400 850 Atheniense
1492 861 1493 864 Ἴ

250 844 335 960 ζξξ
359 895 436 940 vero
449 874 647 940 communito
660 875 746 938 intre
766 895 823 938 sex
848 874 913 938 dies
928 871 1009 950 loeo,
1026 873 1080 958 qui
1101 872 1318 936 continentem
1336 895 1400 936 ver·
1492 905 1493 932 r

359 982 412 1024 sus
426 973 506 1039 eret,
519 975 551 1025 et
574 960 631 1026 ubi
654 960 791 1024 maxime
811 957 991 1043 oportebat,
1005 959 1255 1024 Demosthenem
1272 958 1401 1045 quidem

359 1067 433 1133 cum
448 1047 589 1134 quinque
611 1047 744 1112 novibus
759 1045 804 1110 ibi
819 1045 1025 1132 reliquerunt,
1043 1058 1079 1110 ut
1098 1047 1126 1110 ei
1143 1043 1294 1129 praesidio
1309 1059 1400 1110 esset:
1492 1103 1493 1132 ἦ

359 1145 394 1199 et
418 1155 490 1198 curn
517 1135 650 1212 testeris,
666 1153 802 1220 quorum
827 1153 979 1198 numerus
1000 1145 1069 1198 eret
1089 1131 1200 1218 major,
1216 1154 1349 1198 cursum
1369 1135 1401 1198 in

361 1217 536 1308 Corcyram
551 1235 585 1286 et
600 1220 739 1286 Siciliam
760 1217 925 1305 urgebant.

401 1315 435 1374 6.
459 1309 503 1372 At
518 1306 754 1393 Peloponnesii,
770 1305 825 1392 qui
848 1307 881 1370 in
897 1306 1007 1372 Attice
1020 1318 1121 1384 erunt,
1139 1318 1270 1392 eccepto
1287 1306 1402 1370 nuntio

356 1391 399 1456 de
415 1391 496 1477 Pylo
512 1404 618 1478 cepte,
633 1393 765 1456 domum
788 1390 931 1456 celeriter
953 1415 986 1456 se
1005 1405 1202 1476 receperunt.
1248 1391 1402 1458 Laceda-

357 1479 459 1543 monii
474 1480 570 1554 enim,
582 1491 614 1543 et
626 1479 702 1564 Agis
713 1479 855 1563 ipsorum
874 1480 957 1554 Rex,
971 1477 1000 1542 id
1017 1479 1101 1563 quod
1115 1475 1197 1564 Pylo
1211 1479 1399 1566 contigeret,

357 1563 399 1630 ed
425 1586 458 1629 ee
483 1564 681 1650 potissimum
705 1565 863 1649 pertinere
886 1563 1057 1630 ducebant.
1083 1564 1176 1628 simul
1199 1564 1297 1628 etism
1328 1568 1401 1652 quia

357 1663 553 1735 proemsture
566 1651 778 1736 irruptionem
801 1650 950 1728 fecerent,
964 1663 997 1716 et
1010 1648 1171 1716 frumento
1184 1649 1294 1716 adhuc
1307 1653 1401 1717 viridi

349 1736 466 1813 ⁸multis
487 1752 682 1804 commestus
703 1737 823 1802 deerat.
869 1737 1030 1802 Praeteres
1050 1735 1153 1824 frigus
1174 1737 1290 1818 scrius,
1305 1760 1400 1824 quem

356 1821 438 1888 illud
452 1823 527 1889 enni
542 1837 667 1925 tempus
681 1823 785 1901 ferret,
800 1824 975 1890 exercitum
990 1823 1122 1908 pressit.
1166 1821 1277 1902 Quare
1292 1825 1400 1891 mutis

356 1907 398 1974 de
412 1911 513 1976 censis
534 1911 681 1999 contigit,
697 1922 734 1974 ut
749 1909 795 1974 illi
817 1907 950 1976 celerius
973 1933 1006 1974 se
1026 1909 1213 1996 receperint,
1235 1922 1269 1975 et
1288 1908 1323 1976 in
1341 1911 1400 1978 hee

355 1996 560 2081 expeditione
579 1998 748 2064 minimum
770 1997 957 2062 commorati
972 1994 1101 2062 fuerint.
1123 2018 1198 2062 unm
1214 1995 1399 2082 quindecim

355 2083 423 2150 dies
439 2084 470 2148 in
484 2085 594 2150 Attice
609 2096 803 2150 manserunt.

248 2191 335 2240 ntem
400 2176 431 2238 7.
455 2169 519 2235 Per
548 2170 630 2236 idern
667 2183 794 2254 tempus
825 2167 1005 2250 Simonides
1041 2168 1283 2234 Atheniensium
1322 2169 1398 2250 dux,

257 2257 320 2334 ΜΞ
355 2267 466 2322 coects
480 2277 656 2340 paucorum
672 2255 927 2332 Atheniensium,
944 2257 999 2341 qui
1018 2255 1052 2320 in
1074 2255 1232 2342 praesidiis
1247 2270 1353 2340 erent,
1368 2277 1399 2322 et

253 2320 330 2369 “⁸¹⁰⁵
356 2363 387 2408 m
432 2343 646 2408 associorom
663 2342 727 2406 illic
746 2341 959 2408 habitantium
975 2363 1083 2423 mauu,
1100 2341 1339 2430 Eionem,.quae
1354 2357 1399 2408 est

355 2365 556 2506 tenimenta,
574 2427 797 2494 Mendnorum
819 2427 994 2510 coloniam,
1004 2427 1059 2494 sed
1074 2427 1309 2514 Atheniensium
1324 2429 1397 2496 hos·-

235 2585 242 2592 ,
353 2528 418 2581 tem
430 2537 487 2602 per
498 2514 712 2604 proditionem
723 2515 900 2602 occupavit.
923 2537 995 2580 cum
1009 2527 1115 2582 nutem
1130 2513 1357 2582 Chalcidenses
1367 2530 1398 2582 et

352 2601 483 2668 Bottiaei
495 2601 663 2668 confestim
685 2623 777 2688 opem
802 2601 955 2680 tulissent,
972 2601 1046 2666 inde
1068 2601 1220 2690 expulsus
1243 2616 1300 2681 est,
1315 2601 1396 2668 mul·

354 2701 468 2776 tosque
483 2690 597 2754 milites
612 2689 729 2754 emisit.
1248 2711 1250 2716 ’

398 2782 428 2839 8.
453 2775 536 2842 Cum
549 2787 654 2841 eutem
666 2775 890 2862 Peloponnesii
900 2798 941 2842 ex
955 2777 1065 2842 Attice
1075 2776 1206 2843 domum
1219 2775 1394 2856 rediissent,

353 2861 504 2946 Spartani
524 2861 665 2947 quidem,
687 2885 759 2927 oum
784 2861 854 2947 ipsi,
878 2876 945 2928 tum
969 2863 1177 2928 finitimorum
1200 2865 1396 2949 populorum

352 2945 493 3031 proximi
508 2949 625 3034 quique
639 2947 680 3014 sd
700 2971 795 3033 opem
813 2947 895 3034 Pylo
917 2948 1060 3014 celeriter
1082 2947 1243 3014 lerendem
1260 2949 1397 3016 iverunt.

352 3047 540 3108 coeterorum
561 3056 637 3100 vero
658 3034 977 3102 Lacedaemoniorum
1001 3037 1153 3100 adversus
1170 3033 1296 3101 hostem
1322 3059 1396 3123 pro

351 3117 446 3186 tectio
469 3120 590 3186 tardior
615 3121 743 3198 exstitit,
764 3119 852 3208 quod
879 3143 920 3186 ex
945 3121 1046 3188 altere
1067 3121 1274 3207 expeditione
1300 3123 1395 3188 modo

352 3207 469 3272 reversi
491 3220 605 3273 essent.
638 3207 694 3272 sed
716 3207 836 3273 nuntiis
857 3230 915 3294 per
936 3219 1032 3274 totam
1049 3205 1127 3274 Pelo
1152 3215 1309 3274 onnesum
1335 3211 1394 3275 cir·
1492 3233 1493 3250 ¹

350 3295 528 3360 commissis
549 3295 757 3381 imperarunt,
773 3307 808 3360 ut
830 3315 930 3358 omnes
951 3295 991 3360 ad
1014 3316 1107 3379 opem
1125 3230 1206 3382 Pylo
1228 3293 1394 3363 ferendam

351 3381 457 3464 primo
471 3404 599 3467 quoque
614 3394 756 3466 tempore
770 3393 1009 3446 concurrerent.
1030 3381 1072 3446 ed
1095 3403 1168 3446 suos
1190 3381 1286 3448 etiem
1304 3406 1395 3448 sexs-
1492 3433 1493 3438 η

349 3465 440 3552 ginta
455 3489 561 3546 naves,
571 3489 644 3554 quse
659 3467 742 3551 spud
758 3465 934 3553 Corcyram
946 3482 1046 3547 erent,
1059 3467 1207 3533 nuntium
1221 3467 1394 3545 miserunt3
1492 3517 1493 3526 t

349 3573 424 3638 quaa
443 3575 499 3636 per
515 3553 711 3620 Leucadium
727 3551 886 3618 Isthmum
910 3566 1145 3638 transportetur,
1161 3575 1235 3618 cum
1253 3557 1394 3622 Atticam

348 3635 491 3719 classem,
517 3662 590 3724 ques
618 3639 660 3705 sd
685 3639 884 3727 Zacynthum
907 3653 985 3716 eret,
1012 3639 1188 3717 latuissent,
1210 3639 1252 3706 sd
1276 3641 1395 3729 Pylum

348 3739 571 3808 pervenerunt.
597 3726 700 3810 copiae
725 3749 801 3792 vero
829 3727 989 3811 pedestres
1018 3741 1050 3791 et
1077 3729 1155 3810 ipsae
1179 3728 1248 3812 jem
1275 3741 1396 3813 presto
1489 3757 1493 3808 Ις

349 3824 452 3884 erant,
495 3807 728 3878 Demosthenes
744 3835 828 3890 vero,
845 3833 918 3878 eum
935 3811 1161 3898 Peloponnesii
1178 3813 1397 3902 navigationis

349 3917 478 3962 cursum
493 3921 531 3962 eo
551 3898 660 3964 sdhuc
675 3913 828 3978 tenerent,
843 3900 923 3962 duas
945 3921 1040 3964 neves
1062 3899 1142 3964 clem
1165 3899 1254 3964 ocius
1277 3901 1396 3979 emisit,
1491 3931 1493 3986 3

347 4005 422 4069 quae
446 3985 628 4050 nuntiarent
655 3983 899 4070 Eurymedonti‚
925 3997 957 4050 et
982 3985 1105 4052 caeteris
1129 3985 1397 4066 Atheniensibus,
1491 3989 1493 4062 Ξ

349 4070 492 4155 quicum
508 4071 606 4136 classe
619 4069 662 4136 sd
679 4069 878 4158 Zacynthum
900 4086 1001 4150 erent,
1020 4087 1055 4138 ut
1077 4071 1221 4138 celeriter
1235 4075 1396 4152 venirene,
1491 4075 1493 4160 l

348 4157 435 4241 quod
451 4155 540 4222 locus
557 4159 590 4221 in
612 4157 794 4222 discrimine
809 4173 996 4224 versaretur.
1038 4157 1084 4224 'Et
1101 4157 1164 4223 illes
1178 4158 1306 4244 quidem
1322 4161 1399 4224 dnae

347 4262 454 4320 nerea
479 4244 831 4329 prout.Demosthenes
860 4245 1039 4327 manderet,
1067 4267 1214 4333 mngnnm
1242 4247 1275 4312 in
1302 4247 1398 4311 nevi·
1492 4267 1493 4272 ¹

257 459 328 522 ,ees
362 454 395 510 et
408 440 482 516 licet
496 441 620 516 interes
630 447 668 504 ts·
679 433 702 518 ἢ
714 439 889 520 sedissem,
906 452 1013 508 nmen
1028 437 1293 520 contempehmt3
1318 439 1399 524 quod
