<?xml version="1.0" encoding="UTF-8"?>
<!DOCTYPE html PUBLIC "-//W3C//DTD XHTML 1.0 Transitional//EN"
    "http://www.w3.org/TR/xhtml1/DTD/xhtml1-transitional.dtd">
<html xmlns="http://www.w3.org/1999/xhtml" xml:lang="en" lang="en">
 <head>
  <title>
</title>
<meta http-equiv="Content-Type" content="text/html;charset=utf-8" />
  <meta name='ocr-system' content='tesseract 3.04.00' />
  <meta name='ocr-capabilities' content='ocr_page ocr_carea ocr_par ocr_line ocrx_word'/>
</head>
<body>
  <div class='ocr_page' id='page_1' title='image "./thucydidisdebel00wassgoog_0275.png"; bbox 0 0 2982 4786; ppageno 0'>
   <div class='ocr_carea' id='block_1_1' title="bbox 400 321 1132 398">
    <p class='ocr_par' dir='ltr' id='par_1_1' title="bbox 400 321 1132 398">
     <span class='ocr_line' id='line_1_1' title="bbox 400 321 1132 398; baseline 0.011 -9"><span class='ocrx_word' id='word_1_1' title='bbox 400 321 645 391; x_wconf 80' lang='lat' dir='ltr'><strong>HlSTORlAE</strong></span> <span class='ocrx_word' id='word_1_2' title='bbox 669 321 757 392; x_wconf 75' lang='lat' dir='ltr'><strong>Llll.¹</strong></span> <span class='ocrx_word' id='word_1_3' title='bbox 781 327 841 392; x_wconf 90' lang='lat' dir='ltr'><strong>1v.</strong></span> <span class='ocrx_word' id='word_1_4' title='bbox 1063 333 1132 398; x_wconf 75' lang='lat' dir='ltr'><strong>cst</strong></span> 
     </span>
    </p>
   </div>
   <div class='ocr_carea' id='block_1_2' title="bbox 100 487 1247 3236">
    <p class='ocr_par' dir='ltr' id='par_1_2' title="bbox 100 487 1247 3236">
     <span class='ocr_line' id='line_1_2' title="bbox 101 487 1228 582; baseline 0.011 -27"><span class='ocrx_word' id='word_1_5' title='bbox 101 487 259 558; x_wconf 82' lang='lat' dir='ltr'><strong>Lemnum</strong></span> <span class='ocrx_word' id='word_1_6' title='bbox 274 503 307 558; x_wconf 87' lang='lat' dir='ltr'><strong>et</strong></span> <span class='ocrx_word' id='word_1_7' title='bbox 321 493 465 561; x_wconf 72' lang='lat' dir='ltr'><strong>Athenas</strong></span> <span class='ocrx_word' id='word_1_8' title='bbox 475 497 636 582; x_wconf 88' lang='lat' dir='ltr'><strong>quondam</strong></span> <span class='ocrx_word' id='word_1_9' title='bbox 652 497 862 576; x_wconf 83' lang='lat' dir='ltr'><strong>incoluerunt,</strong></span> <span class='ocrx_word' id='word_1_10' title='bbox 877 511 909 564; x_wconf 89' lang='lat' dir='ltr'><strong>et</strong></span> <span class='ocrx_word' id='word_1_11' title='bbox 924 497 1084 577; x_wconf 88' lang='lat' dir='ltr'><strong>Bisaltica,</strong></span> <span class='ocrx_word' id='word_1_12' title='bbox 1099 511 1132 564; x_wconf 86' lang='lat' dir='ltr'><strong>et</strong></span> <span class='ocrx_word' id='word_1_13' title='bbox 1166 515 1228 567; x_wconf 76' lang='lat' dir='ltr'><strong>ssu</strong></span> 
     </span>
     <span class='ocr_line' id='line_1_3' title="bbox 102 574 1238 670; baseline 0.008 -31"><span class='ocrx_word' id='word_1_14' title='bbox 102 574 295 656; x_wconf 87' lang='lat' dir='ltr'><strong>Crestonica,</strong></span> <span class='ocrx_word' id='word_1_15' title='bbox 311 593 343 646; x_wconf 89' lang='lat' dir='ltr'><strong>et</strong></span> <span class='ocrx_word' id='word_1_16' title='bbox 359 581 512 646; x_wconf 84' lang='lat' dir='ltr'><strong>Edonica.</strong></span> <span class='ocrx_word' id='word_1_17' title='bbox 558 583 718 648; x_wconf 73' lang='lat' dir='ltr'><strong>Habitant</strong></span> <span class='ocrx_word' id='word_1_18' title='bbox 739 597 843 648; x_wconf 85' lang='lat' dir='ltr'><strong>autern</strong></span> <span class='ocrx_word' id='word_1_19' title='bbox 863 585 895 648; x_wconf 92' lang='lat' dir='ltr'><strong>in</strong></span> <span class='ocrx_word' id='word_1_20' title='bbox 918 585 1130 670; x_wconf 86' lang='lat' dir='ltr'><strong>parvis-oppi-</strong></span> <span class='ocrx_word' id='word_1_21' title='bbox 1155 581 1238 642; x_wconf 63' lang='lat' dir='ltr'><strong>¹²²¹⁰lt</strong></span> 
     </span>
     <span class='ocr_line' id='line_1_4' title="bbox 100 647 1247 772; baseline 0.009 -48"><span class='ocrx_word' id='word_1_22' title='bbox 100 659 191 728; x_wconf 82' lang='lat' dir='ltr'><strong>dctis.</strong></span> <span class='ocrx_word' id='word_1_23' title='bbox 239 665 366 730; x_wconf 88' lang='lat' dir='ltr'><strong>Harum</strong></span> <span class='ocrx_word' id='word_1_24' title='bbox 395 668 556 754; x_wconf 79' lang='lat' dir='ltr'><strong>pleraeque</strong></span> <span class='ocrx_word' id='word_1_25' title='bbox 584 669 623 732; x_wconf 87' lang='lat' dir='ltr'><strong>sd</strong></span> <span class='ocrx_word' id='word_1_26' title='bbox 654 669 820 735; x_wconf 84' lang='lat' dir='ltr'><strong>Brasidanr</strong></span> <span class='ocrx_word' id='word_1_27' title='bbox 849 670 1048 736; x_wconf 80' lang='lat' dir='ltr'><strong>defecerunt:</strong></span> <span class='ocrx_word' id='word_1_28' title='bbox 1079 670 1131 734; x_wconf 87' lang='lat' dir='ltr'><strong>sed</strong></span> <span class='ocrx_word' id='word_1_29' title='bbox 1146 647 1247 772; x_wconf 42' lang='lat' dir='ltr'><strong>61⁰5ss</strong></span> 
     </span>
     <span class='ocr_line' id='line_1_5' title="bbox 103 747 1234 836; baseline 0.007 -24"><span class='ocrx_word' id='word_1_30' title='bbox 103 747 193 825; x_wconf 88' lang='lat' dir='ltr'><strong>Sane,</strong></span> <span class='ocrx_word' id='word_1_31' title='bbox 209 762 241 815; x_wconf 90' lang='lat' dir='ltr'><strong>et</strong></span> <span class='ocrx_word' id='word_1_32' title='bbox 263 750 351 816; x_wconf 91' lang='lat' dir='ltr'><strong>Dion</strong></span> <span class='ocrx_word' id='word_1_33' title='bbox 374 755 437 836; x_wconf 83' lang='lat' dir='ltr'><strong>ipsi</strong></span> <span class='ocrx_word' id='word_1_34' title='bbox 459 753 582 819; x_wconf 85' lang='lat' dir='ltr'><strong>restitit.</strong></span> <span class='ocrx_word' id='word_1_35' title='bbox 603 766 637 818; x_wconf 86' lang='lat' dir='ltr'><strong>et</strong></span> <span class='ocrx_word' id='word_1_36' title='bbox 661 757 732 819; x_wconf 81' lang='lat' dir='ltr'><strong>ideo</strong></span> <span class='ocrx_word' id='word_1_37' title='bbox 748 757 903 822; x_wconf 71' lang='lat' dir='ltr'><strong>Brucidas</strong></span> <span class='ocrx_word' id='word_1_38' title='bbox 927 756 992 820; x_wconf 91' lang='lat' dir='ltr'><strong>illic</strong></span> <span class='ocrx_word' id='word_1_39' title='bbox 1015 756 1132 820; x_wconf 88' lang='lat' dir='ltr'><strong>habens</strong></span> <span class='ocrx_word' id='word_1_40' title='bbox 1159 773 1199 820; x_wconf 81' lang='lat' dir='ltr'><strong>ss.</strong></span> <span class='ocrx_word' id='word_1_41' title='bbox 1212 773 1234 820; x_wconf 81' lang='grc' dir='ltr'><strong>ι.</strong></span> 
     </span>
     <span class='ocr_line' id='line_1_6' title="bbox 100 834 1233 947; baseline 0.011 -52"><span class='ocrx_word' id='word_1_42' title='bbox 100 834 221 912; x_wconf 79' lang='lat' dir='ltr'><strong>stativs,</strong></span> <span class='ocrx_word' id='word_1_43' title='bbox 236 835 399 924; x_wconf 83' lang='lat' dir='ltr'>regionem</span> <span class='ocrx_word' id='word_1_44' title='bbox 415 839 556 923; x_wconf 82' lang='lat' dir='ltr'><strong>ipsarum</strong></span> <span class='ocrx_word' id='word_1_45' title='bbox 571 840 722 906; x_wconf 76' lang='lat' dir='ltr'><strong>vastabat</strong></span> <span class='ocrx_word' id='word_1_46' title='bbox 1162 837 1192 947; x_wconf 54' lang='grc' dir='ltr'><strong>ξ·</strong></span> <span class='ocrx_word' id='word_1_47' title='bbox 1205 835 1233 883; x_wconf 83' lang='lat'><strong>⁰·</strong></span> 
     </span>
     <span class='ocr_line' id='line_1_7' title="bbox 146 913 1232 1012; baseline 0.007 -30"><span class='ocrx_word' id='word_1_48' title='bbox 146 928 218 986; x_wconf 87' lang='lat'><strong>110.</strong></span> <span class='ocrx_word' id='word_1_49' title='bbox 242 922 306 997; x_wconf 84' lang='lat' dir='ltr'><strong>Sed</strong></span> <span class='ocrx_word' id='word_1_50' title='bbox 327 945 399 988; x_wconf 82' lang='lat' dir='ltr'><strong>curn</strong></span> <span class='ocrx_word' id='word_1_51' title='bbox 422 925 579 1008; x_wconf 86' lang='lat' dir='ltr'><strong>imperatu</strong></span> <span class='ocrx_word' id='word_1_52' title='bbox 600 925 703 989; x_wconf 85' lang='lat' dir='ltr'><strong>lacere</strong></span> <span class='ocrx_word' id='word_1_53' title='bbox 716 924 847 1002; x_wconf 89' lang='lat' dir='ltr'><strong>nollent,</strong></span> <span class='ocrx_word' id='word_1_54' title='bbox 863 927 1017 992; x_wconf 91' lang='lat' dir='ltr'><strong>continno</strong></span> <span class='ocrx_word' id='word_1_55' title='bbox 1031 939 1134 993; x_wconf 83' lang='lat' dir='ltr'><strong>castra</strong></span> <span class='ocrx_word' id='word_1_56' title='bbox 1168 913 1232 1012; x_wconf 48' lang='grc' dir='ltr'><strong>ἐξ·</strong></span> 
     </span>
     <span class='ocr_line' id='line_1_8' title="bbox 100 1007 1135 1096; baseline 0.01 -28"><span class='ocrx_word' id='word_1_57' title='bbox 100 1007 200 1070; x_wconf 82' lang='lat' dir='ltr'><strong>morit</strong></span> <span class='ocrx_word' id='word_1_58' title='bbox 219 1007 369 1073; x_wconf 83' lang='lat' dir='ltr'><strong>adversus</strong></span> <span class='ocrx_word' id='word_1_59' title='bbox 387 1009 551 1074; x_wconf 89' lang='lat' dir='ltr'><strong>Toronam</strong></span> <span class='ocrx_word' id='word_1_60' title='bbox 572 1010 799 1088; x_wconf 80' lang='lat' dir='ltr'><strong>Chalcidicam,</strong></span> <span class='ocrx_word' id='word_1_61' title='bbox 815 1033 911 1096; x_wconf 83' lang='lat' dir='ltr'><strong>quarn</strong></span> <span class='ocrx_word' id='word_1_62' title='bbox 927 1012 1135 1078; x_wconf 80' lang='lat' dir='ltr'>Athenienses</span> 
     </span>
     <span class='ocr_line' id='line_1_9' title="bbox 102 1093 1135 1183; baseline 0.008 -29"><span class='ocrx_word' id='word_1_63' title='bbox 102 1093 259 1158; x_wconf 84' lang='lat' dir='ltr'><strong>tenebant.</strong></span> <span class='ocrx_word' id='word_1_64' title='bbox 305 1093 477 1181; x_wconf 88' lang='lat' dir='ltr'><strong>Ipsumque</strong></span> <span class='ocrx_word' id='word_1_65' title='bbox 504 1097 599 1180; x_wconf 91' lang='lat' dir='ltr'><strong>pauci</strong></span> <span class='ocrx_word' id='word_1_66' title='bbox 627 1097 768 1182; x_wconf 90' lang='lat' dir='ltr'><strong>quidam,</strong></span> <span class='ocrx_word' id='word_1_67' title='bbox 795 1097 851 1183; x_wconf 92' lang='lat' dir='ltr'><strong>qui</strong></span> <span class='ocrx_word' id='word_1_68' title='bbox 879 1100 989 1162; x_wconf 86' lang='lat' dir='ltr'><strong>urbem</strong></span> <span class='ocrx_word' id='word_1_69' title='bbox 1020 1099 1135 1162; x_wconf 85' lang='lat' dir='ltr'><strong>dedere</strong></span> 
     </span>
     <span class='ocr_line' id='line_1_10' title="bbox 100 1178 1135 1265; baseline 0.008 -25"><span class='ocrx_word' id='word_1_70' title='bbox 100 1178 206 1262; x_wconf 86' lang='lat' dir='ltr'><strong>parati</strong></span> <span class='ocrx_word' id='word_1_71' title='bbox 226 1194 326 1257; x_wconf 80' lang='lat' dir='ltr'><strong>erant,</strong></span> <span class='ocrx_word' id='word_1_72' title='bbox 349 1181 569 1246; x_wconf 74' lang='lat' dir='ltr'>accersierunt.</span> <span class='ocrx_word' id='word_1_73' title='bbox 614 1181 659 1245; x_wconf 84' lang='lat' dir='ltr'><strong>Et</strong></span> <span class='ocrx_word' id='word_1_74' title='bbox 683 1203 755 1247; x_wconf 88' lang='lat' dir='ltr'><strong>cum</strong></span> <span class='ocrx_word' id='word_1_75' title='bbox 777 1203 812 1245; x_wconf 84' lang='lat' dir='ltr'><strong>ao</strong></span> <span class='ocrx_word' id='word_1_76' title='bbox 836 1183 1037 1265; x_wconf 85' lang='lat' dir='ltr'><strong>pervenisset,</strong></span> <span class='ocrx_word' id='word_1_77' title='bbox 1058 1183 1135 1248; x_wconf 86' lang='lat' dir='ltr'><strong>dum</strong></span> 
     </span>
     <span class='ocr_line' id='line_1_11' title="bbox 100 1262 1136 1352; baseline 0.006 -26"><span class='ocrx_word' id='word_1_78' title='bbox 100 1262 209 1329; x_wconf 87' lang='lat' dir='ltr'><strong>adbuc</strong></span> <span class='ocrx_word' id='word_1_79' title='bbox 228 1286 294 1330; x_wconf 85' lang='lat' dir='ltr'><strong>nox</strong></span> <span class='ocrx_word' id='word_1_80' title='bbox 309 1282 397 1344; x_wconf 83' lang='lat' dir='ltr'><strong>esset,</strong></span> <span class='ocrx_word' id='word_1_81' title='bbox 408 1267 577 1352; x_wconf 86' lang='lat' dir='ltr'><strong>jamcirca</strong></span> <span class='ocrx_word' id='word_1_82' title='bbox 596 1268 736 1352; x_wconf 87' lang='lat' dir='ltr'><strong>primum</strong></span> <span class='ocrx_word' id='word_1_83' title='bbox 758 1266 946 1346; x_wconf 87' lang='lat' dir='ltr'><strong>diluculum,</strong></span> <span class='ocrx_word' id='word_1_84' title='bbox 961 1290 1034 1333; x_wconf 85' lang='lat' dir='ltr'><strong>curn</strong></span> <span class='ocrx_word' id='word_1_85' title='bbox 1048 1291 1136 1333; x_wconf 82' lang='lat' dir='ltr'><strong>exer·</strong></span> 
     </span>
     <span class='ocr_line' id='line_1_12' title="bbox 100 1351 1138 1438; baseline 0.007 -27"><span class='ocrx_word' id='word_1_86' title='bbox 100 1352 167 1412; x_wconf 91' lang='lat' dir='ltr'><strong>citu</strong></span> <span class='ocrx_word' id='word_1_87' title='bbox 190 1351 333 1416; x_wconf 79' lang='lat' dir='ltr'><strong>consedit</strong></span> <span class='ocrx_word' id='word_1_88' title='bbox 354 1353 396 1418; x_wconf 88' lang='lat' dir='ltr'><strong>sd</strong></span> <span class='ocrx_word' id='word_1_89' title='bbox 419 1352 559 1418; x_wconf 88' lang='lat' dir='ltr'><strong>Castoris</strong></span> <span class='ocrx_word' id='word_1_90' title='bbox 580 1367 612 1416; x_wconf 88' lang='lat' dir='ltr'><strong>et</strong></span> <span class='ocrx_word' id='word_1_91' title='bbox 635 1352 771 1418; x_wconf 82' lang='lat' dir='ltr'><strong>Pollucis</strong></span> <span class='ocrx_word' id='word_1_92' title='bbox 795 1354 961 1438; x_wconf 88' lang='lat' dir='ltr'><strong>templum,</strong></span> <span class='ocrx_word' id='word_1_93' title='bbox 985 1354 1070 1438; x_wconf 90' lang='lat' dir='ltr'><strong>quod</strong></span> <span class='ocrx_word' id='word_1_94' title='bbox 1097 1354 1138 1419; x_wconf 87' lang='lat' dir='ltr'><strong>sb</strong></span> 
     </span>
     <span class='ocr_line' id='line_1_13' title="bbox 103 1431 1138 1525; baseline 0.006 -29"><span class='ocrx_word' id='word_1_95' title='bbox 103 1431 182 1500; x_wconf 87' lang='lat' dir='ltr'><strong>urbe</strong></span> <span class='ocrx_word' id='word_1_96' title='bbox 204 1436 307 1502; x_wconf 84' lang='lat' dir='ltr'><strong>tribus</strong></span> <span class='ocrx_word' id='word_1_97' title='bbox 330 1436 429 1504; x_wconf 85' lang='lat' dir='ltr'><strong>lcrme</strong></span> <span class='ocrx_word' id='word_1_98' title='bbox 450 1438 558 1504; x_wconf 87' lang='lat' dir='ltr'><strong>stadiis</strong></span> <span class='ocrx_word' id='word_1_99' title='bbox 579 1439 684 1503; x_wconf 86' lang='lat' dir='ltr'><strong>distat.</strong></span> <span class='ocrx_word' id='word_1_100' title='bbox 728 1440 836 1524; x_wconf 83' lang='lat' dir='ltr'>Atque</span> <span class='ocrx_word' id='word_1_101' title='bbox 861 1439 984 1504; x_wconf 83' lang='lat' dir='ltr'><strong>coeteris</strong></span> <span class='ocrx_word' id='word_1_102' title='bbox 1008 1439 1138 1525; x_wconf 87' lang='lat' dir='ltr'><strong>quidem</strong></span> 
     </span>
     <span class='ocr_line' id='line_1_14' title="bbox 105 1519 1139 1610; baseline 0.002 -25"><span class='ocrx_word' id='word_1_103' title='bbox 105 1519 285 1600; x_wconf 83' lang='lat' dir='ltr'><strong>Toron&#39;ssis,</strong></span> <span class='ocrx_word' id='word_1_104' title='bbox 296 1524 350 1609; x_wconf 91' lang='lat' dir='ltr'><strong>qui</strong></span> <span class='ocrx_word' id='word_1_105' title='bbox 365 1525 398 1588; x_wconf 92' lang='lat' dir='ltr'><strong>in</strong></span> <span class='ocrx_word' id='word_1_106' title='bbox 414 1524 493 1588; x_wconf 89' lang='lat' dir='ltr'><strong>urbe</strong></span> <span class='ocrx_word' id='word_1_107' title='bbox 502 1535 603 1601; x_wconf 87' lang='lat' dir='ltr'><strong>erant,</strong></span> <span class='ocrx_word' id='word_1_108' title='bbox 616 1536 649 1589; x_wconf 87' lang='lat' dir='ltr'><strong>et</strong></span> <span class='ocrx_word' id='word_1_109' title='bbox 658 1523 915 1600; x_wconf 81' lang='lat' dir='ltr'><strong>Atheniensibus,</strong></span> <span class='ocrx_word' id='word_1_110' title='bbox 928 1524 982 1610; x_wconf 90' lang='lat' dir='ltr'><strong>qui</strong></span> <span class='ocrx_word' id='word_1_111' title='bbox 998 1525 1041 1588; x_wconf 89' lang='lat' dir='ltr'><strong>ibi</strong></span> <span class='ocrx_word' id='word_1_112' title='bbox 1056 1545 1139 1609; x_wconf 79' lang='lat' dir='ltr'><strong>prae·</strong></span> 
     </span>
     <span class='ocr_line' id='line_1_15' title="bbox 102 1605 1140 1697; baseline 0.004 -27"><span class='ocrx_word' id='word_1_113' title='bbox 102 1605 186 1671; x_wconf 92' lang='lat' dir='ltr'><strong>sidio</strong></span> <span class='ocrx_word' id='word_1_114' title='bbox 200 1611 382 1696; x_wconf 70' lang='lat' dir='ltr'><strong>erant&#39;q&#39;us</strong></span> <span class='ocrx_word' id='word_1_115' title='bbox 397 1611 550 1674; x_wconf 83' lang='lat' dir='ltr'><strong>sdvemus</strong></span> <span class='ocrx_word' id='word_1_116' title='bbox 563 1623 633 1675; x_wconf 82' lang='lat' dir='ltr'><strong>erat</strong></span> <span class='ocrx_word' id='word_1_117' title='bbox 651 1611 795 1697; x_wconf 83' lang='lat' dir='ltr'><strong>ignotus3</strong></span> <span class='ocrx_word' id='word_1_118' title='bbox 819 1611 872 1674; x_wconf 86' lang='lat' dir='ltr'><strong>sed</strong></span> <span class='ocrx_word' id='word_1_119' title='bbox 889 1612 944 1697; x_wconf 93' lang='lat' dir='ltr'><strong>qui</strong></span> <span class='ocrx_word' id='word_1_120' title='bbox 959 1632 1031 1676; x_wconf 87' lang='lat' dir='ltr'><strong>curn</strong></span> <span class='ocrx_word' id='word_1_121' title='bbox 1047 1633 1085 1674; x_wconf 84' lang='lat' dir='ltr'><strong>co</strong></span> <span class='ocrx_word' id='word_1_122' title='bbox 1099 1609 1140 1674; x_wconf 87' lang='lat' dir='ltr'><strong>ds</strong></span> 
     </span>
     <span class='ocr_line' id='line_1_16' title="bbox 101 1692 1140 1783; baseline 0.005 -27"><span class='ocrx_word' id='word_1_123' title='bbox 101 1692 191 1756; x_wconf 87' lang='lat' dir='ltr'><strong>urbis</strong></span> <span class='ocrx_word' id='word_1_124' title='bbox 215 1695 398 1780; x_wconf 85' lang='lat' dir='ltr'><strong>proditione</strong></span> <span class='ocrx_word' id='word_1_125' title='bbox 422 1709 563 1783; x_wconf 80' lang='lat' dir='ltr'><strong>egerant,</strong></span> <span class='ocrx_word' id='word_1_126' title='bbox 584 1717 656 1761; x_wconf 88' lang='lat' dir='ltr'><strong>cum</strong></span> <span class='ocrx_word' id='word_1_127' title='bbox 680 1718 751 1760; x_wconf 88' lang='lat' dir='ltr'><strong>euru</strong></span> <span class='ocrx_word' id='word_1_128' title='bbox 774 1709 941 1761; x_wconf 86' lang='lat' dir='ltr'><strong>venturum</strong></span> <span class='ocrx_word' id='word_1_129' title='bbox 963 1697 1089 1774; x_wconf 86' lang='lat' dir='ltr'><strong>scirent,</strong></span> <span class='ocrx_word' id='word_1_130' title='bbox 1108 1707 1140 1761; x_wconf 88' lang='lat' dir='ltr'><strong>et</strong></span> 
     </span>
     <span class='ocr_line' id='line_1_17' title="bbox 102 1777 1139 1867; baseline 0.004 -25"><span class='ocrx_word' id='word_1_131' title='bbox 102 1777 225 1865; x_wconf 87' lang='lat' dir='ltr'><strong>aliquot</strong></span> <span class='ocrx_word' id='word_1_132' title='bbox 239 1803 279 1844; x_wconf 86' lang='lat' dir='ltr'><strong>ex</strong></span> <span class='ocrx_word' id='word_1_133' title='bbox 290 1781 369 1867; x_wconf 83' lang='lat' dir='ltr'><strong>&#39;ipsis</strong></span> <span class='ocrx_word' id='word_1_134' title='bbox 384 1781 422 1845; x_wconf 89' lang='lat' dir='ltr'><strong>ad</strong></span> <span class='ocrx_word' id='word_1_135' title='bbox 445 1803 518 1846; x_wconf 89' lang='lat' dir='ltr'><strong>eum</strong></span> <span class='ocrx_word' id='word_1_136' title='bbox 532 1781 614 1846; x_wconf 87' lang='lat' dir='ltr'><strong>clam</strong></span> <span class='ocrx_word' id='word_1_137' title='bbox 629 1782 841 1859; x_wconf 82' lang='lat' dir='ltr'><strong>accessissent,</strong></span> <span class='ocrx_word' id='word_1_138' title='bbox 857 1783 954 1867; x_wconf 90' lang='lat' dir='ltr'><strong>ipsius</strong></span> <span class='ocrx_word' id='word_1_139' title='bbox 969 1783 1139 1846; x_wconf 82' lang='lat' dir='ltr'><strong>adventum</strong></span> 
     </span>
     <span class='ocr_line' id='line_1_18' title="bbox 103 1864 1140 1952; baseline 0.005 -24"><span class='ocrx_word' id='word_1_140' title='bbox 103 1864 327 1931; x_wconf 83' lang='lat' dir='ltr'><strong>observabant.</strong></span> <span class='ocrx_word' id='word_1_141' title='bbox 371 1867 454 1931; x_wconf 88' lang='lat' dir='ltr'><strong>Cum</strong></span> <span class='ocrx_word' id='word_1_142' title='bbox 478 1880 583 1932; x_wconf 88' lang='lat' dir='ltr'><strong>autem</strong></span> <span class='ocrx_word' id='word_1_143' title='bbox 600 1889 673 1931; x_wconf 89' lang='lat' dir='ltr'><strong>eum</strong></span> <span class='ocrx_word' id='word_1_144' title='bbox 691 1867 758 1952; x_wconf 88' lang='lat' dir='ltr'><strong>jam</strong></span> <span class='ocrx_word' id='word_1_145' title='bbox 780 1868 887 1931; x_wconf 78' lang='lat' dir='ltr'><strong>adesse</strong></span> <span class='ocrx_word' id='word_1_146' title='bbox 906 1869 1082 1945; x_wconf 78' lang='lat' dir='ltr'><strong>sensissent,</strong></span> <span class='ocrx_word' id='word_1_147' title='bbox 1098 1868 1140 1933; x_wconf 84' lang='lat' dir='ltr'><strong>sd</strong></span> 
     </span>
     <span class='ocr_line' id='line_1_19' title="bbox 103 1949 1141 2038; baseline 0.002 -24"><span class='ocrx_word' id='word_1_148' title='bbox 103 1973 137 2014; x_wconf 89' lang='lat' dir='ltr'><strong>se</strong></span> <span class='ocrx_word' id='word_1_149' title='bbox 158 1949 360 2017; x_wconf 85' lang='lat' dir='ltr'><strong>deduxerunt</strong></span> <span class='ocrx_word' id='word_1_150' title='bbox 382 1966 501 2038; x_wconf 85' lang='lat' dir='ltr'><strong>septem</strong></span> <span class='ocrx_word' id='word_1_151' title='bbox 523 1953 618 2029; x_wconf 83' lang='lat' dir='ltr'><strong>viros,</strong></span> <span class='ocrx_word' id='word_1_152' title='bbox 638 1953 693 2038; x_wconf 91' lang='lat' dir='ltr'><strong>qui</strong></span> <span class='ocrx_word' id='word_1_153' title='bbox 717 1952 807 2016; x_wconf 89' lang='lat' dir='ltr'><strong>nulla</strong></span> <span class='ocrx_word' id='word_1_154' title='bbox 827 1953 888 2017; x_wconf 83' lang='lat' dir='ltr'><strong>alis</strong></span> <span class='ocrx_word' id='word_1_155' title='bbox 910 1975 1000 2017; x_wconf 86' lang='lat' dir='ltr'><strong>arma</strong></span> <span class='ocrx_word' id='word_1_156' title='bbox 1023 1965 1141 2038; x_wconf 86' lang='lat' dir='ltr'><strong>praeter</strong></span> 
     </span>
     <span class='ocr_line' id='line_1_20' title="bbox 104 2036 1139 2122; baseline 0.001 -23"><span class='ocrx_word' id='word_1_157' title='bbox 104 2036 260 2120; x_wconf 78' lang='lat' dir='ltr'><strong>pugiones</strong></span> <span class='ocrx_word' id='word_1_158' title='bbox 281 2037 451 2103; x_wconf 85' lang='lat' dir='ltr'><strong>habebant.</strong></span> <span class='ocrx_word' id='word_1_159' title='bbox 496 2038 564 2103; x_wconf 85' lang='lat' dir='ltr'><strong>Tot</strong></span> <span class='ocrx_word' id='word_1_160' title='bbox 585 2038 670 2102; x_wconf 87' lang='lat' dir='ltr'><strong>enim</strong></span> <span class='ocrx_word' id='word_1_161' title='bbox 692 2038 846 2102; x_wconf 81' lang='lat' dir='ltr'><strong>duntaxat</strong></span> <span class='ocrx_word' id='word_1_162' title='bbox 868 2061 908 2103; x_wconf 88' lang='lat' dir='ltr'><strong>ex</strong></span> <span class='ocrx_word' id='word_1_163' title='bbox 926 2039 1038 2122; x_wconf 81' lang='lat' dir='ltr'><strong>viginti</strong></span> <span class='ocrx_word' id='word_1_164' title='bbox 1053 2039 1139 2115; x_wconf 86' lang='lat' dir='ltr'><strong>viris,</strong></span> 
     </span>
     <span class='ocr_line' id='line_1_21' title="bbox 104 2121 1141 2211; baseline 0 -25"><span class='ocrx_word' id='word_1_165' title='bbox 104 2121 222 2207; x_wconf 89' lang='lat' dir='ltr'><strong>quibus</strong></span> <span class='ocrx_word' id='word_1_166' title='bbox 243 2123 380 2208; x_wconf 86' lang='lat' dir='ltr'><strong>primunr</strong></span> <span class='ocrx_word' id='word_1_167' title='bbox 403 2125 564 2211; x_wconf 86' lang='lat' dir='ltr'><strong>negotium</strong></span> <span class='ocrx_word' id='word_1_168' title='bbox 587 2124 696 2189; x_wconf 89' lang='lat' dir='ltr'><strong>datum</strong></span> <span class='ocrx_word' id='word_1_169' title='bbox 720 2123 833 2200; x_wconf 84' lang='lat' dir='ltr'><strong>suerat,</strong></span> <span class='ocrx_word' id='word_1_170' title='bbox 848 2123 974 2210; x_wconf 81' lang='lat' dir='ltr'><strong>ingredi</strong></span> <span class='ocrx_word' id='word_1_171' title='bbox 996 2141 1060 2186; x_wconf 90' lang='lat' dir='ltr'><strong>non</strong></span> <span class='ocrx_word' id='word_1_172' title='bbox 1081 2124 1141 2187; x_wconf 90' lang='lat' dir='ltr'><strong>du-</strong></span> 
     </span>
     <span class='ocr_line' id='line_1_22' title="bbox 104 2207 1142 2296; baseline 0 -24"><span class='ocrx_word' id='word_1_173' title='bbox 104 2207 266 2273; x_wconf 81' lang='lat' dir='ltr'><strong>bitarunt:</strong></span> <span class='ocrx_word' id='word_1_174' title='bbox 290 2209 500 2296; x_wconf 77' lang='lat' dir='ltr'><strong>(Lysistratus</strong></span> <span class='ocrx_word' id='word_1_175' title='bbox 521 2230 597 2274; x_wconf 77' lang='lat' dir='ltr'><strong>vero</strong></span> <span class='ocrx_word' id='word_1_176' title='bbox 618 2208 792 2295; x_wconf 85' lang='lat' dir='ltr'><strong>Olynthius</strong></span> <span class='ocrx_word' id='word_1_177' title='bbox 813 2210 898 2295; x_wconf 89' lang='lat' dir='ltr'><strong>ipsos</strong></span> <span class='ocrx_word' id='word_1_178' title='bbox 920 2209 1071 2290; x_wconf 85' lang='lat' dir='ltr'><strong>ducebat)</strong></span> <span class='ocrx_word' id='word_1_179' title='bbox 1086 2210 1142 2294; x_wconf 90' lang='lat' dir='ltr'><strong>qui</strong></span> 
     </span>
     <span class='ocr_line' id='line_1_23' title="bbox 103 2293 1142 2382; baseline -0.001 -24"><span class='ocrx_word' id='word_1_180' title='bbox 103 2312 179 2358; x_wconf 86' lang='lat' dir='ltr'><strong>oum</strong></span> <span class='ocrx_word' id='word_1_181' title='bbox 201 2315 259 2380; x_wconf 88' lang='lat' dir='ltr'><strong>per</strong></span> <span class='ocrx_word' id='word_1_182' title='bbox 278 2317 403 2360; x_wconf 88' lang='lat' dir='ltr'><strong>murum</strong></span> <span class='ocrx_word' id='word_1_183' title='bbox 420 2295 461 2360; x_wconf 88' lang='lat' dir='ltr'><strong>ad</strong></span> <span class='ocrx_word' id='word_1_184' title='bbox 484 2315 570 2360; x_wconf 87' lang='lat' dir='ltr'><strong>mare</strong></span> <span class='ocrx_word' id='word_1_185' title='bbox 583 2306 765 2382; x_wconf 86' lang='lat' dir='ltr'><strong>vergentem</strong></span> <span class='ocrx_word' id='word_1_186' title='bbox 787 2293 896 2359; x_wconf 86' lang='lat' dir='ltr'><strong>furtim</strong></span> <span class='ocrx_word' id='word_1_187' title='bbox 918 2307 1021 2360; x_wconf 87' lang='lat' dir='ltr'><strong>essent</strong></span> <span class='ocrx_word' id='word_1_188' title='bbox 1042 2296 1142 2359; x_wconf 89' lang='lat' dir='ltr'><strong>intro-</strong></span> 
     </span>
     <span class='ocr_line' id='line_1_24' title="bbox 102 2381 1141 2466; baseline 0.003 -25"><span class='ocrx_word' id='word_1_189' title='bbox 102 2381 218 2466; x_wconf 78' lang='lat' dir='ltr'><strong>gressi,</strong></span> <span class='ocrx_word' id='word_1_190' title='bbox 233 2391 266 2444; x_wconf 90' lang='lat' dir='ltr'><strong>et</strong></span> <span class='ocrx_word' id='word_1_191' title='bbox 285 2381 319 2444; x_wconf 93' lang='lat' dir='ltr'><strong>in</strong></span> <span class='ocrx_word' id='word_1_192' title='bbox 341 2403 498 2445; x_wconf 81' lang='lat' dir='ltr'><strong>summum</strong></span> <span class='ocrx_word' id='word_1_193' title='bbox 520 2401 625 2444; x_wconf 88' lang='lat' dir='ltr'><strong>arcem</strong></span> <span class='ocrx_word' id='word_1_194' title='bbox 644 2383 733 2462; x_wconf 86' lang='lat' dir='ltr'><strong>(urba</strong></span> <span class='ocrx_word' id='word_1_195' title='bbox 747 2381 831 2444; x_wconf 86' lang='lat' dir='ltr'><strong>cuim</strong></span> <span class='ocrx_word' id='word_1_196' title='bbox 845 2381 879 2444; x_wconf 91' lang='lat' dir='ltr'><strong>in</strong></span> <span class='ocrx_word' id='word_1_197' title='bbox 895 2381 975 2446; x_wconf 85' lang='lat' dir='ltr'><strong>colle</strong></span> <span class='ocrx_word' id='word_1_198' title='bbox 988 2381 1047 2444; x_wconf 90' lang='lat' dir='ltr'><strong>sita</strong></span> <span class='ocrx_word' id='word_1_199' title='bbox 1060 2382 1141 2461; x_wconf 82' lang='lat' dir='ltr'><strong>erat)</strong></span> 
     </span>
     <span class='ocr_line' id='line_1_25' title="bbox 102 2463 1143 2553; baseline -0.001 -23"><span class='ocrx_word' id='word_1_200' title='bbox 102 2463 330 2546; x_wconf 82' lang='lat' dir='ltr'><strong>ascendissent,</strong></span> <span class='ocrx_word' id='word_1_201' title='bbox 346 2467 460 2531; x_wconf 86' lang='lat' dir='ltr'><strong>milites</strong></span> <span class='ocrx_word' id='word_1_202' title='bbox 482 2465 704 2551; x_wconf 81' lang='lat' dir='ltr'><strong>proeaidiorios,</strong></span> <span class='ocrx_word' id='word_1_203' title='bbox 720 2466 775 2553; x_wconf 92' lang='lat' dir='ltr'><strong>qui</strong></span> <span class='ocrx_word' id='word_1_204' title='bbox 797 2467 830 2530; x_wconf 93' lang='lat' dir='ltr'><strong>in</strong></span> <span class='ocrx_word' id='word_1_205' title='bbox 849 2489 886 2530; x_wconf 86' lang='lat' dir='ltr'><strong>eo</strong></span> <span class='ocrx_word' id='word_1_206' title='bbox 899 2477 999 2542; x_wconf 85' lang='lat' dir='ltr'><strong>erant,</strong></span> <span class='ocrx_word' id='word_1_207' title='bbox 1014 2465 1143 2530; x_wconf 87' lang='lat' dir='ltr'><strong>interfe-</strong></span> 
     </span>
     <span class='ocr_line' id='line_1_26' title="bbox 102 2551 1143 2700; baseline 0 -85"><span class='ocrx_word' id='word_1_208' title='bbox 102 2562 238 2700; x_wconf 53' lang='grc' dir='ltr'><strong>ἴωπες</strong></span> <span class='ocrx_word' id='word_1_209' title='bbox 261 2564 294 2617; x_wconf 91' lang='lat' dir='ltr'><strong>et</strong></span> <span class='ocrx_word' id='word_1_210' title='bbox 317 2552 490 2636; x_wconf 87' lang='lat' dir='ltr'><strong>portulam,</strong></span> <span class='ocrx_word' id='word_1_211' title='bbox 505 2573 578 2638; x_wconf 83' lang='lat' dir='ltr'><strong>quae</strong></span> <span class='ocrx_word' id='word_1_212' title='bbox 602 2551 821 2616; x_wconf 71' lang='lat' dir='ltr'><strong>Canastraeum</strong></span> <span class='ocrx_word' id='word_1_213' title='bbox 843 2573 951 2617; x_wconf 85' lang='lat' dir='ltr'><strong>versus</strong></span> <span class='ocrx_word' id='word_1_214' title='bbox 972 2563 1051 2628; x_wconf 88' lang='lat' dir='ltr'><strong>erat,</strong></span> <span class='ocrx_word' id='word_1_215' title='bbox 1070 2571 1143 2635; x_wconf 84' lang='lat' dir='ltr'><strong>per·</strong></span> 
     </span>
     <span class='ocr_line' id='line_1_27' title="bbox 135 2651 887 2704; baseline 0.001 -2"><span class='ocrx_word' id='word_1_216' title='bbox 135 2660 154 2702; x_wconf 80' lang='lat' dir='ltr'><strong>e</strong></span> <span class='ocrx_word' id='word_1_217' title='bbox 197 2651 281 2704; x_wconf 70' lang='lat' dir='ltr'><strong>runt.</strong></span> <span class='ocrx_word' id='word_1_218' title='bbox 884 2681 887 2688; x_wconf 88' lang='lat'>.</span> 
     </span>
     <span class='ocr_line' id='line_1_28' title="bbox 153 2660 1144 2809; baseline -0.002 -21"><span class='ocrx_word' id='word_1_219' title='bbox 153 2660 228 2788; x_wconf 66' lang='lat' dir='ltr'><strong>lgll.</strong></span> <span class='ocrx_word' id='word_1_220' title='bbox 251 2722 399 2789; x_wconf 79' lang='lat' dir='ltr'><strong>Brucidas</strong></span> <span class='ocrx_word' id='word_1_221' title='bbox 414 2746 489 2788; x_wconf 80' lang='lat' dir='ltr'><strong>vero</strong></span> <span class='ocrx_word' id='word_1_222' title='bbox 511 2746 584 2789; x_wconf 91' lang='lat' dir='ltr'><strong>cum</strong></span> <span class='ocrx_word' id='word_1_223' title='bbox 600 2723 722 2790; x_wconf 78' lang='lat' dir='ltr'><strong>caetcris</strong></span> <span class='ocrx_word' id='word_1_224' title='bbox 736 2721 865 2808; x_wconf 87' lang='lat' dir='ltr'><strong>quidem</strong></span> <span class='ocrx_word' id='word_1_225' title='bbox 887 2723 987 2807; x_wconf 91' lang='lat' dir='ltr'><strong>copiis</strong></span> <span class='ocrx_word' id='word_1_226' title='bbox 1001 2722 1144 2809; x_wconf 73' lang='lat' dir='ltr'><strong>aliquan·</strong></span> 
     </span>
     <span class='ocr_line' id='line_1_29' title="bbox 105 2807 1144 2897; baseline -0.003 -23"><span class='ocrx_word' id='word_1_227' title='bbox 105 2808 211 2874; x_wconf 77' lang='lat' dir='ltr'><strong>trulum</strong></span> <span class='ocrx_word' id='word_1_228' title='bbox 227 2831 422 2897; x_wconf 80' lang='lat' dir='ltr'><strong>progressus,</strong></span> <span class='ocrx_word' id='word_1_229' title='bbox 437 2809 635 2896; x_wconf 69' lang='lat' dir='ltr'><strong>quiescebat:</strong></span> <span class='ocrx_word' id='word_1_230' title='bbox 658 2809 712 2874; x_wconf 88' lang='lat' dir='ltr'><strong>sed</strong></span> <span class='ocrx_word' id='word_1_231' title='bbox 728 2822 856 2874; x_wconf 90' lang='lat' dir='ltr'><strong>centum</strong></span> <span class='ocrx_word' id='word_1_232' title='bbox 870 2808 1004 2893; x_wconf 87' lang='lat' dir='ltr'><strong>peltatos</strong></span> <span class='ocrx_word' id='word_1_233' title='bbox 1019 2807 1144 2893; x_wconf 82' lang='lat' dir='ltr'><strong>proemi·</strong></span> 
     </span>
     <span class='ocr_line' id='line_1_30' title="bbox 102 2892 1144 2994; baseline 0 -36"><span class='ocrx_word' id='word_1_234' title='bbox 102 2894 157 2974; x_wconf 90' lang='lat' dir='ltr'><strong>sit,</strong></span> <span class='ocrx_word' id='word_1_235' title='bbox 171 2907 218 2971; x_wconf 88' lang='lat' dir='ltr'><strong>ut,</strong></span> <span class='ocrx_word' id='word_1_236' title='bbox 230 2895 321 2960; x_wconf 87' lang='lat' dir='ltr'><strong>simul</strong></span> <span class='ocrx_word' id='word_1_237' title='bbox 337 2917 375 2960; x_wconf 83' lang='lat' dir='ltr'><strong>oc</strong></span> <span class='ocrx_word' id='word_1_238' title='bbox 389 2910 491 2981; x_wconf 84' lang='lat' dir='ltr'><strong>portae</strong></span> <span class='ocrx_word' id='word_1_239' title='bbox 502 2898 618 2982; x_wconf 84' lang='lat' dir='ltr'><strong>aliquae</strong></span> <span class='ocrx_word' id='word_1_240' title='bbox 628 2908 748 2980; x_wconf 75' lang='lat' dir='ltr'><strong>apertas</strong></span> <span class='ocrx_word' id='word_1_241' title='bbox 758 2895 900 2972; x_wconf 85' lang='lat' dir='ltr'><strong>luissent,</strong></span> <span class='ocrx_word' id='word_1_242' title='bbox 912 2908 944 2959; x_wconf 91' lang='lat' dir='ltr'><strong>et</strong></span> <span class='ocrx_word' id='word_1_243' title='bbox 954 2895 1091 2994; x_wconf 86' lang='lat' dir='ltr'><strong>siguum,</strong></span> <span class='ocrx_word' id='word_1_244' title='bbox 1103 2892 1144 2958; x_wconf 89' lang='lat' dir='ltr'><strong>de</strong></span> 
     </span>
     <span class='ocr_line' id='line_1_31' title="bbox 105 2980 1145 3153; baseline -0.002 -23"><span class='ocrx_word' id='word_1_245' title='bbox 105 2980 553 3153; x_wconf 56' lang='lat' dir='ltr'><strong>tltl‘lttttlltltt</strong></span> <span class='ocrx_word' id='word_1_246' title='bbox 569 2980 1145 3130; x_wconf 57' lang='lat' dir='ltr'><strong>{til‘ltdlttfflt‘tlllttlt</strong></span> 
     </span>
     <span class='ocr_line' id='line_1_32' title="bbox 544 3108 1144 3144; baseline -0.007 0"><span class='ocrx_word' id='word_1_247' title='bbox 544 3111 553 3144; x_wconf 73' lang='lat'><em>5</em></span> <span class='ocrx_word' id='word_1_248' title='bbox 870 3113 881 3142; x_wconf 70' lang='lat'>9</span> <span class='ocrx_word' id='word_1_249' title='bbox 1134 3108 1144 3140; x_wconf 66' lang='grc' dir='ltr'>ἱ</span> 
     </span>
     <span class='ocr_line' id='line_1_33' title="bbox 107 3150 1144 3236; baseline -0.003 -21"><span class='ocrx_word' id='word_1_250' title='bbox 107 3151 264 3236; x_wconf 82' lang='lat' dir='ltr'><strong>paulatim</strong></span> <span class='ocrx_word' id='word_1_251' title='bbox 280 3152 322 3217; x_wconf 90' lang='lat' dir='ltr'><strong>ad</strong></span> <span class='ocrx_word' id='word_1_252' title='bbox 343 3152 454 3217; x_wconf 89' lang='lat' dir='ltr'><strong>urbem</strong></span> <span class='ocrx_word' id='word_1_253' title='bbox 469 3151 673 3218; x_wconf 81' lang='lat' dir='ltr'><strong>accedebant.</strong></span> <span class='ocrx_word' id='word_1_254' title='bbox 718 3151 872 3216; x_wconf 86' lang='lat' dir='ltr'><strong>Toronaei</strong></span> <span class='ocrx_word' id='word_1_255' title='bbox 893 3171 978 3226; x_wconf 81' lang='lat' dir='ltr'><strong>vero,</strong></span> <span class='ocrx_word' id='word_1_256' title='bbox 994 3150 1049 3235; x_wconf 87' lang='lat' dir='ltr'><strong>qui</strong></span> <span class='ocrx_word' id='word_1_257' title='bbox 1071 3169 1144 3213; x_wconf 83' lang='lat' dir='ltr'><strong>curn</strong></span> 
     </span>
    </p>
   </div>
   <div class='ocr_carea' id='block_1_3' title="bbox 106 3234 1144 3411">
    <p class='ocr_par' dir='ltr' id='par_1_3' title="bbox 106 3234 1144 3411">
     <span class='ocr_line' id='line_1_34' title="bbox 106 3234 1144 3411; baseline -0.005 -108"><span class='ocrx_word' id='word_1_258' title='bbox 106 3239 260 3303; x_wconf 72' lang='lat' dir='ltr'><strong>Brasidae</strong></span> <span class='ocrx_word' id='word_1_259' title='bbox 279 3238 427 3303; x_wconf 70' lang='lat' dir='ltr'><strong>militibus</strong></span> <span class='ocrx_word' id='word_1_260' title='bbox 432 3261 508 3411; x_wconf 43' lang='lat' dir='ltr'><strong>aggai</strong></span> <span class='ocrx_word' id='word_1_261' title='bbox 530 3239 677 3325; x_wconf 80' lang='lat' dir='ltr'><strong>ingressis</strong></span> <span class='ocrx_word' id='word_1_262' title='bbox 697 3237 728 3301; x_wconf 92' lang='lat' dir='ltr'><strong>in</strong></span> <span class='ocrx_word' id='word_1_263' title='bbox 744 3236 823 3301; x_wconf 90' lang='lat' dir='ltr'><strong>urbe</strong></span> <span class='ocrx_word' id='word_1_264' title='bbox 845 3255 912 3299; x_wconf 88' lang='lat' dir='ltr'><strong>rem</strong></span> <span class='ocrx_word' id='word_1_265' title='bbox 935 3234 1144 3312; x_wconf 85' lang='lat' dir='ltr'><strong>adornabant,</strong></span> 
     </span>
    </p>
   </div>
   <div class='ocr_carea' id='block_1_4' title="bbox 104 3319 1153 4359">
    <p class='ocr_par' dir='ltr' id='par_1_4' title="bbox 104 3319 1150 3991">
     <span class='ocr_line' id='line_1_35' title="bbox 105 3319 1145 3408; baseline -0.008 -17"><span class='ocrx_word' id='word_1_266' title='bbox 105 3345 185 3391; x_wconf 86' lang='lat' dir='ltr'><strong>cnm</strong></span> <span class='ocrx_word' id='word_1_267' title='bbox 201 3323 359 3408; x_wconf 81' lang='lat' dir='ltr'><strong>portulam</strong></span> <span class='ocrx_word' id='word_1_268' title='bbox 375 3345 430 3408; x_wconf 92' lang='lat' dir='ltr'><strong>per</strong></span> <span class='ocrx_word' id='word_1_269' title='bbox 501 3326 605 3400; x_wconf 85' lang='lat' dir='ltr'><strong>issent,</strong></span> <span class='ocrx_word' id='word_1_270' title='bbox 618 3336 650 3388; x_wconf 90' lang='lat' dir='ltr'><strong>et</strong></span> <span class='ocrx_word' id='word_1_271' title='bbox 663 3334 780 3407; x_wconf 82' lang='lat' dir='ltr'><strong>portas,</strong></span> <span class='ocrx_word' id='word_1_272' title='bbox 792 3343 865 3408; x_wconf 82' lang='lat' dir='ltr'><strong>quae</strong></span> <span class='ocrx_word' id='word_1_273' title='bbox 879 3320 921 3385; x_wconf 89' lang='lat' dir='ltr'><strong>ad</strong></span> <span class='ocrx_word' id='word_1_274' title='bbox 935 3319 1039 3384; x_wconf 89' lang='lat' dir='ltr'><strong>forum</strong></span> <span class='ocrx_word' id='word_1_275' title='bbox 1051 3319 1145 3384; x_wconf 88' lang='lat' dir='ltr'><strong>duce·</strong></span> 
     </span>
     <span class='ocr_line' id='line_1_36' title="bbox 104 3405 1147 3493; baseline -0.007 -17"><span class='ocrx_word' id='word_1_276' title='bbox 104 3411 199 3487; x_wconf 85' lang='lat' dir='ltr'><strong>bant,</strong></span> <span class='ocrx_word' id='word_1_277' title='bbox 215 3408 359 3474; x_wconf 83' lang='lat' dir='ltr'><strong>diffracto</strong></span> <span class='ocrx_word' id='word_1_278' title='bbox 374 3422 493 3474; x_wconf 82' lang='lat' dir='ltr'><strong>vectes</strong></span> <span class='ocrx_word' id='word_1_279' title='bbox 517 3409 679 3486; x_wconf 82' lang='lat' dir='ltr'><strong>eruissent,</strong></span> <span class='ocrx_word' id='word_1_280' title='bbox 694 3408 834 3493; x_wconf 86' lang='lat' dir='ltr'><strong>primum</strong></span> <span class='ocrx_word' id='word_1_281' title='bbox 849 3406 977 3493; x_wconf 85' lang='lat' dir='ltr'><strong>quidem</strong></span> <span class='ocrx_word' id='word_1_282' title='bbox 992 3405 1147 3492; x_wconf 85' lang='lat' dir='ltr'><strong>quosdam</strong></span> 
     </span>
     <span class='ocr_line' id='line_1_37' title="bbox 105 3433 1147 3581; baseline -0.003 -23"><span class='ocrx_word' id='word_1_283' title='bbox 105 3517 171 3581; x_wconf 84' lang='lat' dir='ltr'><strong>per</strong></span> <span class='ocrx_word' id='word_1_284' title='bbox 192 3494 351 3579; x_wconf 88' lang='lat' dir='ltr'><strong>portulam</strong></span> <span class='ocrx_word' id='word_1_285' title='bbox 367 3433 603 3560; x_wconf 80' lang='lat' dir='ltr'><strong>circumductos</strong></span> <span class='ocrx_word' id='word_1_286' title='bbox 623 3493 885 3574; x_wconf 85' lang='lat' dir='ltr'><strong>introduxerunt,</strong></span> <span class='ocrx_word' id='word_1_287' title='bbox 900 3506 936 3557; x_wconf 91' lang='lat' dir='ltr'><strong>ut</strong></span> <span class='ocrx_word' id='word_1_288' title='bbox 957 3491 1147 3578; x_wconf 87' lang='lat' dir='ltr'><strong>oppidanos,</strong></span> 
     </span>
     <span class='ocr_line' id='line_1_38' title="bbox 107 3577 1148 3668; baseline -0.004 -22"><span class='ocrx_word' id='word_1_289' title='bbox 107 3603 233 3660; x_wconf 84' lang='lat' dir='ltr'><strong>rerum,</strong></span> <span class='ocrx_word' id='word_1_290' title='bbox 249 3601 321 3666; x_wconf 83' lang='lat' dir='ltr'><strong>quoe</strong></span> <span class='ocrx_word' id='word_1_291' title='bbox 342 3582 545 3668; x_wconf 79' lang='lat' dir='ltr'><strong>gerebantur,</strong></span> <span class='ocrx_word' id='word_1_292' title='bbox 559 3601 690 3664; x_wconf 88' lang='lat' dir='ltr'><strong>prorsus</strong></span> <span class='ocrx_word' id='word_1_293' title='bbox 711 3580 852 3666; x_wconf 86' lang='lat' dir='ltr'><strong>ignaros,</strong></span> <span class='ocrx_word' id='word_1_294' title='bbox 867 3592 900 3644; x_wconf 85' lang='lat' dir='ltr'><strong>et</strong></span> <span class='ocrx_word' id='word_1_295' title='bbox 914 3601 933 3642; x_wconf 88' lang='lat' dir='ltr'><strong>a</strong></span> <span class='ocrx_word' id='word_1_296' title='bbox 949 3593 1040 3664; x_wconf 87' lang='lat' dir='ltr'><strong>tergo</strong></span> <span class='ocrx_word' id='word_1_297' title='bbox 1052 3589 1086 3642; x_wconf 84' lang='lat' dir='ltr'><strong>st</strong></span> <span class='ocrx_word' id='word_1_298' title='bbox 1106 3577 1148 3642; x_wconf 88' lang='lat' dir='ltr'><strong>ab</strong></span> 
     </span>
     <span class='ocr_line' id='line_1_39' title="bbox 106 3663 1149 3754; baseline -0.005 -23"><span class='ocrx_word' id='word_1_299' title='bbox 106 3679 252 3752; x_wconf 85' lang='lat' dir='ltr'><strong>utroque</strong></span> <span class='ocrx_word' id='word_1_300' title='bbox 272 3666 371 3730; x_wconf 88' lang='lat' dir='ltr'><strong>latere</strong></span> <span class='ocrx_word' id='word_1_301' title='bbox 395 3678 527 3750; x_wconf 88' lang='lat' dir='ltr'><strong>repente</strong></span> <span class='ocrx_word' id='word_1_302' title='bbox 552 3667 692 3754; x_wconf 87' lang='lat' dir='ltr'><strong>aggressi</strong></span> <span class='ocrx_word' id='word_1_303' title='bbox 717 3677 880 3730; x_wconf 83' lang='lat' dir='ltr'><strong>terrerent.</strong></span> <span class='ocrx_word' id='word_1_304' title='bbox 924 3663 1053 3730; x_wconf 90' lang='lat' dir='ltr'><strong>Deinde</strong></span> <span class='ocrx_word' id='word_1_305' title='bbox 1073 3685 1149 3728; x_wconf 87' lang='lat' dir='ltr'><strong>vero</strong></span> 
     </span>
     <span class='ocr_line' id='line_1_40' title="bbox 106 3749 1150 3840; baseline -0.003 -23"><span class='ocrx_word' id='word_1_306' title='bbox 106 3751 199 3839; x_wconf 88' lang='lat' dir='ltr'><strong>ignis</strong></span> <span class='ocrx_word' id='word_1_307' title='bbox 217 3753 354 3840; x_wconf 87' lang='lat' dir='ltr'><strong>siguum,</strong></span> <span class='ocrx_word' id='word_1_308' title='bbox 370 3754 454 3837; x_wconf 90' lang='lat' dir='ltr'><strong>quod</strong></span> <span class='ocrx_word' id='word_1_309' title='bbox 478 3752 660 3816; x_wconf 89' lang='lat' dir='ltr'><strong>condictum</strong></span> <span class='ocrx_word' id='word_1_310' title='bbox 679 3749 791 3832; x_wconf 80' lang='lat' dir='ltr'><strong>luerat,</strong></span> <span class='ocrx_word' id='word_1_311' title='bbox 806 3750 1016 3827; x_wconf 80' lang='lat' dir='ltr'><strong>sustulerunt3</strong></span> <span class='ocrx_word' id='word_1_312' title='bbox 1038 3763 1072 3815; x_wconf 85' lang='lat' dir='ltr'><strong>et</strong></span> <span class='ocrx_word' id='word_1_313' title='bbox 1091 3770 1150 3835; x_wconf 81' lang='lat' dir='ltr'><strong>per</strong></span> 
     </span>
     <span class='ocr_line' id='line_1_41' title="bbox 107 3835 1150 3926; baseline -0.004 -22"><span class='ocrx_word' id='word_1_314' title='bbox 107 3851 234 3926; x_wconf 87' lang='lat' dir='ltr'><strong>portas,</strong></span> <span class='ocrx_word' id='word_1_315' title='bbox 250 3860 322 3924; x_wconf 81' lang='lat' dir='ltr'><strong>quoe</strong></span> <span class='ocrx_word' id='word_1_316' title='bbox 341 3838 382 3903; x_wconf 89' lang='lat' dir='ltr'><strong>ad</strong></span> <span class='ocrx_word' id='word_1_317' title='bbox 405 3836 507 3903; x_wconf 87' lang='lat' dir='ltr'><strong>forum</strong></span> <span class='ocrx_word' id='word_1_318' title='bbox 523 3837 692 3918; x_wconf 86' lang='lat' dir='ltr'><strong>ducebant,</strong></span> <span class='ocrx_word' id='word_1_319' title='bbox 702 3837 930 3924; x_wconf 87' lang='lat' dir='ltr'><strong>jam&#39;reliquos</strong></span> <span class='ocrx_word' id='word_1_320' title='bbox 951 3835 1085 3921; x_wconf 88' lang='lat' dir='ltr'><strong>peltatos</strong></span> <span class='ocrx_word' id='word_1_321' title='bbox 1100 3857 1150 3900; x_wconf 86' lang='lat' dir='ltr'><strong>re·</strong></span> 
     </span>
     <span class='ocr_line' id='line_1_42' title="bbox 106 3937 624 3991; baseline -0.01 0"><span class='ocrx_word' id='word_1_322' title='bbox 106 3947 151 3991; x_wconf 65' lang='grc' dir='ltr'><strong>α</strong></span> <span class='ocrx_word' id='word_1_323' title='bbox 211 3937 278 3988; x_wconf 82' lang='lat' dir='ltr'><strong>uni·</strong></span> <span class='ocrx_word' id='word_1_324' title='bbox 621 3955 624 3963; x_wconf 73' lang='grc'><strong>’</strong></span> 
     </span>
    </p>

    <p class='ocr_par' dir='ltr' id='par_1_5' title="bbox 107 3945 1153 4359">
     <span class='ocr_line' id='line_1_43' title="bbox 152 3945 1151 4094; baseline -0.007 -20"><span class='ocrx_word' id='word_1_325' title='bbox 152 3945 235 4074; x_wconf 57' lang='lat' dir='ltr'><strong>fleid.</strong></span> <span class='ocrx_word' id='word_1_326' title='bbox 258 4007 407 4076; x_wconf 84' lang='lat' dir='ltr'><strong>Brasidas</strong></span> <span class='ocrx_word' id='word_1_327' title='bbox 425 4019 531 4074; x_wconf 85' lang='lat' dir='ltr'><strong>autem</strong></span> <span class='ocrx_word' id='word_1_328' title='bbox 547 4007 648 4092; x_wconf 87' lang='lat' dir='ltr'><strong>signo,</strong></span> <span class='ocrx_word' id='word_1_329' title='bbox 664 4008 784 4094; x_wconf 88' lang='lat' dir='ltr'><strong>dequo</strong></span> <span class='ocrx_word' id='word_1_330' title='bbox 798 4008 881 4073; x_wconf 89' lang='lat' dir='ltr'><strong>inter</strong></span> <span class='ocrx_word' id='word_1_331' title='bbox 895 4007 980 4091; x_wconf 91' lang='lat' dir='ltr'><strong>ipsos</strong></span> <span class='ocrx_word' id='word_1_332' title='bbox 994 4025 1151 4070; x_wconf 82' lang='lat' dir='ltr'><strong>convene·</strong></span> 
     </span>
     <span class='ocr_line' id='line_1_44' title="bbox 107 4091 1150 4180; baseline -0.008 -16"><span class='ocrx_word' id='word_1_333' title='bbox 107 4111 178 4174; x_wconf 82' lang='lat' dir='ltr'><strong>rat,</strong></span> <span class='ocrx_word' id='word_1_334' title='bbox 194 4105 374 4180; x_wconf 86' lang='lat' dir='ltr'><strong>conspecto,</strong></span> <span class='ocrx_word' id='word_1_335' title='bbox 395 4116 489 4160; x_wconf 86' lang='lat' dir='ltr'><strong>cursu</strong></span> <span class='ocrx_word' id='word_1_336' title='bbox 510 4094 683 4170; x_wconf 80' lang='lat' dir='ltr'><strong>contendit,</strong></span> <span class='ocrx_word' id='word_1_337' title='bbox 699 4095 857 4164; x_wconf 70' lang='lat' dir='ltr'><strong>cumsuis</strong></span> <span class='ocrx_word' id='word_1_338' title='bbox 877 4092 976 4178; x_wconf 88' lang='lat' dir='ltr'><strong>copiis</strong></span> <span class='ocrx_word' id='word_1_339' title='bbox 994 4091 1150 4166; x_wconf 85' lang='lat' dir='ltr'><strong>excitatis,</strong></span> 
     </span>
     <span class='ocr_line' id='line_1_45' title="bbox 110 4174 1152 4267; baseline -0.01 -19"><span class='ocrx_word' id='word_1_340' title='bbox 110 4204 191 4267; x_wconf 82' lang='lat' dir='ltr'><strong>quae</strong></span> <span class='ocrx_word' id='word_1_341' title='bbox 205 4179 345 4246; x_wconf 86' lang='lat' dir='ltr'><strong>clamore</strong></span> <span class='ocrx_word' id='word_1_342' title='bbox 359 4179 451 4244; x_wconf 85' lang='lat' dir='ltr'><strong>simul</strong></span> <span class='ocrx_word' id='word_1_343' title='bbox 466 4178 589 4246; x_wconf 82' lang='lat' dir='ltr'><strong>subluto</strong></span> <span class='ocrx_word' id='word_1_344' title='bbox 606 4192 724 4244; x_wconf 83' lang='lat' dir='ltr'><strong>metum</strong></span> <span class='ocrx_word' id='word_1_345' title='bbox 746 4179 907 4265; x_wconf 84' lang='lat' dir='ltr'><strong>ingentem</strong></span> <span class='ocrx_word' id='word_1_346' title='bbox 922 4175 1089 4261; x_wconf 90' lang='lat' dir='ltr'><strong>oppidanis</strong></span> <span class='ocrx_word' id='word_1_347' title='bbox 1103 4174 1152 4238; x_wconf 87' lang='lat' dir='ltr'><strong>in-</strong></span> 
     </span>
     <span class='ocr_line' id='line_1_46' title="bbox 111 4263 1153 4359; baseline -0.011 -23"><span class='ocrx_word' id='word_1_348' title='bbox 111 4278 296 4359; x_wconf 76' lang='lat' dir='ltr'><strong>cusserunt.</strong></span> <span class='ocrx_word' id='word_1_349' title='bbox 341 4266 448 4352; x_wconf 87' lang='lat' dir='ltr'><strong>Atque</strong></span> <span class='ocrx_word' id='word_1_350' title='bbox 462 4264 515 4330; x_wconf 89' lang='lat' dir='ltr'><strong>alii</strong></span> <span class='ocrx_word' id='word_1_351' title='bbox 529 4265 656 4352; x_wconf 87' lang='lat' dir='ltr'><strong>quidem</strong></span> <span class='ocrx_word' id='word_1_352' title='bbox 670 4266 814 4350; x_wconf 87' lang='lat' dir='ltr'><strong>protinus</strong></span> <span class='ocrx_word' id='word_1_353' title='bbox 829 4285 886 4348; x_wconf 87' lang='lat' dir='ltr'><strong>per</strong></span> <span class='ocrx_word' id='word_1_354' title='bbox 907 4275 1016 4348; x_wconf 87' lang='lat' dir='ltr'><strong>portas</strong></span> <span class='ocrx_word' id='word_1_355' title='bbox 1030 4263 1153 4346; x_wconf 85' lang='lat' dir='ltr'><strong>irrupe-</strong></span> 
     </span>
    </p>
   </div>
   <div class='ocr_carea' id='block_1_5' title="bbox 0 0 1507 4786">
    <p class='ocr_par' dir='ltr' id='par_1_6' title="bbox 0 0 1507 4786">
     <span class='ocr_line' id='line_1_47' title="bbox 0 0 1507 4786; baseline 0 0"><span class='ocrx_word' id='word_1_356' title='bbox 0 0 1507 4786; x_wconf 95' lang='lat' dir='ltr'><strong> </strong></span> 
     </span>
    </p>
   </div>
  </div>
 </body>
</html>
