2994 4788
390 286 637 354 HISTORIAE
660 286 750 354 LIB.
774 287 833 353 lv.
1076 293 1140 354 269

108 457 264 522 suntsed
290 459 455 546 utriusque
479 459 636 525 exercitus
660 472 812 524 extremae
836 470 942 544 partes
962 457 1005 524 ad
1025 479 1137 524 manus
1165 471 1219 520 nen

107 563 167 606 non
190 558 362 609 venerunt:
384 558 419 610 at
440 545 522 610 idem
540 540 754 611 incommodum
776 556 910 632 waeqrte
930 557 1005 609 sunt
1025 565 1136 629 passoe.
1159 537 1179 584 1>
1179 537 1241 594 ⁹¹⁰⁹·

106 648 175 694 ntm
191 650 344 715 aquarum
367 631 427 695 riti
441 631 684 716 impediverunt.
729 632 856 696 Caetera
869 652 944 696 vero
964 631 1045 695 scies
1060 653 1136 695 con·
1150 601 1247 728 31¹³,ssss

105 713 181 778 stitit
203 737 348 803 pugnans
365 717 495 793 acriter,
511 729 543 782 et
564 718 682 804 clypeis
701 716 854 802 repellere
873 717 1047 780 connitens.
1092 715 1136 781 Et
1160 731 1200 778 aa.
1213 727 1236 775 t.

107 798 262 865 sinistrum
277 802 405 886 quidem
422 803 612 868 Boeotorum
635 823 746 880 cornu,
765 801 813 866 rel
828 801 868 867 ad
885 802 1021 868 mediam
1036 823 1140 887 usque
1162 795 1192 841 ¹¹·
1205 795 1233 842 ⁰⁴

106 884 200 970 ipsius
214 900 348 973 partem,
362 888 405 952 ab
419 887 662 954 Atheniensibus
676 888 792 953 victum
809 900 873 964 est;
895 902 927 953 et
937 889 1138 955 Athenienses
1162 859 1232 972 gg:

107 991 175 1034 cum
198 972 232 1036 in
254 973 342 1050 alios,
381 975 413 1038 ni
433 975 466 1038 in
489 997 527 1039 ea
549 987 638 1060 parte
660 973 805 1039 collocati
827 972 962 1055 luerent,
977 988 1046 1038 tum
1061 994 1136 1040 vero

107 1059 265 1142 prtecipue
290 1060 322 1122 in
404 1061 558 1146 espienses
580 1061 731 1146 impetum
756 1059 909 1124 iecerunt.
953 1059 1038 1124 Nam
1063 1081 1136 1124 eum

107 1142 228 1222 milites,
242 1145 297 1231 qui
312 1167 413 1229 prope
429 1147 513 1232 ipsos
527 1145 652 1210 fuerant
672 1144 829 1226 instructi,
844 1167 877 1209 se
891 1145 1091 1231 recepissent,
1106 1159 1138 1212 et

107 1227 136 1292 in
151 1247 287 1315 angusto
302 1233 509 1297 circumventi
525 1231 664 1308 luissent,
674 1232 731 1380 qui
745 1253 785 1294 ex
799 1230 876 1315 ipsis
890 1231 1138 1316 Thespiensibus

106 1315 276 1397 perierunt,
291 1316 325 1379 in
345 1318 415 1401 ipso
429 1317 577 1382 conflictu
599 1339 632 1381 sc
646 1319 684 1382 de
697 1317 848 1381 endentes
867 1317 984 1381 concisi
998 1317 1137 1382 fuerunt

108 1399 288 1476 Quinetiam
303 1402 450 1468 nonnulli
466 1403 683 1480 Athenienses,
699 1404 731 1467 in
755 1403 844 1468 hoste
861 1402 1139 1468 circumveniendo

105 1487 289 1584 perturbati,
304 1510 337 1551 se
351 1489 467 1554 mutuis
482 1488 664 1554 vulneribus
678 1487 912 1565 interfecerunt,
925 1488 1010 1574 quod
1026 1511 1059 1552 se
1072 1510 1137 1554 non

107 1587 365 1638 internoscerent.
409 1574 460 1638 Ab
480 1573 540 1639 hac
562 1574 658 1662 igitur
672 1590 763 1659 parte
779 1573 965 1638 Boeotorum
981 1576 1139 1640 exercitus

108 1673 271 1743 superatus
292 1672 348 1735 est,
364 1674 396 1724 et
413 1659 453 1724 ad
469 1683 549 1737 eant,
589 1683 638 1724 uoe
660 1661 833 1748 pugnabat,
850 1659 1003 1747 confugit
1048 1660 1140 1726 Dex-

107 1755 188 1808 trum
216 1767 301 1826 vero,
324 1747 356 1810 in
378 1768 442 1831 quo
467 1747 528 1830 ipsi
550 1683 696 1811 thebani
725 1761 827 1823 eraut,
851 1746 1063 1811 Athenienses
1088 1769 1141 1810 su·

105 1831 235 1914 peravit
258 1845 384 1896 etcum
406 1832 557 1916 paulatim
574 1835 654 1914 aptos
675 1831 875 1916 repulissent,
897 1832 1036 1915 primum
1058 1831 1141 1896 inse·

107 1917 295 2001 quebantur.
341 1919 467 1982 Accidit
480 1931 598 1993 autem,
615 1929 660 1994 ut,
676 1937 749 1980 cum
767 1915 840 1981 duoe
903 1918 1001 1980 uitum
1025 1929 1141 1981 turmae

107 2001 296 2088 aPagonda
310 2004 428 2068 circum
444 2004 555 2068 collem
572 2003 652 2068 clam
668 2003 864 2067 circummiss
913 2004 1037 2067 issentee
1052 2006 1140 2086 (cum

106 2086 268 2154 sinistrum
278 2088 420 2174 ipsorum
436 2111 539 2154 cornu
548 2088 717 2170 laboraret)
732 2110 832 2174 eoque
846 2101 996 2174 superato
1009 2089 1142 2153 hostibus

107 2187 238 2258 repente
252 2177 481 2260 apparuissent,
499 2174 741 2240 Atheniensium
757 2195 870 2254 cornu,
884 2175 968 2260 quod
983 2173 1140 2250 vincebat,

106 2260 394 2325 existimansalium
406 2263 579 2326 exercitum
591 2273 703 2324 cosma
712 2261 870 2337 tevenire,
881 2260 1019 2362 praviter
1031 2260 1142 2324 timere

105 2347 248 2430 coeperit.
292 2346 403 2422 Quare
417 2369 489 2413 cum
503 2346 711 2411 Athenienses
722 2347 871 2433 utrinque
878 2363 946 2434 Jam
959 2366 1141 2432 premeren-

106 2441 166 2509 tur,
183 2454 259 2496 cum
281 2432 323 2496 ab
341 2433 402 2513 his,
418 2446 486 2498 tum
508 2456 528 2497 a
541 2432 705 2497 Thebanis
726 2433 972 2519 insequentibus,
989 2445 1020 2497 et
1040 2453 1142 2496 eorum

105 2519 230 2584 ordines
257 2518 510 2597 dissolventibus,
540 2519 703 2583 universus
738 2519 878 2604 ipsorum
916 2520 1074 2582 exercitus
1108 2518 1141 2580 in

104 2601 216 2690 bigam
239 2625 273 2668 se
294 2605 439 2690 conjecit.
484 2605 527 2669 Et
552 2604 606 2669 alii
626 2604 754 2690 quidem
780 2604 822 2668 ad
843 2603 985 2683 Delium,
1000 2615 1034 2668 et
1055 2623 1144 2666 mare

104 2710 199 2753 cursu
216 2691 458 2772 contenderunt,
472 2691 525 2754 alii
539 2712 616 2755 vero
629 2691 669 2754 ad
684 2690 842 2776 Oropum,
857 2688 911 2754 alii
925 2689 967 2754 ad
983 2688 1146 2757 Parnetho

105 2790 260 2854 montem,
275 2776 329 2840 alii
343 2799 420 2841 vero
440 2776 513 2856 alio,
528 2788 563 2841 ut
581 2777 759 2862 quibusque
779 2776 886 2844 salutis
907 2797 978 2861 spes
1000 2776 1144 2840 ostende·

105 2859 212 2926 batur.
259 2861 367 2927 Boeoti
384 2884 458 2927 vero
468 2869 522 2927 'eos
536 2865 732 2948 insequentes
746 2860 922 2939 credebaut,
937 2875 969 2926 et
983 2861 1145 2947 praecipue

104 2945 250 3030 ipsorum
265 2947 396 3033 equites,
412 2963 444 3012 et
459 2948 564 3025 Locri,
582 2948 636 3034 qui
652 2948 715 3012 illis
729 2948 851 3013 dudum
866 2949 899 3014 in
914 2947 1020 3034 fugam
1036 2947 1143 3023 versis,

106 3033 229 3098 Baeott's
253 3034 375 3098 auxilio
398 3045 556 3099 venerant.
603 3033 665 3098 Sed
691 3055 765 3098 cum
791 3055 857 3098 nox
884 3054 941 3096 suo
967 3033 1145 3097 interventu

125 3119 257 3184 roeliurn
279 3119 471 3204 impedisset,
486 3119 518 3184 fu
544 3120 673 3183 lentium
697 3120 791 3183 turba
811 3117 932 3182 facilius
953 3117 1076 3201 dilapsa
1096 3139 1145 3180 sa·

102 3139 205 3270 lutens
238 3204 296 3268 sibi
325 3207 460 3290 peperit.
506 3143 663 3270 deseritis
691 3226 779 3282 vero,
805 3225 877 3268 cum
907 3203 939 3280 ii,
967 3201 1023 3351 qui
1055 3217 1146 3268 erant

105 3289 228 3375 Oropi,
244 3305 310 3354 tum
334 3292 429 3355 etiam
452 3292 485 3366 ii,
509 3291 564 3377 qui
586 3302 677 3354 erant
697 3290 730 3352 in
751 3288 858 3366 Delio,
873 3288 967 3372 prsesi
992 3288 1023 3352 io
1037 3288 1084 3351 ibi
1097 3309 1146 3352 re-

104 3376 193 3456 licto,
212 3380 312 3459 (nam,
328 3379 464 3461 quamuis
477 3376 517 3440 uh
530 3377 615 3440 hoste
627 3376 703 3441 uicti
715 3374 855 3450 fuissent,
871 3373 905 3438 id
919 3386 1024 3438 tamen
1039 3373 1147 3438 adbuc

102 3463 274 3544 tenebunt)
290 3464 418 3527 domurn
436 3461 515 3526 mari
531 3485 563 3526 se
578 3474 774 3547 receperunt.

148 3557 206 3617 97.
234 3547 277 3613 Et
303 3547 421 3625 Boeoti,
445 3559 549 3612 erecto
572 3560 704 3632 tropaeo,
726 3567 916 3631 suorumque
944 3544 1147 3611 edoventms

102 3634 280 3720 susceptis,
289 3633 492 3718 hostiumque
505 3634 703 3714 cadaveribus
724 3631 875 3717 spoliatis,
891 3644 923 3696 et
936 3630 1084 3717 praesidio
1098 3653 1147 3695 re·
1209 3636 1218 3664 '

103 3721 195 3798 licto,
215 3719 398 3806 'lhnugrsm
423 3719 607 3796 redierunt„
638 3717 701 3782 ·Et
719 3717 848 3783 consilia
868 3717 910 3782 de
930 3715 1148 3804 oppugnando

103 3807 209 3873 Delio
233 3806 367 3871 inibant.
413 3804 612 3870 Caduceator
640 3826 726 3880 vero,
751 3805 806 3889 qui
830 3803 872 3868 ab
903 3802 1151 3868 Atheniensibus

104 3894 226 3958 missus
252 3890 365 3969 luerat,
388 3904 423 3955 ut
452 3891 592 3974 ipsorum
618 3890 773 3955 cadavera
797 3912 818 3952 a
839 3891 958 3954 Boeotis
982 3902 1148 3974 repeteret,

104 3979 169 4044 iter
191 3977 323 4056 faciens,
347 3976 473 4042 obviam
496 3975 533 4040 fit
549 3975 738 4040 Boeotorum
761 3974 978 4050 caduceatori3
1000 3973 1055 4059 qui
1077 3993 1149 4036 cum

104 4065 218 4151 ipsum
241 4075 428 4139 revocasset,
451 4072 483 4126 et
504 4061 645 4140 dixisset,
668 4082 740 4125 eum
766 4059 844 4124 nihil
867 4073 1024 4134 acturum,
1045 4057 1150 4142 prius·

288 4239 878 4396 unsutomnetmasquspeg'gmusee
904 4263 979 4310 rou.

609 4352 624 4394 s
964 4347 966 4354 .
