2982 4786
404 297 654 366 HISTORIAE
679 299 771 367 LIB.
801 301 840 365 V.
1091 311 1154 371 305

116 483 283 550 niensibus
295 482 329 544 in
340 476 474 544 vinculis
484 475 649 552 habereut,
661 473 721 538 sibi
733 470 904 550 traderent,
917 465 1024 557 utpro
1035 471 1084 537 bis
1094 475 1155 559 ipsi
1188 493 1250 542 asu.

118 572 236 658 Pylum
261 567 446 652 reciperent.
491 563 598 638 Breoti
622 581 698 623 sero
717 570 887 645 negarunt,
908 581 942 622 se
963 561 1027 623 hac
1048 561 1155 625 reddi·
1177 557 1261 619 Νῦν·

116 671 217 734 turos,
233 654 295 718 nisi
318 673 436 728 secum,
452 646 718 734 quemadmodum
741 665 815 710 cum
830 645 1087 722 Atheniensibus,
1104 669 1155 710 so-
1168 633 1210 732 ὂῗ
1224 623 1263 670 ¹¹·

117 745 262 808 rietatem
286 739 435 826 privatim
462 734 595 799 coirent.
640 729 877 795 Lacedaemonii
902 751 988 808 vero,
1011 733 1154 816 quamvis
1178 699 1267 798 eff

117 831 245 905 seirent,
261 849 294 891 se
320 820 564 890 Atheniensibus
583 817 732 903 injuriam
753 814 899 891 facturos,
916 817 1002 902 quod
1024 831 1153 882 cautum
1184 817 1253 868 Μ·

117 929 209 992 esset,
225 935 267 977 ne
283 913 351 976 sine
372 906 534 974 communi
554 924 711 968 consensu
724 901 773 966 vel
788 901 891 966 ioedus
905 923 977 966 cum
993 925 1152 1006 quoquam
1181 881 1255 995 ζῇ*

117 1001 209 1066 fieret
224 999 273 1064 vei
289 998 408 1062 bellurn
462 1003 594 1067 reretnr,
611 989 686 1075 qnia
701 1000 807 1052 tamen
825 988 997 1052 Pensatum
1014 1009 1156 1072 recipere
1240 979 1248 996 ⁶

115 1087 298 1173 cupiebant,
321 1096 357 1148 nt
379 1082 428 1167 Py
441 1099 494 1144 um
516 1098 578 1162 pro
599 1076 668 1159 ipso
689 1084 922 1158 recuperarent.
945 1073 1039 1137 sirnui
1060 1075 1156 1140 etiam

117 1174 205 1261 qnod
228 1172 284 1249 illi,
307 1169 362 1272 qui
384 1166 502 1230 foedera
524 1159 719 1226 confundere
739 1157 964 1244 properabant,
987 1158 1029 1224 ad
1051 1158 1158 1225 foedus

116 1283 191 1325 cum
223 1259 348 1323 Boeotra
376 1249 550 1318 ineundum
585 1245 807 1332 propensiores
839 1255 939 1320 erant,
970 1243 1154 1310 societatem

117 1369 183 1412 eum
203 1346 281 1428 ipsis
301 1341 452 1414 iecerunt,
468 1335 582 1421 hyeme
597 1333 664 1417 jam
687 1342 840 1406 extrema,
856 1342 888 1392 et
903 1328 962 1392 sub
976 1351 1067 1394 vere:
1090 1343 1154 1394 sta-

117 1435 240 1518 timque
253 1429 428 1494 Panactum
443 1439 586 1486 eversum
602 1430 660 1483 est.
706 1415 749 1480 Et
764 1415 951 1481 undecimus
971 1414 1064 1499 hujus
1079 1415 1153 1478 belii

117 1541 221 1584 eunus
234 1516 322 1580 exiit.

161 1614 215 1669 40.
240 1603 375 1667 ineunte
392 1609 496 1663 autern
511 1615 585 1659 vere
605 1591 797 1676 insequentis
818 1589 946 1667 testatis,
963 1589 1076 1676 Argivi
1092 1601 1156 1654 sta·
1186 1609 1248 1656 usu

93 1693 98 1707 '
118 1691 187 1767 tim,
203 1709 277 1754 cnm
300 1687 487 1752 Boeotorum
508 1681 538 1744 le
562 1680 616 1754 ati,
632 1699 712 1762 quos
733 1678 836 1740 Boeoti
857 1697 890 1740 se
911 1676 1061 1738 missuros
1082 1674 1154 1740 dix·
1176 1672 1260 1734 resp.

72 1799 76 1802 ·
117 1790 219 1853 erant,
235 1796 301 1839 non
317 1771 482 1844 venissent,
498 1779 531 1831 et
578 1775 727 1828 enectum
749 1763 789 1824 ab
811 1763 876 1825 illis
896 1781 1038 1825 eversum
1060 1761 1154 1826 intel·
1169 1737 1265 1849 3⁸¹²·

118 1864 279 1938 iexiasent,
306 1872 338 1923 et
361 1857 540 1922 societatem
567 1851 651 1914 inter
677 1848 809 1912 Boeotos
834 1859 866 1910 et
892 1845 1154 1910 Lacedoemonios
1182 1815 1266 1918 ff

116 1950 268 2036 privatim
283 1945 408 2020 factam,
423 1941 647 2010 extimuerunt,
664 1953 705 1997 ne
725 1933 784 1996 soli
805 1931 1069 2016 relinquerentur,
1085 1954 1154 1995 om·
1180 1917 1213 2006 ii
1225 1915 1260 2007 ὃ]

117 2057 238 2120 nesqne
252 2032 330 2098 socii
344 2052 377 2095 se
393 2021 645 2092 Lacedaemoniis
659 2017 877 2106 adiungerent.
919 2016 1155 2084 Existimabam
1181 2021 1255 2071 Vm.

118 2124 204 2188 enim
221 2120 355 2185 Boeotos
376 2137 396 2179 a
417 2105 671 2178 Lacedaemoniis
691 2096 838 2169 inductos
859 2101 953 2166 fuisse
975 2114 1007 2166 et
1026 2101 1068 2166 ad
1092 2103 1155 2168 Pa·
1189 2093 1257 2182 8⁸³,-

117 2220 249 2274 nactum
271 2201 487 2275 evertendum,
502 2210 534 2261 et
556 2195 596 2260 ad
617 2191 789 2257 ineundam
812 2209 885 2253 cum
906 2185 1155 2253 Atheniensibus
1199 2193 1241 2239 Ab
1266 2223 1269 2228 -

117 2298 312 2366 societatem,
337 2300 370 2354 et
395 2283 606 2352 Athenienses
635 2278 749 2342 harum
779 2295 886 2338 rernm
916 2273 1059 2338 conscios
1087 2295 1156 2339 esse
1171 2254 1266 2320 Apus

117 2381 291 2447 credebant.
336 2373 449 2459 Itaque
475 2391 514 2433 ne
539 2387 612 2431 cnm
633 2360 880 2428 Atheniensibus
905 2359 1035 2446 quidem
1058 2361 1155 2425 socie·

119 2482 217 2535 tatem
242 2464 345 2528 faeere
366 2459 428 2524 sibi
450 2453 588 2538 amplius
611 2451 772 2535 integrum
803 2467 868 2510 esse
897 2445 1054 2521 ducebant,
1081 2467 1154 2509 oum

118 2567 215 2620 antee
228 2555 416 2635 sperassent,
431 2543 458 2606 si
475 2550 609 2626 propter
630 2531 869 2606 controversias,
885 2551 922 2593 ea
936 2529 1066 2606 foedera,
1082 2550 1155 2614 quae
1206 2557 1208 2561 ⁴

118 2661 194 2706 cum
206 2629 457 2702 Lacedaemoniis
471 2626 619 2698 inierant,
630 2619 862 2704 frangerentur,
874 2614 1016 2680 futurum
1032 2615 1154 2692 saltem,

118 2741 157 2792 ut
177 2746 251 2790 cum
274 2712 519 2786 Atheniensibus
540 2709 719 2776 societatem
742 2703 869 2766 inirent.
913 2699 1025 2788 Argivi
1047 2701 1156 2786 igitur,

118 2833 195 2879 cnm
209 2809 259 2874 his
269 2799 506 2871 difficultatibus
518 2803 750 2882 premerentur,
761 2801 794 2854 et
804 2799 998 2863 vererentur,
1013 2787 1156 2852 nesimni

119 2919 193 2966 cnm
218 2887 481 2962 Lacedaemoniis,
496 2896 529 2946 et
551 2877 710 2968 Tegeatis,
725 2888 758 2939 et
780 2873 917 2951 Boeotis,
933 2871 1157 2937 et'Atheuien-

118 2987 207 3050 sibus
223 2979 340 3045 beilum
355 2973 415 3040 sibi
429 2967 605 3059 gerendum
627 2974 718 3036 esset,
735 2959 822 3046 quod
838 2959 1157 3024 Lacedaemoniorum

117 3071 241 3137 foedera
254 3067 343 3151 prins
357 3081 421 3126 non
437 3054 642 3140 accepissent,
657 3047 711 3112 sed
727 3045 841 3110 animis
855 3042 929 3110 elati
945 3043 1158 3127 Peloponnesi

118 3155 335 3246 principatum
355 3169 389 3212 se
409 3143 579 3228 adepturos
600 3137 791 3221 sperassent,
805 3129 1040 3216 quamprimum
1062 3142 1158 3214 potu.

118 3254 216 3310 erunt
244 3239 365 3326 legatos
392 3228 656 3296 Lacedaemonem
682 3217 848 3295 miserunt,
876 3212 1097 3297 Eustrophum
1125 3226 1158 3279 et

121 3331 289 3402 Alisonem,
302 3321 357 3408 qui
371 3317 446 3404 ipsis
460 3310 611 3379 carissimi
626 3325 692 3370 essa
705 3301 913 3374 ridebantur3
933 3299 1157 3378 existimantes,

118 3415 176 3483 nbi
191 3431 290 3501 quam
305 3399 559 3473 commodissima
572 3393 694 3458 foedera
707 3410 767 3474 pro
781 3385 930 3471 praesenti
944 3387 1051 3448 rerum
1074 3397 1164 3450 statu·

119 3525 195 3569 cnm
213 3489 464 3564 Lacedaemoniis
478 3483 633 3555 iecissent,
649 3473 939 3564 quomodocunque
953 3492 1004 3534 res
1019 3468 1156 3548 caderet,

120 3579 529 3755 sejifffss'sgffimssuwm
555 3651 651 3742 legati
680 3645 825 3800 profecti,
850 3665 1026 3709 sermonem
1056 3643 1160 3709 habn-

1 3797 2 3800 ¹
120 3772 218 3829 erunt
242 3777 315 3822 cum
344 3741 606 3817 Lacedaemoniis,
632 3737 686 3825 qui
710 3755 747 3800 us
775 3728 1013 3797 conditionibus
1037 3728 1160 3795 hedera

118 3844 267 3915 facienda
279 3851 392 3906 essent.
438 3836 487 3897 Ao
508 3829 646 3913 primurn
668 3819 797 3908 quidem
813 3817 927 3918 Argivi
940 3815 1160 3902 postulabant,

1 3910 2 3916 ἵ
122 3951 160 4001 nt
182 3930 233 3996 vel
258 3924 392 3992 civitatis
411 3919 462 3982 rel
482 3913 594 4002 privati
619 3909 750 3992 aiicujus
772 3904 903 3969 arbitrio
925 3902 1161 3987 permitteretur

121 4015 337 4087 controversia
355 4010 396 4074 de
419 4024 497 4092 agro
518 3995 672 4086 Cynurio,
692 3992 818 4076 dequo
839 3991 872 4052 in
891 3987 1036 4052 confiniis
1056 3987 1161 4070 posito

120 4101 251 4189 semper
264 4093 508 4166 corrteudebant.
532 4085 600 4171 (hio
612 4094 718 4146 autem
734 4097 809 4164 ager
826 4074 968 4139 continet
984 4072 1160 4156 Thyresm,

4 4231 15 4268 ι
120 4205 155 4261 et
181 4188 366 4256 Antheuanr
396 4177 520 4250 urbem,
545 4187 682 4253 eumque
708 4159 945 4228 Lacedaemonii
975 4157 1161 4242 possident.)
1192 4165 1194 4168 ’

120 4276 253 4348 Deinde
275 4293 362 4346 veru,
386 4261 530 4354 queraris
552 4249 788 4322 Lecedaemonii
812 4246 931 4313 nuliam
953 4244 995 4309 de
1016 4265 1055 4309 eo
1075 4263 1171 4308 men..

643 4357 666 4402 x
