2994 4788
376 319 624 392 HISTORlAE
649 321 823 391 LIB.1V.
1053 331 1117 394 265

124 500 179 558 89.
205 493 374 579 Quantis
392 505 498 560 autem
519 494 642 581 hyemis
662 495 755 560 initio
776 495 896 573 statim,
911 515 1010 582 quum
1032 493 1119 584 Hip-
1150 513 1214 565 neu.

81 583 204 730 ἔξω
229 592 263 645 et
287 579 499 648 Demostheni
525 580 767 646 Atheniensium
795 581 1045 666 imperatoribus
1070 605 1120 650 res
1142 577 1225 641 Paroa

166 677 273 732 torum
299 682 401 732 essent
423 667 599 745 tradendas,
626 681 659 732 et
683 681 844 753 oporteret
869 667 1118 734 Demosthenem
1134 645 1231 770 5333

101 752 212 816 uidem
232 775 306 818 cum
326 754 424 818 classe
444 755 484 818 ad
503 754 618 839 Siphas
639 758 670 819 ei
689 776 866 832 occurrere,
883 755 971 819 illum
989 777 1064 820 cero
1078 757 1118 821 ad
1143 771 1216 822 aaa

79 774 212 904 ilelinm
226 840 387 922 proficisci,
403 839 486 905 facta
500 840 699 906 aberratione
718 863 738 906 a
752 840 863 906 diebus
876 845 1035 919 condictis,
1050 844 1119 930 qui·
1145 837 1176 946 3
1189 839 1216 884 ⁰·

81 923 140 990 hus
167 938 273 990 utrum
300 949 340 990 ue
362 949 435 992 cum
462 928 527 992 suis
553 928 654 1013 copiis
677 931 721 992 ad
742 931 837 992 mcum
863 931 1047 994 destinatum
1074 931 1120 994 ire
1154 917 1218 1017 ἦ·

80 1012 260 1096 oportebat,
323 1013 521 1079 emosthenes
548 1013 688 1100 quidem,
718 1035 790 1078 cum
843 1015 908 1079 rius
935 1017 973 1079 ad
1005 1015 1120 1100 Siphas
1155 1031 1214 1079 Post

80 1097 267 1248 qppulisset,
277 1111 310 1164 et
319 1101 517 1178 Acarnanas,
527 1113 558 1166 et
570 1101 686 1165 multos
697 1123 737 1164 ex
748 1101 810 1166 illis
821 1037 900 1165 iocis
911 1101 1011 1166 socios
1021 1101 1055 1165 in
1063 1096 1183 1168 sua⁰⁰¹·
1199 1097 1237 1146 Β

144 1207 178 1248 se
201 1183 343 1264 haberet,
359 1189 425 1252 voti
445 1187 493 1252 sui
516 1207 647 1270 compos
671 1187 740 1252 fieri
760 1209 827 1252 non
854 1188 975 1272 putuit:
999 1189 1120 1252 insidiis

80 1291 136 1354 per
163 1271 408 1350 Nicomachum,
435 1273 538 1338 virum
564 1273 771 1350 Phocensem,
798 1295 838 1338 ex
862 1273 1040 1354 Phanoteo,
1064 1273 1120 1340 de·

79 1358 180 1434 tectis,
195 1359 251 1442 qui
272 1381 335 1424 rem
351 1359 602 1424 lacedemoniis
624 1359 791 1437 iudicarim
815 1359 861 1424 illi
880 1382 967 1438 vero,
984 1360 1119 1428 Boeotis.

79 1464 217 1530 cumque
238 1465 348 1510 omnes
371 1445 479 1511 Boeoti
500 1445 540 1511 ad
555 1465 649 1530 opem
668 1447 774 1531 Siplis
794 1445 956 1512 ferendam
979 1446 1121 1534 undique

78 1529 324 1608 concurrissent,
348 1531 505 1617 (nondum
534 1533 619 1596 euim
644 1530 862 1618 Hippocrates
887 1533 921 1598 in
944 1555 1049 1598 eorum
1070 1555 1120 1599 re·

77 1615 174 1702 gione
187 1629 268 1695 erat,
282 1617 327 1683 ita
342 1631 377 1683 ut
391 1639 444 1683 eos
462 1617 610 1684 infestare
631 1623 748 1703 posset)
767 1618 877 1704 Siphae
891 1631 925 1684 et
940 1618 1120 1686 Chaeronea

77 1723 98 1766 a
111 1703 235 1768 Bootis
256 1715 330 1769 unte
350 1707 437 1770 iltius
457 1707 619 1770 arveum
640 1718 806 1790 occupatae
828 1718 912 1770 sunt.
957 1705 1038 1770 Cum
1061 1729 1119 1770 au·

77 1799 140 1852 tem
163 1787 221 1866 illi,
239 1789 294 1875 qui
318 1813 368 1855 res
393 1813 490 1856 novas
512 1790 736 1867 moliebantur,
757 1803 896 1857 erratum
919 1792 1119 1856 animadver-

78 1873 202 1952 tissent,
219 1877 250 1940 in
266 1877 444 1943 civitatibus
458 1876 539 1943 nihil
553 1879 756 1942 innovarunt.

117 1970 175 2028 90.
200 1961 417 2047 Hippocrates
444 1985 531 2042 vero,
558 1963 697 2028 excitato
726 1963 813 2026 omni
843 1961 1029 2028 Atheniensi
1059 1985 1118 2047 po·

74 2046 165 2131 pulo,
181 2048 312 2126 civibus,
327 2048 449 2127 incolis,
466 2064 499 2116 et
519 2050 696 2150 peregrinis
719 2063 796 2134 quot
822 2061 877 2111 uot
898 2049 1043 2125 aderaut,
1058 2071 1117 2134 po-

74 2134 190 2198 sterior
200 2133 240 2199 ad
257 2135 388 2201 Delium
400 2151 554 2220 pervenit,
566 2159 638 2202 cum
652 2135 758 2201 Boeoti
770 2072 909 2220 abiphis
917 2136 984 2221 jam
1000 2134 1117 2198 reversi

75 2233 191 2284 amnt.
213 2220 321 2309 ibique
342 2223 452 2308 positis
476 2224 596 2300 castris,
619 2223 765 2304 Delium,
787 2221 848 2286 hoc
872 2221 968 2285 modo
991 2222 1117 2285 munire

73 2319 257 2391 coeperunt.
303 2309 433 2374 Fossam
449 2311 534 2374 circa
548 2309 706 2395 Apollinis
720 2308 873 2393 templum
888 2321 920 2372 et
935 2307 1041 2372 fanum
1057 2307 1118 2371 du·

73 2391 204 2475 cebant,
220 2407 251 2459 et
265 2393 398 2460 humum
413 2417 455 2460 ex
468 2396 537 2482 ipsa
550 2396 632 2461 fossa
647 2407 785 2484 egestam
803 2416 864 2480 pro
880 2416 972 2458 muro
986 2415 1116 2481 aggere·

73 2476 172 2556 bant3
195 2494 229 2546 et
241 2480 340 2546 vallos
354 2481 538 2584 defigentes,
554 2483 666 2564 vineae,
681 2504 754 2631 quae
769 2481 854 2546 circa
868 2479 1022 2566 templum
1037 2495 1115 2558 erat,

72 2566 243 2632 materiam
265 2569 402 2634 excisam
425 2567 670 2644 mterserebant3
705 2566 815 2653 apides
835 2567 929 2630 etiam
948 2579 981 2630 et
1002 2565 1116 2630 lateres

71 2673 111 2716 ex
126 2655 288 2740 proximis
303 2655 456 2733 aedificiis,
473 2677 546 2742 quoe
561 2654 668 2719 diruta
682 2665 784 2732 eraut,
798 2653 1011 2729 detrahentes,
1027 2653 1116 2716 omni

71 2737 169 2822 plane
185 2741 309 2806 ratione
323 2743 532 2806 munitionem
554 2741 641 2805 illam
663 2743 802 2807 excitare
813 2739 1027 2805 conabantur:
1048 2751 1116 2804 tur·

70 2845 189 2913 resque
203 2825 324 2916 ligneas
340 2840 528 2914 posuerunt,
545 2827 600 2892 ubi
622 2826 711 2892 locus
732 2839 933 2914 opportunus
948 2847 1014 2890 esse
1029 2824 1115 2889 'vide-

70 2909 177 2992 hatur,
203 2912 266 2978 sani
290 2937 331 2979 ue
355 2913 478 2980 nullum
502 2927 571 2978 erat
595 2913 776 2978 aedilicium.
799 2935 873 2978 narn
897 2912 951 2977 ubi
973 2914 1115 2998 porticus

69 3013 149 3076 erat,
177 2937 373 3066 conciderat.
419 3002 503 3065 Cum
527 3013 632 3065 antem
658 3001 753 3065 tertio
778 3001 839 3078 die,
861 3021 903 3064 ex
927 3021 992 3084 quo
1015 2998 1115 3061 domo

67 3084 292 3163 discesserant,
306 3109 386 3172 opus
400 3088 540 3176 aggressi
554 3085 695 3162 fuissent,
707 3106 781 3151 cum
798 3087 883 3149 hunc
898 3085 1004 3170 ipsum
1019 3081 1113 3160 diem,

67 3183 138 3238 tum
154 3172 254 3238 etism
270 3187 418 3260 quartum
440 3186 472 3238 et
493 3173 640 3259 quintum
664 3195 767 3322 usqqu
784 3171 825 3234 ad
848 3169 973 3255 prandii
989 3181 1115 3254 tempus

64 3257 100 3322 in
121 3280 228 3345 opere
247 3259 391 3326 faciendo
416 3270 669 3324 consumserunt.
768 3256 852 3334 inde,
876 3277 949 3320 cum
973 3257 1116 3319 maxima

64 3365 142 3428 pars
175 3343 286 3410 fuisset
313 3347 466 3422 absoluta,
494 3347 652 3410 exercitus
682 3343 810 3430 quidem
840 3365 860 3406 a
885 3341 981 3406 Delio
1006 3342 1113 3406 decem

62 3429 172 3498 ferme
201 3431 304 3496 stadia
332 3434 469 3510 recessit,
498 3446 535 3496 ut
563 3430 696 3496 domum
732 3441 912 3494 revertens:
944 3426 1116 3512 statimque

62 3515 144 3583 levis
160 3531 336 3582 armature
352 3518 466 3583 milites
481 3518 551 3605 (qui
567 3529 660 3582 erant
680 3516 821 3580 maxima
843 3515 940 3579 totius
953 3512 1114 3578 exercitus

60 3607 155 3691 pars)
181 3602 412 3682 discesserunt;
434 3617 469 3669 at
511 3605 593 3668 ravis
612 3616 784 3668 armaturae
807 3601 922 3665 milites
944 3600 1054 3664 castris
1069 3599 1115 3664 iti

60 3691 182 3776 positis
213 3689 425 3777 quiescebant.
511 3691 688 3775 ippocrates
718 3711 792 3753 vero
821 3690 856 3752 in
885 3689 978 3752 Delio
1007 3685 1114 3751 adhuc

60 3777 257 3856 subsistens,
274 3793 306 3842 et
327 3777 501 3856 custodias,
523 3789 555 3841 et
577 3775 732 3863 quicquid
753 3774 909 3861 reliquum
932 3785 1010 3851 erat,
1026 3771 1114 3859 quod

59 3867 150 3932 circa
167 3862 415 3952 propugnacula
428 3863 663 3927 conficiendum
680 3874 770 3938 esset,
786 3859 1004 3926 constituebat

102 3961 163 4020 91.
192 3949 256 4015 Per
270 3951 329 4014 hos
342 3963 449 4015 autem
464 3950 531 4015 dies
547 3949 654 4014 Boeuti
670 3948 853 4034 Tanagram
871 3944 1113 4010 conveniebant.

59 4038 105 4104 Et
121 4047 301 4125 postquam
325 4059 367 4102 ex
391 4036 539 4101 omnibus
561 4035 739 4100 civitatibus
761 4032 928 4108 affuerunt,
945 4045 977 4095 et
994 4051 1112 4115 coguo-

56 4139 187 4190 rerunt
214 4123 425 4189 Athenienses
454 4122 613 4198 accedere,
641 4134 678 4185 ut
702 4120 833 4185 domum
860 4140 892 4181 se
918 4116 1112 4202 reciperent3

55 4214 195 4278 caeteris
219 4209 422 4276 Boeotarchis
447 4211 611 4295 (quisunt
635 4205 797 4286 undecim)
820 4203 968 4289 proelium
993 4201 1112 4266 dissua-

52 4301 232 4376 dentibus,
247 4295 336 4383 quod
352 4295 551 4362 Athenienses
565 4295 598 4358 in
615 4293 741 4359 Boeotia
760 4311 826 4356 non
849 4288 984 4374 amplius
997 4296 1112 4364 assent,
