2964 4786
364 275 382 336 .·
472 270 716 338 marorum
740 271 830 338 ura.
855 273 914 338 vr.
1128 223 1199 344 ¹401

156 453 292 525 propter
318 439 445 507 illorum
471 442 520 508 rel
541 441 756 528 infelicitatem
779 445 830 510 vel
855 443 1068 530 proditionem
1094 445 1201 513 clades
1233 475 1294 522 aar

156 527 362 611 accepissent,
385 530 554 610 imperium
576 529 791 617 abrogarunt3
814 543 847 596 et
871 531 960 607 alios,
978 530 1196 610 Heraclidem,
1221 539 1303 600 remp.

155 624 190 676 et
205 611 352 690 Eodem,
368 626 401 678 et
414 613 565 692 Tulliam,
583 616 616 678 in
631 616 757 680 illorum
774 617 879 681 locum
895 632 1116 704 surrogarunt.
1210 603 1306 714 31¹¹?

204 707 276 764 104.
301 699 428 766 Interea
453 723 527 765 vero
554 701 713 786 Gylippua
741 703 1015 779 Lacedaemonius,
1042 716 1074 768 et
1101 727 1196 769 naves
1223 683 1309 780 aial?

157 782 373 850 Corinthiacae
384 786 565 852 Leucadem
576 789 645 872 jam
655 787 854 872 appulerant,
868 811 907 852 eo
918 791 1036 864 animo,
1048 799 1086 853 ut
1099 812 1196 876 quam
1226 795 1254 840 U·
1268 801 1296 844 (λ

155 868 322 936 celerrime
336 874 369 936 in
386 872 526 937 Siciliam
541 873 583 936 ad
597 895 689 958 opem
705 875 907 958 Syracusanis
927 875 1089 940 ferendam
1110 879 1196 964 traji·
1225 859 1298 972 gfff·

154 970 273 1022 cerent.
320 958 402 1023 Cum
418 972 525 1023 autem
547 973 669 1024 atroces
690 960 794 1024 nuntii
814 960 893 1044 ipsis
914 960 1113 1045 afferrentur,
1128 985 1197 1026 om·
1219 957 1305 1036 iunii.

153 1063 275 1128 nesquc
298 1043 332 1108 in
358 1044 443 1110 idem
467 1045 668 1110 mendacium
689 1058 911 1131 congruentes,
935 1047 1107 1131 Syracusas
1127 1050 1197 1133 jam

154 1129 289 1194 omnino
303 1129 556 1196 circumvallatas
571 1153 646 1207 ease,
664 1131 763 1217 Gylip
789 1154 823 1196 us
839 1131 958 1197 Siciliae
973 1131 1102 1218 quidem
1125 1155 1196 1198 con·

152 1218 315 1280 seruanda
328 1217 449 1282 nullam
465 1238 552 1301 spem
569 1240 619 1286 am
645 1217 705 1281 lius
717 1216 758 1282 ha
800 1217 870 1282 bat:
895 1217 1105 1284 Italiamrero
1118 1241 1195 1282 con-

152 1322 280 1366 servare
302 1303 442 1387 cupiens,
469 1305 536 1387 ipse
560 1319 592 1367 et
637 1302 734 1390 ythen
759 1302 947 1368 Corinthius
970 1325 1044 1368 curn
1069 1303 1195 1370 duabus

154 1385 324 1452 Laconicis
339 1390 481 1463 naribus.
499 1388 696 1475 totidemque
711 1389 935 1466 Corinthiacis,
952 1411 1045 1473 quam
1063 1389 1194 1455 velocia·

153 1473 234 1564 sime
248 1477 431 1540 transmisso
447 1476 551 1554 Ionio,
567 1473 745 1540 Tarentum
761 1491 984 1559 pervenerunt.
1031 1475 1192 1540 Corinthii

151 1581 240 1636 vero,
256 1575 374 1645 praeter
394 1583 466 1626 suas
486 1560 608 1638 decem,
625 1561 750 1625 duabus
766 1561 936 1628 Leucadiis
950 1575 982 1624 ct
997 1561 1097 1624 tribus
1112 1562 1192 1626 Am·

150 1645 304 1710 braciotia
327 1647 497 1724 instructis,
514 1649 549 1711 in
570 1649 710 1712 Siciliam
732 1659 844 1731 postea
864 1646 1015 1733 navigare
1037 1649 1192 1713 constitu·

151 1744 255 1796 erant.
300 1733 345 1799 Et
360 1733 519 1820 Gylippus
542 1732 670 1818 quidem
695 1731 837 1796 Tarento
860 1732 1000 1818 primum
1022 1732 1056 1796 in
1078 1755 1192 1820 amum

149 1816 315 1883 'I'hurium
329 1840 389 1903 pro
403 1820 508 1906 legato
522 1817 694 1902 profectus,
708 1827 768 1882 ‘ex
782 1817 917 1882 civitatis
926 1819 1010 1903 jure,
1023 1841 1087 1904 quo
1101 1831 1194 1903 pater

151 1905 253 1990 ipsius
274 1904 437 1991 quondam
452 1929 473 1969 a
494 1907 621 1969 Thuriis
642 1905 778 1968 donatus
799 1901 911 1979 fuerat,
927 1925 999 1966 cum
1023 1906 1107 1985 ipsos
1130 1905 1191 1968 sibi

149 1991 256 2056 socios
270 1991 442 2079 adjungere
456 2012 519 2056 non
534 1991 697 2076 potuisset,
713 1989 802 2052 illinc
816 1991 949 2065 solvens,
964 1989 1086 2052 “Italiae
1100 2011 1190 2054 oram

152 2077 291 2162 legebat,
305 2089 337 2142 et
360 2079 392 2141 in
416 2080 487 2143 sinu
502 2077 652 2140 'l'erinoeo
677 2075 829 2159 abreptus
851 2097 871 2138 a
888 2087 983 2140 vento
998 2076 1066 2160 (qui
1081 2075 1141 2138 hac
1158 2076 1190 2138 in

150 2175 243 2248 parte
257 2163 439 2250 ‘oppositus
455 2163 568 2228 Boreae
583 2161 784 2226 vehementer
799 2161 910 2245 spirat)
925 2161 958 2224 in
974 2158 1074 2224 altum
1089 2159 1191 2225 defer·

149 2263 225 2327 tura
248 2262 280 2316 et
295 2271 403 2324 rursus
417 2251 571 2314 acerrima
586 2259 770 2332 tempestate
779 2247 928 2332 jactatus,
940 2244 1118 2310 Tarentum
1133 2269 1190 2331 ap-

148 2334 251 2422 pellit.
290 2336 393 2401 Nares
401 2351 517 2413 autem,
527 2347 683 2436 quotquot
692 2345 877 2417 tempestate
887 2343 1042 2420 quassatae
1050 2331 1189 2412 fuerant,

141 2422 314 2500 subduxit,
337 2433 369 2487 et
390 2421 509 2487 refecit.
557 2421 663 2485 Nicias
689 2440 774 2496 vero,
798 2440 872 2483 cum
895 2441 967 2482 eum
990 2421 1024 2482 in
1050 2421 1190 2483 Siciliam

148 2511 259 2574 venire
272 2510 420 2587 audisset,
432 2510 572 2586 navium,
582 2527 658 2590 quos
673 2506 726 2569 iile
739 2527 835 2569 sertim
849 2505 985 2590 ducebat,
1000 2506 1190 2588 paucitatem

147 2596 332 2660 contemsit:
371 2595 458 2680 quod
483 2609 515 2659 et
534 2592 653 2658 Thurii
677 2590 829 2655 fecerunt.
877 2589 1078 2654 Videbantur
1103 2590 1188 2654 enim

148 2681 339 2768 praedonum
354 2684 418 2746 ritu
434 2680 579 2746 instructi
594 2678 755 2764 navigare,
771 2689 866 2762 atque
883 2685 1052 2760 propterea
1065 2674 1188 2740 nuliam

149 2769 330 2834 custodiam
344 2767 450 2832 adhuc
465 2765 645 2832 adhibebat.

200 2864 268 2922 105.
295 2855 358 2921 Per
379 2853 489 2920 eadem
515 2853 609 2938 hujus
634 2848 752 2915 astatis
772 2860 916 2934 tempora
939 2847 1188 2925 Lacedaemonii,

148 2963 225 3006 cum
249 2941 321 3028 ipsi,
340 2953 409 3005 tum
434 2943 566 3023 ipsorum
592 2937 679 3012 socii,
701 2935 911 3018 irruptionem
938 2955 1002 2997 aaa
1025 2955 1090 2996 cam
1113 2936 1189 3016 ipsis

147 3028 183 3092 in
200 3049 313 3115 agrum
329 3029 487 3108 Argivum
503 3025 657 3100 fecerunt,
673 3023 801 3107 ejusque
817 3041 965 3105 magnam
982 3033 1104 3102 partem
1119 3041 1189 3082 vas-

149 3127 270 3180 tarunt
326 3113 536 3179 Athenienses
562 3123 668 3175 sutem
694 3128 767 3171 curn
791 3105 922 3188 triginta
947 3105 1092 3180 navibus,
1115 3127 1188 3189 quae

147 3199 280 3280 soedem,
302 3201 378 3286 ipsis
401 3221 474 3264 cum
497 3193 746 3262 lacedaemoniis
774 3189 1014 3263 intercedentis,
1040 3190 1188 3254 manifes-

147 3287 269 3352 tissima
291 3298 457 3373 ruperunt,
475 3284 601 3372 Argivis
623 3278 777 3346 auxilium
798 3275 949 3341 tulerunt.
996 3275 1089 3339 Prius
1104 3277 1188 3339 enim

149 3373 236 3459 Pylo
250 3376 285 3438 in
299 3395 407 3459 αςπιηι
421 3373 549 3436 uicinum
564 3375 764 3441 accurrentes,
776 3374 808 3427 et
822 3364 855 3426 in
870 3373 1016 3426 caeteram
1030 3360 1189 3446 Pelopon-

147 3482 262 3525 nesum
277 3461 393 3547 potius,
410 3477 504 3543 quarn
521 3457 554 3519 in
569 3452 774 3527 Laconicam,
790 3447 1026 3524 exscendentes,
1040 3467 1112 3512 cum
1125 3449 1190 3510 Ar-

145 3548 231 3634 givis
246 3559 278 3612 et
294 3544 467 3612 Mantineia
482 3540 647 3607 latrocinia
668 3536 774 3623 potius
795 3533 995 3611 exercebant,
1011 3554 1106 3618 quam
1117 3533 1207 3617 jao.

146 3645 214 3702 tum
236 3633 356 3698 bellum
382 3631 544 3719 gerebant.
589 3624 745 3703 Quamvis
759 3621 845 3686 euim
861 3620 975 3708 Argivi
999 3623 1081 3703 ipsos
1105 3641 1191 3704 saepe

146 3734 325 3809 rogassent,
342 3733 378 3784 ut
392 3728 514 3783 armata
532 3733 631 3780 manu
653 3710 702 3776 rei
725 3707 922 3795 appellerent
943 3705 1045 3772 solum
1068 3705 1110 3770 ad
1125 3706 1190 3771 La·

182 3947 195 3978 ⁸
212 3943 338 3992 morata
346 3943 413 4006 priua
423 3938 542 3991 memoria
552 3937 628 3998 patria
644 3935 670 3982 in
682 3931 875 3980 administranda
885 3929 1018 3990 republica,
1031 3933 1059 3976 ut
1070 3929 1102 3974 ad
1113 3927 1193 3974 daec.

147 4011 245 4059 tionem
256 4009 396 4068 adduceret,
407 4021 484 4068 quum
496 4005 559 4052 nihil
570 4003 706 4062 proficeret,
715 3997 775 4044 abiit
786 4002 833 4042 etc.
862 3994 936 4041 Vnda.
962 3993 1053 4039 Hune.

183 4073 312 4120 dItaliam
324 4073 555 4133 praetervehabatur.
582 4065 660 4112 lanu.

185 4145 199 4174 ⁸
218 4137 327 4198 Quifleri
333 4139 418 4199 pleat,
429 4141 456 4182 at
472 4135 549 4188 raab,
561 4133 588 4176 ia
602 4129 644 4176 hoc
659 4129 715 4172 stau
725 4139 741 4170 a
757 4127 824 4170 arato
836 4123 919 4170 Borea?
936 4121 1038 4180 opposito
1053 4118 1157 4178 abrepta,
1168 4117 1195 4162 ia

149 4204 230 4252 uitam
246 4200 384 4264 dffmtwi
412 4201 514 4254 Forsan,
531 4193 596 4244 sarit
611 4190 688 4258 bugin
706 4187 813 4244 icaria,
825 4186 890 4234 reddi
907 4181 1073 4246 poestajuxta
1085 4183 1195 4228 Boream.

153 4269 240 4316 torar.

648 4341 670 4384 n
685 4318 708 4381 d
