2982 4786
450 267 698 358 ulsrorung
721 267 815 338 mn.
836 269 878 333 v.
1121 279 1184 338 ass

139 433 243 516 ¹ruina,
255 437 305 504 Ar
326 437 397 517 ilus,
409 437 564 528 Stagirus,
577 439 752 518 Acanthus,
766 439 889 519 Seoius,
901 438 1074 528 Olynthus,
1087 440 1185 527 Spar·
1215 449 1279 505 neu

144 521 240 589 tolus.
319 538 484 591 eutrorum
500 549 585 604 vero,
602 541 658 594 aut
670 527 999 601 Lacedaemoniorum,
1016 527 1185 594 antAthe·
1200 515 1293 630 ¹¹:¹⁶3·

142 609 311 688 niensium,
327 613 422 677 sooioe
436 614 510 678 sint.
554 612 652 689 Quod
668 613 695 678 si
712 613 920 678 Athenienses
941 612 992 676 his
1006 613 1184 682 civitatibus
1198 611 1296 708 olimp.

140 697 337 776 persuadere
350 699 483 782 possint,
494 709 530 762 ut
538 701 711 764 societatem
725 721 821 764 senem
836 701 918 762 inire
932 700 1038 776 uelim,
1051 699 1182 764 Atheni·
1206 707 1247 756 8⁹·
1256 709 1281 756 ἃ

134 781 271 846 ensibus
278 784 460 850 societatem
474 805 545 850 oum
559 784 635 868 ipsis
644 783 822 850 volentibus
830 783 935 850 facere
942 784 1046 850 liceat.
1071 784 1184 874 Mecy-
1207 769 1281 884 dud

140 863 261 930 bernaei
274 890 359 946 vero,
375 882 408 934 et
423 870 540 946 Sanoei,
552 883 586 935 et
595 870 726 969 Singaei,
741 891 813 934 suas
827 870 969 954 ipsorum
986 871 1080 936 urbes
1094 871 1183 936 inco-
1217 868 1282 964 ηιξ

139 949 219 1032 lant,
231 954 501 1037 quemadmodum
518 955 562 1021 Ol
584 955 677 1033 uthir,
692 967 725 1020 et
739 955 903 1020 Acanthii.
945 955 1183 1024 Lacedaemonii
1226 1040 1229 1048 Ι
1270 1007 1275 1024 ,

138 978 1182 1214 uuuuuutiuuustatuuntur:-

136 1207 232 1286 sinm,
248 1222 282 1274 et
294 1211 447 1296 Cythera,
461 1225 494 1278 et
505 1212 706 1290 Methonem,
722 1226 754 1276 et
770 1211 925 1292 Pteleum,
942 1227 974 1276 et
988 1213 1181 1293 Atalanten,

136 1304 193 1358 l’et
215 1317 422 1382 quoscunque
441 1297 754 1364 lacedaemoniorum
774 1299 916 1382 captivos
930 1299 963 1362 in
979 1320 1115 1376 carcere,
1131 1301 1182 1365 vel

138 1377 355 1458 Athenium]
376 1382 452 1448 alibi
473 1385 559 1448 intra
582 1405 649 1450 suoe
670 1383 800 1450 ditionis
823 1384 901 1448 finm
924 1383 1051 1448 babent
1096 1385 1180 1450 Item

135 1462 301 1532 dimittant
316 1467 576 1554 Peloponnesios,
592 1472 648 1556 qni
668 1469 795 1534 Scione
816 1469 1014 1548 obsidentur,
1032 1485 1180 1539 ooeteros·

136 1571 201 1636 que
224 1551 542 1622 Lacedaemoniorum
565 1556 679 1632 socios,
703 1567 861 1642 quotquot
885 1555 1123 1635 suntScionm,
1147 1569 1179 1624 et

137 1647 297 1724 quotquot
312 1639 464 1706 Brasidas
488 1661 527 1706 eo
552 1641 650 1708 misit.
673 1642 699 1704 si
722 1643 794 1726 quis
814 1639 954 1726 denique
970 1639 1179 1726 Lacedaemo,-

136 1722 268 1789 niorum
294 1726 397 1792 eonius
420 1726 470 1792 vel
490 1725 638 1805 Athenis,
654 1725 703 1790 vel
724 1725 812 1803 alibi,
827 1727 912 1791 intra
936 1726 1015 1791 fines
1040 1728 1177 1814 imperii,

128 1808 225 1892 qnod
240 1810 450 1878 Athenienses
463 1811 593 1889 habent,
608 1813 641 1876 in
653 1833 779 1880 earcere
792 1811 964 1892 detinetur,
978 1834 1043 1878 eum
1057 1817 1179 1880 misnen

121 1895 268 1978 faciunt.
316 1897 461 1964 Vicissim
490 1899 585 1964 etiam
616 1897 864 1975 Lacedaemonii,
894 1917 1071 1985 eorumque
1099 1901 1177 1966 socii

134 1979 375 2049 Atheniensibus
387 1983 500 2050 eodem
514 1987 611 2050 modo
625 1983 761 2048 reddant
775 2003 983 2069 quoscunque
999 1983 1177 2051 Athenien·

134 2063 232 2144 sium,
247 2069 446 2135 sociorumve
460 2093 557 2155 penes
577 2093 610 2136 se
632 2070 760 2134 habent.
805 2069 859 2134 De
875 2069 1031 2136 Seionaeis
1045 2093 1133 2154 vero,
1144 2085 1177 2138 et

135 2151 315 2231 Toronaeis,
331 2167 364 2220 et
380 2157 553 2244 Sermyliis,
569 2169 601 2222 et
611 2157 636 2222 si
653 2177 749 2242 quam
764 2155 858 2222 aliam
881 2156 1043 2220 civitatem
1058 2155 1178 2224 hebent

134 2236 357 2319 Athenienses,
379 2242 591 2308 Athenienses
611 2242 653 2308 de
675 2242 761 2327 ipsis,
775 2254 808 2308 et
832 2239 873 2308 de
894 2241 965 2306 aliis
984 2243 1176 2324 civitatibus,

133 2323 290 2392 'arbitratu
305 2333 364 2392 s'uo
376 2341 526 2396 statuent.
570 2329 671 2394 iidem
687 2330 782 2395 etiam
797 2327 884 2413 apud
899 2327 1173 2410 Laoedoemonios,

131 2431 310 2500 eorumque
320 2415 434 2493 socios,
445 2417 478 2480 iu
488 2413 619 2500 singulis
630 2414 810 2479 civitatibus
818 2414 1042 2499 jusjurandum
1052 2417 1173 2501 jurent.

135 2495 278 2583 Utrique
301 2513 407 2565 antem
426 2499 650 2588 jusjurandum
666 2522 756 2565 more
770 2501 875 2584 patrio
894 2512 1068 2584 receptum,
1085 2502 1174 2586 quod

131 2581 168 2647 in
191 2591 328 2671 utruque
348 2586 475 2652 ciuitate
500 2587 672 2654 maximum
688 2585 834 2662 habetur,
850 2586 971 2671 jurent.
1005 2585 1173 2672 Jusjuran-

120 2667 212 2734 dum
226 2683 333 2736 nutem
347 2672 381 2736 in
395 2671 466 2738 haro
488 2672 583 2738 verba
600 2673 743 2758 jureuu:
769 2671 870 2738 Stabo
885 2671 934 2736 his
951 2671 1061 2757 pactis,
1078 2684 1174 2760 atque

132 2752 184 2818 hia
198 2753 379 2836 foederibua,
395 2759 518 2827 sincere
539 2771 572 2824 et
593 2757 662 2824 sine
680 2757 766 2824 dolo.
812 2756 1051 2824 Lacedaemonii
1066 2774 1172 2826 autem

127 2861 307 2930 eorumque
321 2845 400 2909 sooii
409 2843 635 2931 jusjurandum
650 2844 765 2910 eodem
778 2842 877 2910 modo
896 2844 984 2929 apud
994 2844 1173 2912 Athenien·

130 2945 182 2991 ses
203 2928 322 3012 jurent.
368 2929 445 2995 Hoo
474 2944 580 2996 autem
605 2930 734 3016 utrique
758 2929 929 3015 quotannis
953 2947 1116 3008 renovent,
1141 2944 1174 2996 et

127 3011 767 3186 summumne
785 3015 1173 3182 uruuuurr

125 3186 197 3249 utri
210 3207 268 3270 per
282 3187 473 3254 oblivionem
498 3188 718 3273 praeterierint,
733 3199 766 3251 et
786 3185 812 3249 si
834 3185 911 3272 quid
935 3187 1029 3252 rectis
1042 3189 1173 3262 rationi·

126 3272 193 3334 bns
213 3273 359 3358 munnae
380 3273 483 3338 allatis
503 3273 690 3350 discussum,
713 3271 892 3336 mondum
915 3274 1054 3356 atrisque
1077 3275 1173 3338 uinum

111 3357 238 3442 fioerit,
254 3359 336 3422 idio
351 3360 390 3424 iis
405 3359 484 3424 looia
498 3359 648 3426 tabrdiroe
661 3367 786 3422 mutare
798 3355 845 3420 faa
861 3356 912 3432 sit,
928 3379 968 3422 eo
982 3356 1090 3436 modo,
1105 3380 1172 3444 quo

127 3443 287 3528 utrinqne,
299 3444 551 3510 Atheniensibus
560 3457 594 3510 et
607 3441 869 3517 Lacedaemoniis,
881 3441 982 3511 visum
998 3442 1105 3512 fuerit.

179 3535 228 3594 19.
251 3529 365 3606 Quum
392 3542 499 3596 autem
528 3529 653 3596 fmdera
680 3548 828 3616 percussa
856 3527 995 3606 suerunt,
1024 3527 1171 3598 Plistolas

126 3613 282 3699 Ephorus
308 3617 434 3700 Sparta
456 3615 676 3704 magistratum
702 3616 845 3706 gerebat,
866 3615 1030 3680 Artemisii
1054 3617 1172 3683 mensis

154 3713 247 3765 uasto
260 3716 336 3768 ante
349 3702 446 3768 finem
461 3701 531 3778 die3
554 3701 691 3768 Athenis
705 3723 792 3779 vero,
802 3699 935 3766 Archon
950 3715 1019 3766 erat
1029 3699 1170 3782 Aloaeus,

164 3785 394 3871 laphebolionis
419 3788 535 3853 mensis
564 3801 654 3854 sexto
682 3802 758 3854 ante
782 3787 879 3852 finem
908 3787 971 3852 die.
1013 3787 1173 3854 durarunt

125 3885 248 3952 sutem,
262 3873 431 3962 foedusque
451 3887 686 3960 percusserunt,
702 3897 743 3940 ex
759 3872 1013 3938 Lacedaemoniis
1027 3873 1171 3960 quidem,

124 3957 198 4024 isti:
223 3959 381 4042 Plistolrs,
397 3961 606 4048 Damagetns,
619 3960 764 4038 Chiouis‚
777 3957 975 4046 Metagenes,
992 3959 1170 4041 Acanthus,

161 4189 175 4231 Ρ
192 4187 226 4235 Et
236 4189 303 4237 eirea
321 4189 527 4246 Laeedoemoniou
542 4189 681 4249 quicunque
692 4189 717 4233 in
735 4187 832 4246 publica
849 4184 1037 4233 Atheniensium
1048 4184 1169 4244 custodia,

123 4259 173 4302 ant
181 4254 241 4302 abbi
252 4255 379 4303 inditione
389 4257 498 4316 imorum
510 4255 604 4316 publice
612 4252 705 4378 'cgpgai
717 4259 831 4300 tenentur
842 4258 889 4298 oto.
903 4271 905 4278 ·
917 4251 1026 4297 Aeaciur.
1055 4249 1140 4298 Huw-
