<?xml version="1.0" encoding="UTF-8"?>
<!DOCTYPE html PUBLIC "-//W3C//DTD XHTML 1.0 Transitional//EN"
    "http://www.w3.org/TR/xhtml1/DTD/xhtml1-transitional.dtd">
<html xmlns="http://www.w3.org/1999/xhtml" xml:lang="en" lang="en">
 <head>
  <title>
</title>
<meta http-equiv="Content-Type" content="text/html;charset=utf-8" />
  <meta name='ocr-system' content='tesseract 3.04.00' />
  <meta name='ocr-capabilities' content='ocr_page ocr_carea ocr_par ocr_line ocrx_word'/>
</head>
<body>
  <div class='ocr_page' id='page_1' title='image "./thucydidisdebel00wassgoog_0266.png"; bbox 0 0 2994 4788; ppageno 0'>
   <div class='ocr_carea' id='block_1_1' title="bbox 360 250 1032 338">
    <p class='ocr_par' dir='ltr' id='par_1_1' title="bbox 360 250 1032 338">
     <span class='ocr_line' id='line_1_1' title="bbox 360 250 1032 338; baseline -0.009 -10"><span class='ocrx_word' id='word_1_1' title='bbox 360 269 424 336; x_wconf 77' lang='lat' dir='ltr'><strong>oso</strong></span> <span class='ocrx_word' id='word_1_2' title='bbox 727 250 1032 338; x_wconf 81' lang='lat' dir='ltr'><strong>rnucunrnts</strong></span> 
     </span>
    </p>
   </div>
   <div class='ocr_carea' id='block_1_2' title="bbox 246 423 1476 3515">
    <p class='ocr_par' dir='ltr' id='par_1_2' title="bbox 246 423 1404 1715">
     <span class='ocr_line' id='line_1_2' title="bbox 266 423 1394 516; baseline -0.011 -14"><span class='ocrx_word' id='word_1_3' title='bbox 266 453 327 502; x_wconf 81' lang='lat' dir='ltr'><strong>aen</strong></span> <span class='ocrx_word' id='word_1_4' title='bbox 361 443 395 500; x_wconf 89' lang='lat' dir='ltr'><strong>et</strong></span> <span class='ocrx_word' id='word_1_5' title='bbox 418 429 547 500; x_wconf 72' lang='lat' dir='ltr'><strong>vicenos</strong></span> <span class='ocrx_word' id='word_1_6' title='bbox 570 428 605 492; x_wconf 89' lang='lat' dir='ltr'><strong>in</strong></span> <span class='ocrx_word' id='word_1_7' title='bbox 628 425 859 514; x_wconf 74' lang='lat' dir='ltr'><strong>longitudinem</strong></span> <span class='ocrx_word' id='word_1_8' title='bbox 884 423 1090 516; x_wconf 77' lang='lat' dir='ltr'><strong>digesseram.</strong></span> <span class='ocrx_word' id='word_1_9' title='bbox 1112 423 1228 512; x_wconf 81' lang='lat' dir='ltr'>reliqui</span> <span class='ocrx_word' id='word_1_10' title='bbox 1250 446 1325 491; x_wconf 84' lang='lat' dir='ltr'><strong>vero</strong></span> <span class='ocrx_word' id='word_1_11' title='bbox 1346 427 1394 491; x_wconf 76' lang='lat' dir='ltr'><strong>in·</strong></span> 
     </span>
     <span class='ocr_line' id='line_1_3' title="bbox 257 509 1395 662; baseline -0.006 -78"><span class='ocrx_word' id='word_1_12' title='bbox 257 517 339 629; x_wconf 53' lang='grc' dir='ltr'>Ἢ</span> <span class='ocrx_word' id='word_1_13' title='bbox 361 520 470 584; x_wconf 82' lang='lat' dir='ltr'><strong>stmcti</strong></span> <span class='ocrx_word' id='word_1_14' title='bbox 491 525 592 592; x_wconf 81' lang='lat' dir='ltr'><strong>erant,</strong></span> <span class='ocrx_word' id='word_1_15' title='bbox 607 525 644 578; x_wconf 92' lang='lat' dir='ltr'><strong>ut</strong></span> <span class='ocrx_word' id='word_1_16' title='bbox 664 512 778 662; x_wconf 68' lang='lat' dir='ltr'><strong>cuiqu</strong></span> <span class='ocrx_word' id='word_1_17' title='bbox 800 512 946 613; x_wconf 57' lang='lat' dir='ltr'><strong>contigit:</strong></span> <span class='ocrx_word' id='word_1_18' title='bbox 967 513 1096 613; x_wconf 38' lang='lat' dir='ltr'><strong>&#39;litque</strong></span> <span class='ocrx_word' id='word_1_19' title='bbox 1115 509 1169 576; x_wconf 91' lang='lat' dir='ltr'><strong>hio</strong></span> <span class='ocrx_word' id='word_1_20' title='bbox 1184 510 1314 612; x_wconf 73' lang='lat' dir='ltr'><strong>quidem</strong></span> <span class='ocrx_word' id='word_1_21' title='bbox 1330 525 1395 577; x_wconf 86' lang='lat' dir='ltr'><strong>erat</strong></span> 
     </span>
     <span class='ocr_line' id='line_1_4' title="bbox 246 604 1404 772; baseline -0.01 -12"><span class='ocrx_word' id='word_1_22' title='bbox 246 647 346 760; x_wconf 55' lang='lat' dir='ltr'><strong>itt?</strong></span> <span class='ocrx_word' id='word_1_23' title='bbox 363 604 1286 772; x_wconf 57' lang='lat' dir='ltr'><strong>Btlt‘lltlltttttttitt?lttttitlt</strong></span> <span class='ocrx_word' id='word_1_24' title='bbox 1307 695 1404 768; x_wconf 60' lang='lat' dir='ltr'><strong>ms</strong></span> 
     </span>
     <span class='ocr_line' id='line_1_5' title="bbox 262 769 1394 858; baseline -0.009 -15"><span class='ocrx_word' id='word_1_25' title='bbox 262 777 291 822; x_wconf 78' lang='lat'><strong>⁰·</strong></span> <span class='ocrx_word' id='word_1_26' title='bbox 303 777 331 822; x_wconf 78' lang='lat'><strong>0·</strong></span> <span class='ocrx_word' id='word_1_27' title='bbox 360 786 472 852; x_wconf 67' lang='lat' dir='ltr'><strong>esent,</strong></span> <span class='ocrx_word' id='word_1_28' title='bbox 485 785 589 838; x_wconf 84' lang='lat' dir='ltr'><strong>tamen</strong></span> <span class='ocrx_word' id='word_1_29' title='bbox 605 782 707 836; x_wconf 83' lang='lat' dir='ltr'><strong>totum</strong></span> <span class='ocrx_word' id='word_1_30' title='bbox 720 769 826 858; x_wconf 82' lang='lat' dir='ltr'><strong>gravis</strong></span> <span class='ocrx_word' id='word_1_31' title='bbox 840 783 1011 834; x_wconf 76' lang='lat' dir='ltr'><strong>armaturae</strong></span> <span class='ocrx_word' id='word_1_32' title='bbox 1025 769 1202 834; x_wconf 87' lang='lat' dir='ltr'><strong>exereitum</strong></span> <span class='ocrx_word' id='word_1_33' title='bbox 1218 771 1251 833; x_wconf 92' lang='lat' dir='ltr'><strong>in</strong></span> <span class='ocrx_word' id='word_1_34' title='bbox 1267 783 1394 833; x_wconf 89' lang='lat' dir='ltr'><strong>octonos</strong></span> 
     </span>
     <span class='ocr_line' id='line_1_6' title="bbox 260 839 1393 952; baseline -0.008 -25"><span class='ocrx_word' id='word_1_35' title='bbox 260 839 340 952; x_wconf 45' lang='grc' dir='ltr'><strong>’ἒ</strong></span> <span class='ocrx_word' id='word_1_36' title='bbox 360 875 484 927; x_wconf 76' lang='lat' dir='ltr'><strong>motum</strong></span> <span class='ocrx_word' id='word_1_37' title='bbox 514 857 628 922; x_wconf 87' lang='lat' dir='ltr'><strong>milites</strong></span> <span class='ocrx_word' id='word_1_38' title='bbox 656 855 690 919; x_wconf 90' lang='lat' dir='ltr'><strong>in</strong></span> <span class='ocrx_word' id='word_1_39' title='bbox 715 855 946 944; x_wconf 82' lang='lat' dir='ltr'><strong>longitudinem</strong></span> <span class='ocrx_word' id='word_1_40' title='bbox 972 854 1181 938; x_wconf 78' lang='lat' dir='ltr'><strong>digesserunt.</strong></span> <span class='ocrx_word' id='word_1_41' title='bbox 1228 855 1393 941; x_wconf 85' lang='lat' dir='ltr'><strong>Equitstus</strong></span> 
     </span>
     <span class='ocr_line' id='line_1_7' title="bbox 359 940 1393 1029; baseline -0.009 -16"><span class='ocrx_word' id='word_1_42' title='bbox 359 967 435 1013; x_wconf 84' lang='lat' dir='ltr'><strong>vero</strong></span> <span class='ocrx_word' id='word_1_43' title='bbox 449 947 482 1010; x_wconf 90' lang='lat' dir='ltr'><strong>in</strong></span> <span class='ocrx_word' id='word_1_44' title='bbox 498 957 633 1029; x_wconf 73' lang='lat' dir='ltr'><strong>unoque</strong></span> <span class='ocrx_word' id='word_1_45' title='bbox 646 963 747 1008; x_wconf 87' lang='lat' dir='ltr'><strong>cornu</strong></span> <span class='ocrx_word' id='word_1_46' title='bbox 770 955 848 1006; x_wconf 85' lang='lat' dir='ltr'><strong>erat.</strong></span> <span class='ocrx_word' id='word_1_47' title='bbox 870 941 924 1006; x_wconf 88' lang='lat' dir='ltr'><strong>sed</strong></span> <span class='ocrx_word' id='word_1_48' title='bbox 946 940 1022 1006; x_wconf 88' lang='lat' dir='ltr'><strong>levis</strong></span> <span class='ocrx_word' id='word_1_49' title='bbox 1044 951 1215 1020; x_wconf 74' lang='lat' dir='ltr'><strong>armatura,</strong></span> <span class='ocrx_word' id='word_1_50' title='bbox 1230 940 1393 1026; x_wconf 55' lang='lat' dir='ltr'><strong>{consulto</strong></span> 
     </span>
     <span class='ocr_line' id='line_1_8' title="bbox 383 1025 1391 1106; baseline -0.006 -8"><span class='ocrx_word' id='word_1_51' title='bbox 383 1032 489 1098; x_wconf 90' lang='lat' dir='ltr'><strong>uidem</strong></span> <span class='ocrx_word' id='word_1_52' title='bbox 512 1031 676 1106; x_wconf 87' lang='lat' dir='ltr'><strong>instructa,</strong></span> <span class='ocrx_word' id='word_1_53' title='bbox 691 1049 750 1092; x_wconf 87' lang='lat' dir='ltr'><strong>nec</strong></span> <span class='ocrx_word' id='word_1_54' title='bbox 772 1026 837 1092; x_wconf 85' lang='lat' dir='ltr'><strong>ulle</strong></span> <span class='ocrx_word' id='word_1_55' title='bbox 858 1039 936 1092; x_wconf 92' lang='lat' dir='ltr'><strong>tunc</strong></span> <span class='ocrx_word' id='word_1_56' title='bbox 957 1025 1077 1104; x_wconf 86' lang='lat' dir='ltr'><strong>aderat,</strong></span> <span class='ocrx_word' id='word_1_57' title='bbox 1092 1048 1151 1092; x_wconf 90' lang='lat' dir='ltr'><strong>neo</strong></span> <span class='ocrx_word' id='word_1_58' title='bbox 1171 1030 1203 1092; x_wconf 91' lang='lat' dir='ltr'><strong>in</strong></span> <span class='ocrx_word' id='word_1_59' title='bbox 1225 1028 1306 1092; x_wconf 88' lang='lat' dir='ltr'><strong>urbe</strong></span> <span class='ocrx_word' id='word_1_60' title='bbox 1320 1039 1391 1092; x_wconf 84' lang='lat' dir='ltr'><strong>erat</strong></span> 
     </span>
     <span class='ocr_line' id='line_1_9' title="bbox 446 1111 1390 1201; baseline -0.005 -18"><span class='ocrx_word' id='word_1_61' title='bbox 446 1130 478 1183; x_wconf 86' lang='lat' dir='ltr'><strong>et</strong></span> <span class='ocrx_word' id='word_1_62' title='bbox 498 1116 564 1193; x_wconf 84' lang='lat' dir='ltr'><strong>illa,</strong></span> <span class='ocrx_word' id='word_1_63' title='bbox 587 1136 660 1201; x_wconf 81' lang='lat' dir='ltr'><strong>quse</strong></span> <span class='ocrx_word' id='word_1_64' title='bbox 682 1135 747 1178; x_wconf 84' lang='lat' dir='ltr'><strong>cum</strong></span> <span class='ocrx_word' id='word_1_65' title='bbox 770 1113 967 1201; x_wconf 71' lang='lat' dir='ltr'><strong>Hippocrate</strong></span> <span class='ocrx_word' id='word_1_66' title='bbox 985 1113 1023 1177; x_wconf 84' lang='lat' dir='ltr'><strong>ad</strong></span> <span class='ocrx_word' id='word_1_67' title='bbox 1042 1113 1134 1178; x_wconf 89' lang='lat' dir='ltr'><strong>istam</strong></span> <span class='ocrx_word' id='word_1_68' title='bbox 1154 1111 1390 1198; x_wconf 81' lang='lat' dir='ltr'><strong>expeditionem</strong></span> 
     </span>
     <span class='ocr_line' id='line_1_10' title="bbox 357 1197 1390 1288; baseline -0.008 -18"><span class='ocrx_word' id='word_1_69' title='bbox 357 1205 486 1282; x_wconf 80' lang='lat' dir='ltr'><strong>exierat,</strong></span> <span class='ocrx_word' id='word_1_70' title='bbox 512 1201 656 1288; x_wconf 85' lang='lat' dir='ltr'><strong>quamvis</strong></span> <span class='ocrx_word' id='word_1_71' title='bbox 680 1198 787 1263; x_wconf 90' lang='lat' dir='ltr'><strong>hostes</strong></span> <span class='ocrx_word' id='word_1_72' title='bbox 812 1221 946 1264; x_wconf 89' lang='lat' dir='ltr'><strong>numero</strong></span> <span class='ocrx_word' id='word_1_73' title='bbox 967 1197 1063 1286; x_wconf 88' lang='lat' dir='ltr'><strong>longe</strong></span> <span class='ocrx_word' id='word_1_74' title='bbox 1088 1211 1261 1284; x_wconf 87' lang='lat' dir='ltr'><strong>superaret,</strong></span> <span class='ocrx_word' id='word_1_75' title='bbox 1289 1215 1390 1263; x_wconf 83' lang='lat' dir='ltr'><strong>tamen</strong></span> 
     </span>
     <span class='ocr_line' id='line_1_11' title="bbox 357 1284 1390 1378; baseline -0.008 -22"><span class='ocrx_word' id='word_1_76' title='bbox 357 1311 476 1378; x_wconf 87' lang='lat' dir='ltr'><strong>magns</strong></span> <span class='ocrx_word' id='word_1_77' title='bbox 488 1309 529 1352; x_wconf 82' lang='lat' dir='ltr'><strong>ex</strong></span> <span class='ocrx_word' id='word_1_78' title='bbox 543 1297 632 1372; x_wconf 85' lang='lat' dir='ltr'><strong>parte</strong></span> <span class='ocrx_word' id='word_1_79' title='bbox 651 1284 780 1350; x_wconf 86' lang='lat' dir='ltr'><strong>inermis</strong></span> <span class='ocrx_word' id='word_1_80' title='bbox 802 1299 879 1364; x_wconf 91' lang='lat' dir='ltr'><strong>erat,</strong></span> <span class='ocrx_word' id='word_1_81' title='bbox 895 1285 1015 1371; x_wconf 89' lang='lat' dir='ltr'><strong>quippe</strong></span> <span class='ocrx_word' id='word_1_82' title='bbox 1029 1284 1116 1370; x_wconf 90' lang='lat' dir='ltr'><strong>qnod</strong></span> <span class='ocrx_word' id='word_1_83' title='bbox 1139 1298 1223 1350; x_wconf 89' lang='lat' dir='ltr'><strong>totus</strong></span> <span class='ocrx_word' id='word_1_84' title='bbox 1237 1286 1390 1350; x_wconf 84' lang='lat' dir='ltr'><strong>exercitus</strong></span> 
     </span>
     <span class='ocr_line' id='line_1_12' title="bbox 356 1369 1389 1462; baseline -0.004 -22"><span class='ocrx_word' id='word_1_85' title='bbox 356 1397 396 1440; x_wconf 85' lang='lat' dir='ltr'><strong>ex</strong></span> <span class='ocrx_word' id='word_1_86' title='bbox 410 1373 586 1462; x_wconf 84' lang='lat' dir='ltr'><strong>peregrinis</strong></span> <span class='ocrx_word' id='word_1_87' title='bbox 609 1369 798 1454; x_wconf 88' lang='lat' dir='ltr'><strong>promiscue,</strong></span> <span class='ocrx_word' id='word_1_88' title='bbox 814 1383 847 1435; x_wconf 91' lang='lat' dir='ltr'><strong>et</strong></span> <span class='ocrx_word' id='word_1_89' title='bbox 867 1371 997 1448; x_wconf 86' lang='lat' dir='ltr'><strong>ciuibus,</strong></span> <span class='ocrx_word' id='word_1_90' title='bbox 1014 1371 1069 1456; x_wconf 90' lang='lat' dir='ltr'><strong>qui</strong></span> <span class='ocrx_word' id='word_1_91' title='bbox 1084 1382 1156 1436; x_wconf 83' lang='lat' dir='ltr'><strong>tunc</strong></span> <span class='ocrx_word' id='word_1_92' title='bbox 1170 1370 1315 1448; x_wconf 85' lang='lat' dir='ltr'><strong>aderant,</strong></span> <span class='ocrx_word' id='word_1_93' title='bbox 1330 1371 1389 1436; x_wconf 87' lang='lat' dir='ltr'><strong>col·</strong></span> 
     </span>
     <span class='ocr_line' id='line_1_13' title="bbox 357 1455 1388 1542; baseline -0.005 -16"><span class='ocrx_word' id='word_1_94' title='bbox 357 1459 458 1526; x_wconf 86' lang='lat' dir='ltr'><strong>lectus</strong></span> <span class='ocrx_word' id='word_1_95' title='bbox 484 1469 575 1523; x_wconf 83' lang='lat' dir='ltr'><strong>esset.</strong></span> <span class='ocrx_word' id='word_1_96' title='bbox 620 1455 730 1533; x_wconf 85' lang='lat' dir='ltr'><strong>Quare</strong></span> <span class='ocrx_word' id='word_1_97' title='bbox 755 1468 793 1521; x_wconf 90' lang='lat' dir='ltr'><strong>ut</strong></span> <span class='ocrx_word' id='word_1_98' title='bbox 818 1457 956 1540; x_wconf 83' lang='lat' dir='ltr'><strong>primunr</strong></span> <span class='ocrx_word' id='word_1_99' title='bbox 983 1456 1116 1521; x_wconf 90' lang='lat' dir='ltr'><strong>domum</strong></span> <span class='ocrx_word' id='word_1_100' title='bbox 1141 1457 1188 1521; x_wconf 86' lang='lat' dir='ltr'><strong>ire</strong></span> <span class='ocrx_word' id='word_1_101' title='bbox 1212 1469 1388 1542; x_wconf 88' lang='lat' dir='ltr'><strong>coeperunt,</strong></span> 
     </span>
     <span class='ocr_line' id='line_1_14' title="bbox 357 1541 1387 1628; baseline -0.003 -18"><span class='ocrx_word' id='word_1_102' title='bbox 357 1567 422 1610; x_wconf 89' lang='lat' dir='ltr'><strong>non</strong></span> <span class='ocrx_word' id='word_1_103' title='bbox 438 1543 597 1609; x_wconf 84' lang='lat' dir='ltr'><strong>affuerunt</strong></span> <span class='ocrx_word' id='word_1_104' title='bbox 611 1542 670 1606; x_wconf 86' lang='lat' dir='ltr'><strong>nisi</strong></span> <span class='ocrx_word' id='word_1_105' title='bbox 686 1541 790 1626; x_wconf 87' lang='lat' dir='ltr'><strong>pauci.</strong></span> <span class='ocrx_word' id='word_1_106' title='bbox 837 1543 920 1606; x_wconf 92' lang='lat' dir='ltr'><strong>Cum</strong></span> <span class='ocrx_word' id='word_1_107' title='bbox 936 1556 1043 1607; x_wconf 89' lang='lat' dir='ltr'><strong>autem</strong></span> <span class='ocrx_word' id='word_1_108' title='bbox 1058 1542 1089 1605; x_wconf 92' lang='lat' dir='ltr'><strong>in</strong></span> <span class='ocrx_word' id='word_1_109' title='bbox 1106 1543 1172 1608; x_wconf 86' lang='lat' dir='ltr'><strong>acie</strong></span> <span class='ocrx_word' id='word_1_110' title='bbox 1182 1544 1249 1628; x_wconf 87' lang='lat' dir='ltr'><strong>jam</strong></span> <span class='ocrx_word' id='word_1_111' title='bbox 1262 1556 1387 1622; x_wconf 83' lang='lat' dir='ltr'><strong>starent,</strong></span> 
     </span>
     <span class='ocr_line' id='line_1_15' title="bbox 356 1627 1388 1715; baseline -0.001 -21"><span class='ocrx_word' id='word_1_112' title='bbox 356 1641 389 1695; x_wconf 92' lang='lat' dir='ltr'><strong>et</strong></span> <span class='ocrx_word' id='word_1_113' title='bbox 403 1653 480 1695; x_wconf 86' lang='lat' dir='ltr'><strong>mox</strong></span> <span class='ocrx_word' id='word_1_114' title='bbox 500 1627 684 1694; x_wconf 88' lang='lat' dir='ltr'><strong>concursuri</strong></span> <span class='ocrx_word' id='word_1_115' title='bbox 699 1641 811 1704; x_wconf 83' lang='lat' dir='ltr'><strong>essent,</strong></span> <span class='ocrx_word' id='word_1_116' title='bbox 830 1627 1044 1715; x_wconf 83' lang='lat' dir='ltr'><strong>Hippocrates</strong></span> <span class='ocrx_word' id='word_1_117' title='bbox 1058 1627 1126 1693; x_wconf 84' lang='lat' dir='ltr'><strong>dux</strong></span> <span class='ocrx_word' id='word_1_118' title='bbox 1142 1629 1199 1693; x_wconf 79' lang='lat' dir='ltr'><strong>&#39;ad</strong></span> <span class='ocrx_word' id='word_1_119' title='bbox 1216 1629 1388 1695; x_wconf 83' lang='lat' dir='ltr'><strong>Athenien·</strong></span> 
     </span>
    </p>

    <p class='ocr_par' dir='ltr' id='par_1_3' title="bbox 357 1712 1305 1800">
     <span class='ocr_line' id='line_1_16' title="bbox 357 1712 1305 1800; baseline 0.001 -19"><span class='ocrx_word' id='word_1_120' title='bbox 357 1717 440 1781; x_wconf 85' lang='lat' dir='ltr'><strong>sium</strong></span> <span class='ocrx_word' id='word_1_121' title='bbox 455 1715 631 1780; x_wconf 86' lang='lat' dir='ltr'><strong>exercitum</strong></span> <span class='ocrx_word' id='word_1_122' title='bbox 646 1713 784 1792; x_wconf 84' lang='lat' dir='ltr'><strong>advenit,</strong></span> <span class='ocrx_word' id='word_1_123' title='bbox 800 1712 913 1800; x_wconf 87' lang='lat' dir='ltr'><strong>hisque</strong></span> <span class='ocrx_word' id='word_1_124' title='bbox 928 1713 1030 1778; x_wconf 87' lang='lat' dir='ltr'><strong>uerbis</strong></span> <span class='ocrx_word' id='word_1_125' title='bbox 1045 1727 1091 1779; x_wconf 84' lang='lat' dir='ltr'><strong>est</strong></span> <span class='ocrx_word' id='word_1_126' title='bbox 1105 1714 1305 1782; x_wconf 75' lang='lat' dir='ltr'><strong>adhortatus.</strong></span> 
     </span>
    </p>

    <p class='ocr_par' dir='ltr' id='par_1_4' title="bbox 346 1797 1476 3066">
     <span class='ocr_line' id='line_1_17' title="bbox 399 1797 1386 1886; baseline -0.002 -18"><span class='ocrx_word' id='word_1_127' title='bbox 399 1810 454 1868; x_wconf 84' lang='grc'><strong>96.</strong></span> <span class='ocrx_word' id='word_1_128' title='bbox 478 1809 500 1843; x_wconf 87' lang='lat'><strong>“</strong></span> <span class='ocrx_word' id='word_1_129' title='bbox 513 1802 642 1866; x_wconf 78' lang='lat' dir='ltr'><strong>Bassus</strong></span> <span class='ocrx_word' id='word_1_130' title='bbox 663 1797 791 1886; x_wconf 91' lang='lat' dir='ltr'><strong>quidem</strong></span> <span class='ocrx_word' id='word_1_131' title='bbox 813 1800 884 1878; x_wconf 85' lang='lat' dir='ltr'><strong>erit,</strong></span> <span class='ocrx_word' id='word_1_132' title='bbox 903 1822 925 1865; x_wconf 91' lang='grc' dir='ltr'>ο</span> <span class='ocrx_word' id='word_1_133' title='bbox 946 1798 1166 1880; x_wconf 79' lang='lat' dir='ltr'><strong>Athenienses,</strong></span> <span class='ocrx_word' id='word_1_134' title='bbox 1182 1800 1253 1866; x_wconf 74' lang='lat' dir='ltr'><strong>haro</strong></span> <span class='ocrx_word' id='word_1_135' title='bbox 1273 1799 1386 1866; x_wconf 85' lang='lat' dir='ltr'><strong>adhor-</strong></span> 
     </span>
     <span class='ocr_line' id='line_1_18' title="bbox 356 1883 1384 1972; baseline 0.001 -20"><span class='ocrx_word' id='word_1_136' title='bbox 356 1888 452 1953; x_wconf 77' lang='lat' dir='ltr'><strong>tatior</strong></span> <span class='ocrx_word' id='word_1_137' title='bbox 479 1887 535 1952; x_wconf 88' lang='lat' dir='ltr'><strong>sed</strong></span> <span class='ocrx_word' id='word_1_138' title='bbox 556 1885 642 1972; x_wconf 86' lang='lat' dir='ltr'><strong>apud</strong></span> <span class='ocrx_word' id='word_1_139' title='bbox 664 1885 748 1950; x_wconf 85' lang='lat' dir='ltr'><strong>viros</strong></span> <span class='ocrx_word' id='word_1_140' title='bbox 768 1883 864 1950; x_wconf 84' lang='lat' dir='ltr'><strong>fortes</strong></span> <span class='ocrx_word' id='word_1_141' title='bbox 887 1885 972 1950; x_wconf 91' lang='lat' dir='ltr'><strong>idem</strong></span> <span class='ocrx_word' id='word_1_142' title='bbox 998 1883 1079 1950; x_wconf 86' lang='lat' dir='ltr'><strong>valet</strong></span> <span class='ocrx_word' id='word_1_143' title='bbox 1101 1909 1139 1950; x_wconf 88' lang='lat' dir='ltr'><strong>oc</strong></span> <span class='ocrx_word' id='word_1_144' title='bbox 1159 1889 1255 1972; x_wconf 86' lang='lat' dir='ltr'><strong>longo</strong></span> <span class='ocrx_word' id='word_1_145' title='bbox 1277 1889 1384 1964; x_wconf 70' lang='lat' dir='ltr'><strong>marn,</strong></span> 
     </span>
     <span class='ocr_line' id='line_1_19' title="bbox 354 1970 1385 2059; baseline -0.002 -21"><span class='ocrx_word' id='word_1_146' title='bbox 354 1974 471 2058; x_wconf 67' lang='lat' dir='ltr'><strong>tacqsoe</strong></span> <span class='ocrx_word' id='word_1_147' title='bbox 490 1984 559 2038; x_wconf 81' lang='lat' dir='ltr'><strong>ntor</strong></span> <span class='ocrx_word' id='word_1_148' title='bbox 580 1971 695 2058; x_wconf 89' lang='lat' dir='ltr'><strong>potius,</strong></span> <span class='ocrx_word' id='word_1_149' title='bbox 711 1985 747 2036; x_wconf 89' lang='lat' dir='ltr'><strong>ut</strong></span> <span class='ocrx_word' id='word_1_150' title='bbox 769 1993 824 2036; x_wconf 83' lang='lat' dir='ltr'><strong>vos</strong></span> <span class='ocrx_word' id='word_1_151' title='bbox 846 1970 1135 2048; x_wconf 81' lang='lat' dir='ltr'><strong>commonefaciam,</strong></span> <span class='ocrx_word' id='word_1_152' title='bbox 1155 1995 1250 2059; x_wconf 86' lang='lat' dir='ltr'><strong>quam</strong></span> <span class='ocrx_word' id='word_1_153' title='bbox 1276 1986 1312 2038; x_wconf 89' lang='lat' dir='ltr'><strong>ut</strong></span> <span class='ocrx_word' id='word_1_154' title='bbox 1331 1974 1385 2037; x_wconf 93' lang='lat' dir='ltr'><strong>im·</strong></span> 
     </span>
     <span class='ocr_line' id='line_1_20' title="bbox 354 2057 1384 2161; baseline -0.004 -35"><span class='ocrx_word' id='word_1_155' title='bbox 354 2079 473 2161; x_wconf 76' lang='lat' dir='ltr'><strong>perenn.</strong></span> <span class='ocrx_word' id='word_1_156' title='bbox 520 2057 650 2122; x_wconf 90' lang='lat' dir='ltr'><strong>Nemini</strong></span> <span class='ocrx_word' id='word_1_157' title='bbox 671 2067 777 2122; x_wconf 89' lang='lat' dir='ltr'><strong>autem</strong></span> <span class='ocrx_word' id='word_1_158' title='bbox 800 2069 940 2122; x_wconf 85' lang='lat' dir='ltr'><strong>vestrum</strong></span> <span class='ocrx_word' id='word_1_159' title='bbox 962 2057 995 2121; x_wconf 91' lang='lat' dir='ltr'><strong>in</strong></span> <span class='ocrx_word' id='word_1_160' title='bbox 1019 2069 1156 2123; x_wconf 88' lang='lat' dir='ltr'><strong>mentem</strong></span> <span class='ocrx_word' id='word_1_161' title='bbox 1174 2060 1291 2136; x_wconf 84' lang='lat' dir='ltr'><strong>veniat,</strong></span> <span class='ocrx_word' id='word_1_162' title='bbox 1313 2075 1384 2123; x_wconf 77' lang='lat' dir='ltr'><strong>¹nos</strong></span> 
     </span>
     <span class='ocr_line' id='line_1_21' title="bbox 354 2143 1384 2232; baseline 0 -24"><span class='ocrx_word' id='word_1_163' title='bbox 354 2165 387 2209; x_wconf 89' lang='lat' dir='ltr'><strong>rn</strong></span> <span class='ocrx_word' id='word_1_164' title='bbox 410 2146 513 2210; x_wconf 86' lang='lat' dir='ltr'><strong>elieno</strong></span> <span class='ocrx_word' id='word_1_165' title='bbox 535 2146 610 2222; x_wconf 83' lang='lat' dir='ltr'><strong>solo,</strong></span> <span class='ocrx_word' id='word_1_166' title='bbox 647 2143 715 2208; x_wconf 86' lang='lat' dir='ltr'><strong>ussi</strong></span> <span class='ocrx_word' id='word_1_167' title='bbox 738 2163 789 2206; x_wconf 87' lang='lat' dir='ltr'><strong>res</strong></span> <span class='ocrx_word' id='word_1_168' title='bbox 810 2155 919 2208; x_wconf 85' lang='lat' dir='ltr'><strong>nostra</strong></span> <span class='ocrx_word' id='word_1_169' title='bbox 939 2164 1005 2207; x_wconf 91' lang='lat' dir='ltr'><strong>non</strong></span> <span class='ocrx_word' id='word_1_170' title='bbox 1027 2156 1151 2232; x_wconf 85' lang='lat' dir='ltr'><strong>agetur,</strong></span> <span class='ocrx_word' id='word_1_171' title='bbox 1166 2157 1291 2210; x_wconf 85' lang='lat' dir='ltr'><strong>tanturn</strong></span> <span class='ocrx_word' id='word_1_172' title='bbox 1307 2145 1384 2230; x_wconf 90' lang='lat' dir='ltr'><strong>peri-</strong></span> 
     </span>
     <span class='ocr_line' id='line_1_22' title="bbox 354 2165 1383 2316; baseline -0.002 -20"><span class='ocrx_word' id='word_1_173' title='bbox 354 2229 592 2300; x_wconf 85' lang='lat' dir='ltr'><strong>culumsubire.</strong></span> <span class='ocrx_word' id='word_1_174' title='bbox 626 2165 722 2292; x_wconf 70' lang='lat' dir='ltr'><strong>ham</strong></span> <span class='ocrx_word' id='word_1_175' title='bbox 737 2228 770 2292; x_wconf 91' lang='lat' dir='ltr'><strong>in</strong></span> <span class='ocrx_word' id='word_1_176' title='bbox 786 2229 919 2294; x_wconf 86' lang='lat' dir='ltr'><strong>istorum</strong></span> <span class='ocrx_word' id='word_1_177' title='bbox 939 2251 1014 2316; x_wconf 84' lang='lat' dir='ltr'><strong>agro</strong></span> <span class='ocrx_word' id='word_1_178' title='bbox 1035 2252 1096 2315; x_wconf 92' lang='lat' dir='ltr'><strong>pro</strong></span> <span class='ocrx_word' id='word_1_179' title='bbox 1109 2243 1215 2296; x_wconf 87' lang='lat' dir='ltr'><strong>vestro</strong></span> <span class='ocrx_word' id='word_1_180' title='bbox 1230 2245 1383 2297; x_wconf 87' lang='lat' dir='ltr'><strong>certamen</strong></span> 
     </span>
     <span class='ocr_line' id='line_1_23' title="bbox 354 2313 1382 2400; baseline 0.001 -20"><span class='ocrx_word' id='word_1_181' title='bbox 354 2329 401 2382; x_wconf 83' lang='lat' dir='ltr'><strong>est</strong></span> <span class='ocrx_word' id='word_1_182' title='bbox 415 2316 570 2382; x_wconf 78' lang='lat' dir='ltr'><strong>futurum.</strong></span> <span class='ocrx_word' id='word_1_183' title='bbox 588 2330 598 2348; x_wconf 87' lang='lat'><strong>·</strong></span> <span class='ocrx_word' id='word_1_184' title='bbox 616 2313 714 2394; x_wconf 62' lang='lat' dir='ltr'><strong>Etsi</strong></span> <span class='ocrx_word' id='word_1_185' title='bbox 732 2315 909 2393; x_wconf 81' lang='lat' dir='ltr'><strong>vicerimus,</strong></span> <span class='ocrx_word' id='word_1_186' title='bbox 928 2315 1149 2400; x_wconf 88' lang='lat' dir='ltr'><strong>Peloponnesii</strong></span> <span class='ocrx_word' id='word_1_187' title='bbox 1171 2316 1239 2382; x_wconf 88' lang='lat' dir='ltr'><strong>sine</strong></span> <span class='ocrx_word' id='word_1_188' title='bbox 1253 2317 1382 2384; x_wconf 87' lang='lat' dir='ltr'><strong>istorum</strong></span> 
     </span>
     <span class='ocr_line' id='line_1_24' title="bbox 353 2401 1383 2489; baseline 0.002 -22"><span class='ocrx_word' id='word_1_189' title='bbox 353 2403 495 2489; x_wconf 77' lang='lat' dir='ltr'><strong>equitatu</strong></span> <span class='ocrx_word' id='word_1_190' title='bbox 521 2401 555 2466; x_wconf 91' lang='lat' dir='ltr'><strong>in</strong></span> <span class='ocrx_word' id='word_1_191' title='bbox 578 2414 717 2466; x_wconf 85' lang='lat' dir='ltr'><strong>restrum</strong></span> <span class='ocrx_word' id='word_1_192' title='bbox 747 2423 861 2488; x_wconf 88' lang='lat' dir='ltr'><strong>agrum</strong></span> <span class='ocrx_word' id='word_1_193' title='bbox 890 2423 1053 2489; x_wconf 89' lang='lat' dir='ltr'><strong>nunquam</strong></span> <span class='ocrx_word' id='word_1_194' title='bbox 1076 2402 1175 2466; x_wconf 85' lang='lat' dir='ltr'><strong>irrum</strong></span> <span class='ocrx_word' id='word_1_195' title='bbox 1235 2417 1265 2486; x_wconf 72' lang='lat' dir='ltr'><strong>t.</strong></span> <span class='ocrx_word' id='word_1_196' title='bbox 1311 2403 1383 2469; x_wconf 90' lang='lat' dir='ltr'><strong>Uno</strong></span> 
     </span>
     <span class='ocr_line' id='line_1_25' title="bbox 352 2486 1382 2575; baseline 0.002 -23"><span class='ocrx_word' id='word_1_197' title='bbox 352 2506 458 2554; x_wconf 85' lang='lat' dir='ltr'><strong>sutem</strong></span> <span class='ocrx_word' id='word_1_198' title='bbox 481 2486 595 2572; x_wconf 79' lang='lat' dir='ltr'><strong>proelio</strong></span> <span class='ocrx_word' id='word_1_199' title='bbox 616 2499 648 2552; x_wconf 87' lang='lat' dir='ltr'><strong>et</strong></span> <span class='ocrx_word' id='word_1_200' title='bbox 670 2487 764 2552; x_wconf 88' lang='lat' dir='ltr'><strong>istum</strong></span> <span class='ocrx_word' id='word_1_201' title='bbox 787 2498 885 2553; x_wconf 85' lang='lat' dir='ltr'><strong>oestro</strong></span> <span class='ocrx_word' id='word_1_202' title='bbox 906 2487 1087 2575; x_wconf 73' lang='lat' dir='ltr'><strong>adjungitis,</strong></span> <span class='ocrx_word' id='word_1_203' title='bbox 1104 2501 1138 2553; x_wconf 94' lang='lat' dir='ltr'><strong>et</strong></span> <span class='ocrx_word' id='word_1_204' title='bbox 1158 2489 1249 2554; x_wconf 90' lang='lat' dir='ltr'><strong>ilum</strong></span> <span class='ocrx_word' id='word_1_205' title='bbox 1271 2489 1304 2554; x_wconf 91' lang='lat' dir='ltr'><strong>in</strong></span> <span class='ocrx_word' id='word_1_206' title='bbox 1320 2512 1382 2554; x_wconf 90' lang='lat' dir='ltr'><strong>ms·</strong></span> 
     </span>
     <span class='ocr_line' id='line_1_26' title="bbox 346 2571 1383 2660; baseline 0.003 -22"><span class='ocrx_word' id='word_1_207' title='bbox 346 2573 452 2658; x_wconf 88' lang='lat' dir='ltr'><strong>jorem</strong></span> <span class='ocrx_word' id='word_1_208' title='bbox 466 2572 644 2639; x_wconf 87' lang='lat' dir='ltr'><strong>libertatem</strong></span> <span class='ocrx_word' id='word_1_209' title='bbox 658 2571 834 2638; x_wconf 83' lang='lat' dir='ltr'><strong>vindicatis.</strong></span> <span class='ocrx_word' id='word_1_210' title='bbox 879 2573 918 2638; x_wconf 91' lang='lat' dir='ltr'><strong>In</strong></span> <span class='ocrx_word' id='word_1_211' title='bbox 940 2596 993 2638; x_wconf 90' lang='lat' dir='ltr'><strong>eos</strong></span> <span class='ocrx_word' id='word_1_212' title='bbox 1015 2573 1113 2660; x_wconf 88' lang='lat' dir='ltr'><strong>igitur</strong></span> <span class='ocrx_word' id='word_1_213' title='bbox 1126 2575 1280 2660; x_wconf 89' lang='lat' dir='ltr'><strong>impetum</strong></span> <span class='ocrx_word' id='word_1_214' title='bbox 1295 2575 1383 2641; x_wconf 85' lang='lat' dir='ltr'><strong>facite</strong></span> 
     </span>
     <span class='ocr_line' id='line_1_27' title="bbox 351 2659 1381 2747; baseline 0.003 -24"><span class='ocrx_word' id='word_1_215' title='bbox 351 2680 370 2723; x_wconf 92' lang='lat' dir='ltr'><strong>e</strong></span> <span class='ocrx_word' id='word_1_216' title='bbox 394 2660 549 2746; x_wconf 85' lang='lat' dir='ltr'><strong>dignitate</strong></span> <span class='ocrx_word' id='word_1_217' title='bbox 571 2659 714 2739; x_wconf 87' lang='lat' dir='ltr'><strong>civitatis,</strong></span> <span class='ocrx_word' id='word_1_218' title='bbox 759 2679 833 2724; x_wconf 88' lang='lat' dir='ltr'><strong>uam</strong></span> <span class='ocrx_word' id='word_1_219' title='bbox 858 2659 1073 2746; x_wconf 87' lang='lat' dir='ltr'><strong>unusquisque</strong></span> <span class='ocrx_word' id='word_1_220' title='bbox 1097 2671 1228 2726; x_wconf 72' lang='lat' dir='ltr'><strong>vestrum</strong></span> <span class='ocrx_word' id='word_1_221' title='bbox 1250 2664 1381 2747; x_wconf 83' lang='lat' dir='ltr'><strong>patriam</strong></span> 
     </span>
     <span class='ocr_line' id='line_1_28' title="bbox 350 2742 1476 2850; baseline 0.008 -43"><span class='ocrx_word' id='word_1_222' title='bbox 350 2742 458 2823; x_wconf 88' lang='lat' dir='ltr'><strong>habet,</strong></span> <span class='ocrx_word' id='word_1_223' title='bbox 472 2757 505 2808; x_wconf 91' lang='lat' dir='ltr'><strong>et</strong></span> <span class='ocrx_word' id='word_1_224' title='bbox 519 2765 614 2830; x_wconf 83' lang='lat' dir='ltr'><strong>quam</strong></span> <span class='ocrx_word' id='word_1_225' title='bbox 630 2745 712 2808; x_wconf 86' lang='lat' dir='ltr'><strong>inter</strong></span> <span class='ocrx_word' id='word_1_226' title='bbox 762 2766 861 2810; x_wconf 82' lang='lat' dir='ltr'><strong>roecos</strong></span> <span class='ocrx_word' id='word_1_227' title='bbox 880 2746 1022 2810; x_wconf 76' lang='lat' dir='ltr'><strong>civitates</strong></span> <span class='ocrx_word' id='word_1_228' title='bbox 1043 2745 1216 2830; x_wconf 88' lang='lat' dir='ltr'><strong>principem</strong></span> <span class='ocrx_word' id='word_1_229' title='bbox 1234 2771 1301 2812; x_wconf 90' lang='lat' dir='ltr'><strong>esse</strong></span> <span class='ocrx_word' id='word_1_230' title='bbox 1313 2749 1380 2850; x_wconf 85' lang='lat' dir='ltr'><strong>glo·</strong></span> <span class='ocrx_word' id='word_1_231' title='bbox 1474 2769 1476 2816; x_wconf 77' lang='grc'><em>;</em></span> 
     </span>
     <span class='ocr_line' id='line_1_29' title="bbox 350 2828 1475 2918; baseline 0.003 -27"><span class='ocrx_word' id='word_1_232' title='bbox 350 2828 461 2904; x_wconf 82' lang='lat' dir='ltr'><strong>rietur,</strong></span> <span class='ocrx_word' id='word_1_233' title='bbox 484 2841 516 2893; x_wconf 91' lang='lat' dir='ltr'><strong>et</strong></span> <span class='ocrx_word' id='word_1_234' title='bbox 540 2841 713 2894; x_wconf 87' lang='lat' dir='ltr'><strong>vestrorum</strong></span> <span class='ocrx_word' id='word_1_235' title='bbox 738 2831 905 2917; x_wconf 82' lang='lat' dir='ltr'><strong>majorum,</strong></span> <span class='ocrx_word' id='word_1_236' title='bbox 951 2831 984 2895; x_wconf 92' lang='lat' dir='ltr'><strong>ui</strong></span> <span class='ocrx_word' id='word_1_237' title='bbox 1009 2829 1091 2896; x_wconf 91' lang='lat' dir='ltr'><strong>duce</strong></span> <span class='ocrx_word' id='word_1_238' title='bbox 1111 2831 1298 2918; x_wconf 85' lang='lat' dir='ltr'><strong>Myronide,</strong></span> <span class='ocrx_word' id='word_1_239' title='bbox 1319 2835 1381 2900; x_wconf 80' lang='lat' dir='ltr'><strong>istis</strong></span> <span class='ocrx_word' id='word_1_240' title='bbox 1473 2863 1475 2894; x_wconf 50' lang='lat' dir='ltr'><strong>r</strong></span> 
     </span>
     <span class='ocr_line' id='line_1_30' title="bbox 349 2911 1380 3004; baseline 0.007 -26"><span class='ocrx_word' id='word_1_241' title='bbox 349 2914 391 2979; x_wconf 89' lang='lat' dir='ltr'><strong>ad</strong></span> <span class='ocrx_word' id='word_1_242' title='bbox 406 2911 599 3000; x_wconf 84' lang='lat' dir='ltr'><strong>OEnophyta</strong></span> <span class='ocrx_word' id='word_1_243' title='bbox 619 2913 733 2998; x_wconf 88' lang='lat' dir='ltr'><strong>proelio</strong></span> <span class='ocrx_word' id='word_1_244' title='bbox 754 2917 917 3002; x_wconf 80' lang='lat' dir='ltr'><strong>superetis,</strong></span> <span class='ocrx_word' id='word_1_245' title='bbox 997 2918 1094 2982; x_wconf 81' lang='lat' dir='ltr'><strong>otiam</strong></span> <span class='ocrx_word' id='word_1_246' title='bbox 1118 2921 1278 3004; x_wconf 84' lang='lat' dir='ltr'><strong>quondam</strong></span> <span class='ocrx_word' id='word_1_247' title='bbox 1295 2935 1380 2985; x_wconf 89' lang='lat' dir='ltr'><strong>tenu-</strong></span> 
     </span>
     <span class='ocr_line' id='line_1_31' title="bbox 347 3015 452 3066; baseline 0.01 -1"><span class='ocrx_word' id='word_1_248' title='bbox 347 3015 452 3066; x_wconf 86' lang='lat' dir='ltr'><strong>erunt.</strong></span> 
     </span>
    </p>

    <p class='ocr_par' dir='ltr' id='par_1_5' title="bbox 345 3085 1380 3352">
     <span class='ocr_line' id='line_1_32' title="bbox 391 3085 1380 3173; baseline 0.005 -19"><span class='ocrx_word' id='word_1_249' title='bbox 391 3097 444 3154; x_wconf 86' lang='grc'><strong>96.</strong></span> <span class='ocrx_word' id='word_1_250' title='bbox 468 3086 551 3151; x_wconf 89' lang='lat' dir='ltr'><strong>Cum</strong></span> <span class='ocrx_word' id='word_1_251' title='bbox 567 3098 672 3152; x_wconf 85' lang='lat' dir='ltr'><strong>autem</strong></span> <span class='ocrx_word' id='word_1_252' title='bbox 689 3085 905 3173; x_wconf 87' lang='lat' dir='ltr'><strong>Hippocrates</strong></span> <span class='ocrx_word' id='word_1_253' title='bbox 920 3089 969 3154; x_wconf 82' lang='lat' dir='ltr'><strong>nis</strong></span> <span class='ocrx_word' id='word_1_254' title='bbox 983 3089 1085 3154; x_wconf 86' lang='lat' dir='ltr'><strong>verbis</strong></span> <span class='ocrx_word' id='word_1_255' title='bbox 1105 3113 1173 3156; x_wconf 81' lang='lat' dir='ltr'><strong>sum</strong></span> <span class='ocrx_word' id='word_1_256' title='bbox 1195 3095 1307 3158; x_wconf 81' lang='lat' dir='ltr'><strong>milites</strong></span> <span class='ocrx_word' id='word_1_257' title='bbox 1327 3094 1380 3159; x_wconf 88' lang='lat' dir='ltr'><strong>ad·</strong></span> 
     </span>
     <span class='ocr_line' id='line_1_33' title="bbox 346 3170 1380 3265; baseline 0.008 -29"><span class='ocrx_word' id='word_1_258' title='bbox 346 3170 538 3250; x_wconf 84' lang='lat' dir='ltr'><strong>hortaretur,</strong></span> <span class='ocrx_word' id='word_1_259' title='bbox 554 3185 586 3238; x_wconf 87' lang='lat' dir='ltr'><strong>et</strong></span> <span class='ocrx_word' id='word_1_260' title='bbox 607 3171 648 3237; x_wconf 87' lang='lat' dir='ltr'><strong>nd</strong></span> <span class='ocrx_word' id='word_1_261' title='bbox 664 3173 799 3238; x_wconf 87' lang='lat' dir='ltr'><strong>mediam</strong></span> <span class='ocrx_word' id='word_1_262' title='bbox 822 3196 920 3262; x_wconf 90' lang='lat' dir='ltr'><strong>usque</strong></span> <span class='ocrx_word' id='word_1_263' title='bbox 941 3177 1099 3240; x_wconf 86' lang='lat' dir='ltr'><strong>exercitus</strong></span> <span class='ocrx_word' id='word_1_264' title='bbox 1114 3177 1213 3240; x_wconf 85' lang='lat' dir='ltr'><strong>aciem</strong></span> <span class='ocrx_word' id='word_1_265' title='bbox 1227 3179 1294 3264; x_wconf 89' lang='lat' dir='ltr'><strong>jam</strong></span> <span class='ocrx_word' id='word_1_266' title='bbox 1309 3202 1380 3265; x_wconf 90' lang='lat' dir='ltr'><strong>pro-</strong></span> 
     </span>
     <span class='ocr_line' id='line_1_34' title="bbox 345 3259 1379 3352; baseline 0.008 -29"><span class='ocrx_word' id='word_1_267' title='bbox 345 3277 472 3344; x_wconf 89' lang='lat' dir='ltr'><strong>gressus</strong></span> <span class='ocrx_word' id='word_1_268' title='bbox 482 3271 573 3334; x_wconf 85' lang='lat' dir='ltr'><strong>esset,</strong></span> <span class='ocrx_word' id='word_1_269' title='bbox 586 3279 645 3322; x_wconf 88' lang='lat' dir='ltr'><strong>nec</strong></span> <span class='ocrx_word' id='word_1_270' title='bbox 661 3259 810 3343; x_wconf 86' lang='lat' dir='ltr'><strong>majorem</strong></span> <span class='ocrx_word' id='word_1_271' title='bbox 827 3263 893 3345; x_wconf 88' lang='lat' dir='ltr'><strong>ejus</strong></span> <span class='ocrx_word' id='word_1_272' title='bbox 903 3278 1026 3346; x_wconf 89' lang='lat' dir='ltr'><strong>partem</strong></span> <span class='ocrx_word' id='word_1_273' title='bbox 1042 3263 1129 3326; x_wconf 88' lang='lat' dir='ltr'><strong>ocius</strong></span> <span class='ocrx_word' id='word_1_274' title='bbox 1144 3263 1235 3329; x_wconf 88' lang='lat' dir='ltr'><strong>adire</strong></span> <span class='ocrx_word' id='word_1_275' title='bbox 1248 3267 1379 3352; x_wconf 83' lang='lat' dir='ltr'><strong>amplius</strong></span> 
     </span>
    </p>

    <p class='ocr_par' dir='ltr' id='par_1_6' title="bbox 343 3343 1378 3515">
     <span class='ocr_line' id='line_1_35' title="bbox 368 3343 1378 3434; baseline 0.008 -24"><span class='ocrx_word' id='word_1_276' title='bbox 368 3359 460 3422; x_wconf 84' lang='lat' dir='ltr'><strong>osset,</strong></span> <span class='ocrx_word' id='word_1_277' title='bbox 474 3345 591 3424; x_wconf 88' lang='lat' dir='ltr'><strong>Boeoti,</strong></span> <span class='ocrx_word' id='word_1_278' title='bbox 601 3343 660 3427; x_wconf 85' lang='lat' dir='ltr'><strong>ipsi</strong></span> <span class='ocrx_word' id='word_1_279' title='bbox 700 3366 812 3430; x_wconf 91' lang='lat' dir='ltr'><strong>unque,</strong></span> <span class='ocrx_word' id='word_1_280' title='bbox 825 3368 897 3410; x_wconf 87' lang='lat' dir='ltr'><strong>cum</strong></span> <span class='ocrx_word' id='word_1_281' title='bbox 915 3347 1084 3434; x_wconf 87' lang='lat' dir='ltr'><strong>Pagondas</strong></span> <span class='ocrx_word' id='word_1_282' title='bbox 1098 3371 1152 3412; x_wconf 88' lang='lat' dir='ltr'><strong>eos</strong></span> <span class='ocrx_word' id='word_1_283' title='bbox 1167 3349 1313 3415; x_wconf 88' lang='lat' dir='ltr'><strong>celeriter</strong></span> <span class='ocrx_word' id='word_1_284' title='bbox 1326 3353 1378 3418; x_wconf 90' lang='lat' dir='ltr'><strong>ad·</strong></span> 
     </span>
     <span class='ocr_line' id='line_1_36' title="bbox 343 3365 1378 3515; baseline 0.008 -21"><span class='ocrx_word' id='word_1_285' title='bbox 343 3365 489 3496; x_wconf 72' lang='lat' dir='ltr'><strong>hortatus</strong></span> <span class='ocrx_word' id='word_1_286' title='bbox 517 3429 636 3506; x_wconf 88' lang='lat' dir='ltr'><strong>fuisset,</strong></span> <span class='ocrx_word' id='word_1_287' title='bbox 668 3366 795 3515; x_wconf 69' lang='lat' dir='ltr'><strong>iiiicque</strong></span> <span class='ocrx_word' id='word_1_288' title='bbox 824 3453 936 3515; x_wconf 84' lang='lat' dir='ltr'><strong>paeana</strong></span> <span class='ocrx_word' id='word_1_289' title='bbox 965 3433 1137 3514; x_wconf 89' lang='lat' dir='ltr'><strong>cecinisset,</strong></span> <span class='ocrx_word' id='word_1_290' title='bbox 1166 3436 1207 3500; x_wconf 92' lang='lat' dir='ltr'><strong>de</strong></span> <span class='ocrx_word' id='word_1_291' title='bbox 1236 3436 1318 3502; x_wconf 89' lang='lat' dir='ltr'><strong>colle</strong></span> <span class='ocrx_word' id='word_1_292' title='bbox 1346 3443 1378 3502; x_wconf 84' lang='lat' dir='ltr'><strong>in</strong></span> 
     </span>
    </p>
   </div>
   <div class='ocr_carea' id='block_1_3' title="bbox 341 3514 1378 3694">
    <p class='ocr_par' dir='ltr' id='par_1_7' title="bbox 341 3514 1378 3694">
     <span class='ocr_line' id='line_1_37' title="bbox 344 3514 1378 3603; baseline 0.009 -23"><span class='ocrx_word' id='word_1_293' title='bbox 344 3517 544 3580; x_wconf 80' lang='lat' dir='ltr'><strong>Athenienses</strong></span> <span class='ocrx_word' id='word_1_294' title='bbox 572 3514 670 3602; x_wconf 89' lang='lat' dir='ltr'><strong>signis</strong></span> <span class='ocrx_word' id='word_1_295' title='bbox 694 3514 813 3579; x_wconf 86' lang='lat' dir='ltr'><strong>infestis</strong></span> <span class='ocrx_word' id='word_1_296' title='bbox 841 3515 915 3581; x_wconf 89' lang='lat' dir='ltr'><strong>ferri</strong></span> <span class='ocrx_word' id='word_1_297' title='bbox 945 3531 1125 3603; x_wconf 83' lang='lat' dir='ltr'><strong>coeperunt.</strong></span> <span class='ocrx_word' id='word_1_298' title='bbox 1171 3521 1378 3589; x_wconf 84' lang='lat' dir='ltr'><strong>Athenienses</strong></span> 
     </span>
     <span class='ocr_line' id='line_1_38' title="bbox 341 3599 1378 3694; baseline 0.012 -31"><span class='ocrx_word' id='word_1_299' title='bbox 341 3621 417 3664; x_wconf 82' lang='lat' dir='ltr'><strong>vero</strong></span> <span class='ocrx_word' id='word_1_300' title='bbox 431 3615 462 3666; x_wconf 88' lang='lat' dir='ltr'><strong>et</strong></span> <span class='ocrx_word' id='word_1_301' title='bbox 476 3601 537 3686; x_wconf 90' lang='lat' dir='ltr'><strong>ipsi</strong></span> <span class='ocrx_word' id='word_1_302' title='bbox 552 3601 583 3663; x_wconf 91' lang='lat' dir='ltr'><strong>in</strong></span> <span class='ocrx_word' id='word_1_303' title='bbox 600 3623 655 3664; x_wconf 87' lang='lat' dir='ltr'><strong>eos</strong></span> <span class='ocrx_word' id='word_1_304' title='bbox 667 3624 687 3666; x_wconf 93' lang='lat' dir='ltr'><strong>e</strong></span> <span class='ocrx_word' id='word_1_305' title='bbox 700 3599 825 3666; x_wconf 81' lang='lat' dir='ltr'><strong>diuerso</strong></span> <span class='ocrx_word' id='word_1_306' title='bbox 841 3603 1038 3688; x_wconf 84' lang='lat' dir='ltr'><strong>prodierunt,</strong></span> <span class='ocrx_word' id='word_1_307' title='bbox 1053 3627 1211 3694; x_wconf 88' lang='lat' dir='ltr'><strong>cursuque</strong></span> <span class='ocrx_word' id='word_1_308' title='bbox 1225 3611 1378 3677; x_wconf 87' lang='lat' dir='ltr'><strong>conflixe-</strong></span> 
     </span>
    </p>
   </div>
   <div class='ocr_carea' id='block_1_4' title="bbox 334 3769 1376 4142">
    <p class='ocr_par' dir='ltr' id='par_1_8' title="bbox 334 3769 1376 4025">
     <span class='ocr_line' id='line_1_39' title="bbox 339 3769 1376 3882; baseline 0.015 -64"><span class='ocrx_word' id='word_1_309' title='bbox 339 3771 389 3882; x_wconf 57' lang='grc' dir='ltr'><strong><em>ῗέ</em></strong></span> <span class='ocrx_word' id='word_1_310' title='bbox 407 3774 446 3820; x_wconf 85' lang='lat' dir='ltr'><strong>hie</strong></span> <span class='ocrx_word' id='word_1_311' title='bbox 462 3774 509 3820; x_wconf 87' lang='lat' dir='ltr'><strong>loci</strong></span> <span class='ocrx_word' id='word_1_312' title='bbox 525 3769 616 3826; x_wconf 63' lang='lat' dir='ltr'><strong>devitu</strong></span> <span class='ocrx_word' id='word_1_313' title='bbox 636 3775 788 3835; x_wconf 73' lang='lat' dir='ltr'><strong>accipiuntur</strong></span> <span class='ocrx_word' id='word_1_314' title='bbox 801 3789 845 3835; x_wconf 93' lang='lat' dir='ltr'><strong>pro</strong></span> <span class='ocrx_word' id='word_1_315' title='bbox 860 3777 988 3836; x_wconf 85' lang='lat' dir='ltr'><strong>militibus,</strong></span> <span class='ocrx_word' id='word_1_316' title='bbox 1001 3777 1107 3826; x_wconf 75' lang='lat' dir='ltr'><strong>formula</strong></span> <span class='ocrx_word' id='word_1_317' title='bbox 1123 3780 1252 3830; x_wconf 84' lang='lat' dir='ltr'><strong>locutionis</strong></span> <span class='ocrx_word' id='word_1_318' title='bbox 1269 3787 1376 3834; x_wconf 80' lang='lat' dir='ltr'><strong>militari.</strong></span> 
     </span>
     <span class='ocr_line' id='line_1_40' title="bbox 339 3837 1374 3974; baseline 0.017 -30"><span class='ocrx_word' id='word_1_319' title='bbox 339 3961 347 3974; x_wconf 36' lang='grc' dir='ltr'>ι</span> <span class='ocrx_word' id='word_1_320' title='bbox 372 3837 575 3962; x_wconf 53' lang='lat' dir='ltr'><strong>lldhnapgddh</strong></span> <span class='ocrx_word' id='word_1_321' title='bbox 597 3904 722 3958; x_wconf 80' lang='lat' dir='ltr'><strong>instructu,</strong></span> <span class='ocrx_word' id='word_1_322' title='bbox 745 3917 824 3963; x_wconf 86' lang='lat' dir='ltr'><strong>neque</strong></span> <span class='ocrx_word' id='word_1_323' title='bbox 847 3910 907 3951; x_wconf 88' lang='lat' dir='ltr'><strong>tunc</strong></span> <span class='ocrx_word' id='word_1_324' title='bbox 926 3907 1009 3952; x_wconf 85' lang='lat' dir='ltr'><strong>aderat</strong></span> <span class='ocrx_word' id='word_1_325' title='bbox 1026 3915 1072 3959; x_wconf 83' lang='lat' dir='ltr'><strong>etc.</strong></span> <span class='ocrx_word' id='word_1_326' title='bbox 1100 3909 1175 3956; x_wconf 79' lang='lat' dir='ltr'><strong>Velle.</strong></span> <span class='ocrx_word' id='word_1_327' title='bbox 1207 3911 1294 3972; x_wconf 78' lang='lat' dir='ltr'><strong>Neque</strong></span> <span class='ocrx_word' id='word_1_328' title='bbox 1316 3921 1374 3962; x_wconf 82' lang='lat' dir='ltr'><strong>tuno</strong></span> 
     </span>
     <span class='ocr_line' id='line_1_41' title="bbox 334 3967 1014 4025; baseline 0.01 -13"><span class='ocrx_word' id='word_1_329' title='bbox 334 3967 624 4025; x_wconf 79' lang='lat' dir='ltr'><strong>Justissrmisinstrncta</strong></span> <span class='ocrx_word' id='word_1_330' title='bbox 634 3969 773 4014; x_wconf 80' lang='lat' dir='ltr'><strong>ademtetc.</strong></span> <span class='ocrx_word' id='word_1_331' title='bbox 795 3969 903 4015; x_wconf 66' lang='lat' dir='ltr'><strong>Aradum</strong></span> <span class='ocrx_word' id='word_1_332' title='bbox 938 3969 1014 4019; x_wconf 74' lang='lat' dir='ltr'><strong>lntrs.</strong></span> 
     </span>
    </p>

    <p class='ocr_par' dir='ltr' id='par_1_9' title="bbox 339 4029 1373 4142">
     <span class='ocr_line' id='line_1_42' title="bbox 339 4029 1373 4142; baseline 0.016 -69"><span class='ocrx_word' id='word_1_333' title='bbox 339 4033 385 4142; x_wconf 52' lang='grc' dir='ltr'><strong>1ὓὲ</strong></span> <span class='ocrx_word' id='word_1_334' title='bbox 387 4029 578 4140; x_wconf 52' lang='lat' dir='ltr'><strong>Epperueniens,</strong></span> <span class='ocrx_word' id='word_1_335' title='bbox 591 4033 777 4082; x_wconf 75' lang='lat' dir='ltr'><strong>Atheniensium</strong></span> <span class='ocrx_word' id='word_1_336' title='bbox 789 4033 923 4080; x_wconf 81' lang='lat' dir='ltr'><strong>exercitum</strong></span> <span class='ocrx_word' id='word_1_337' title='bbox 936 4035 973 4080; x_wconf 85' lang='lat' dir='ltr'><strong>his</strong></span> <span class='ocrx_word' id='word_1_338' title='bbox 985 4037 1062 4084; x_wconf 80' lang='lat' dir='ltr'><strong>verbis</strong></span> <span class='ocrx_word' id='word_1_339' title='bbox 1073 4039 1214 4086; x_wconf 83' lang='lat' dir='ltr'><strong>adhortatus</strong></span> <span class='ocrx_word' id='word_1_340' title='bbox 1225 4047 1271 4089; x_wconf 81' lang='lat' dir='ltr'><strong>est.</strong></span> <span class='ocrx_word' id='word_1_341' title='bbox 1299 4043 1373 4090; x_wconf 79' lang='lat' dir='ltr'><strong>Valla.</strong></span> 
     </span>
    </p>
   </div>
   <div class='ocr_carea' id='block_1_5' title="bbox 336 4159 1371 4282">
    <p class='ocr_par' dir='ltr' id='par_1_10' title="bbox 336 4159 1371 4282">
     <span class='ocr_line' id='line_1_43' title="bbox 336 4159 1371 4282; baseline 0.016 -79"><span class='ocrx_word' id='word_1_342' title='bbox 336 4159 550 4282; x_wconf 44' lang='lat' dir='ltr'><strong>masalmam,</strong></span> <span class='ocrx_word' id='word_1_343' title='bbox 562 4173 637 4219; x_wconf 88' lang='lat' dir='ltr'><strong>qusm</strong></span> <span class='ocrx_word' id='word_1_344' title='bbox 654 4173 698 4219; x_wconf 81' lang='lat' dir='ltr'><strong>per</strong></span> <span class='ocrx_word' id='word_1_345' title='bbox 712 4161 753 4214; x_wconf 82' lang='lat' dir='ltr'><strong>tlt,</strong></span> <span class='ocrx_word' id='word_1_346' title='bbox 771 4159 849 4208; x_wconf 80' lang='lat' dir='ltr'><strong>aliene</strong></span> <span class='ocrx_word' id='word_1_347' title='bbox 867 4160 892 4206; x_wconf 89' lang='lat' dir='ltr'><strong>ln</strong></span> <span class='ocrx_word' id='word_1_348' title='bbox 909 4163 1013 4210; x_wconf 85' lang='lat' dir='ltr'><strong>terrain</strong></span> <span class='ocrx_word' id='word_1_349' title='bbox 1030 4169 1126 4212; x_wconf 75' lang='lat' dir='ltr'><strong>tentum</strong></span> <span class='ocrx_word' id='word_1_350' title='bbox 1142 4168 1276 4230; x_wconf 81' lang='lat' dir='ltr'><strong>periculum</strong></span> <span class='ocrx_word' id='word_1_351' title='bbox 1292 4183 1371 4219; x_wconf 78' lang='lat' dir='ltr'><strong>ruere.</strong></span> 
     </span>
     <span class='ocr_line' id='line_1_44' title="bbox 453 4233 525 4274; baseline 0.083 -6"><span class='ocrx_word' id='word_1_352' title='bbox 453 4233 525 4274; x_wconf 66' lang='lat' dir='ltr'><strong>llll!-</strong></span> 
     </span>
    </p>
   </div>
   <div class='ocr_carea' id='block_1_6' title="bbox 0 0 1502 4788">
    <p class='ocr_par' dir='ltr' id='par_1_11' title="bbox 0 0 1502 4788">
     <span class='ocr_line' id='line_1_45' title="bbox 0 0 1502 4788; baseline 0 8"><span class='ocrx_word' id='word_1_353' title='bbox 0 0 1502 4788; x_wconf 95' lang='lat' dir='ltr'><strong> </strong></span> 
     </span>
    </p>
   </div>
  </div>
 </body>
</html>
