2994 4788
385 325 633 396 HISTORIAE
656 327 745 396 LlB.
770 328 828 396 1v.
1056 340 1122 401 218

86 499 313 578 continentem,
329 512 361 565 et
382 499 515 565 insulem
531 501 684 568 militibus
697 503 826 567 armatis
847 501 1005 581 refertum,
1020 515 1053 569 et
1065 525 1122 570 na·
1155 525 1217 572 sen.

86 607 150 662 ves,
167 609 240 735 qlnee
254 587 286 649 in
307 601 402 671 portu
416 600 518 665 erant,
533 609 597 652 non
620 590 758 674 prodire,
775 588 968 736 embipentes
982 611 1120 676 quonam
1144 587 1228 648 Perop.

86 671 180 757 appel
195 684 300 748 erent3
330 685 408 738 tunc
429 669 558 760 quidem
581 673 621 738 ad
647 673 765 739 Proten
788 675 858 738 insu
872 695 936 751 am,
960 697 1033 775 quae
1054 699 1118 741 non
1135 657 1232 778 ὅῌμ

86 758 224 822 multum
238 758 388 840 distabat,
402 773 436 824 et
448 759 572 824 deserta
582 774 659 838 erat,
674 761 917 838 contenderunt,
933 761 1040 911 ibupue
1053 783 1120 828 cas-
1143 779 1182 828 es
1199 782 1223 829 a

86 845 143 908 tris
157 845 268 930 positis
281 857 518 929 pernoctarunt.
564 846 696 910 Postero
717 846 779 923 die,
796 861 833 910 ut
847 847 887 910 ad
911 868 991 911 nava
1003 872 1020 913 e
1034 870 1119 933 proe·
1146 843 1175 892 υ·
1191 846 1220 894 ⁰·

85 927 165 994 lium
180 931 335 1008 instructi,
350 932 384 994 in
400 931 499 997 altum
511 930 581 996 vela
595 931 749 1012 iecerunt,
760 943 794 996 ut
805 944 989 1018 pugnarent,
1002 937 1027 997 si
1041 957 1119 999 con-
1150 910 1218 1021 ζξζ·

85 1027 137 1079 tra
151 1039 186 1080 se
205 1018 238 1080 in
253 1029 399 1102 apertum
421 1037 508 1082 mare
528 1017 636 1082 venire
657 1017 847 1083 volnissent:
876 1019 924 1082 sin
946 1021 1060 1095 minus,
1084 1035 1119 1088 ut

85 1101 146 1186 ipsi
162 1104 197 1165 in
208 1113 326 1184 portum
339 1103 589 1189 ingrederentur.
634 1103 685 1167 llli
696 1125 771 1167 sero
785 1104 979 1170 necobviem
995 1105 1070 1189 ipsis
1084 1107 1118 1171 in
1185 1132 1188 1142 ¹

84 1187 186 1252 altum
210 1201 439 1272 processerunt,
460 1211 574 1276 neque,
589 1189 855 1276 quemadmodum
877 1191 1116 1270 constituerant,

82 1287 196 1359 portus
221 1277 301 1339 ostia
323 1274 567 1340 obstruxerunt:
602 1275 656 1340 sed
683 1277 716 1340 in
742 1285 825 1340 terra
850 1297 884 1340 se
908 1276 1116 1354 continentes,

83 1381 181 1423 naves
195 1359 408 1446 complebant,
423 1381 519 1447 seque
532 1361 572 1425 ud
588 1361 699 1426 navale
713 1361 862 1446 proelium
878 1362 911 1426 in
932 1375 1027 1447 portu
1050 1385 1116 1428 non

82 1467 185 1532 parvo
198 1447 459 1512 committendum
474 1447 639 1532 parabant,
655 1447 755 1534 siquis
769 1449 800 1511 in
861 1446 895 1512 di
908 1448 1066 1514 voluisset.

130 1542 183 1596 ts.
205 1531 412 1597 Athenienses
425 1554 502 1597 vero
516 1533 576 1598 hec
596 1555 632 1597 re
646 1535 805 1620 cognitas
852 1547 986 1619 unoque
1005 1547 1116 1624 portus
1136 1545 1223 1596 Mens·

81 1621 166 1683 ostio
187 1619 424 1702 impressionem
446 1619 479 1682 in
502 1621 586 1703 ipsus
599 1618 757 1695 iecerunt3
785 1635 816 1684 et
837 1619 950 1684 invecti
975 1621 1007 1684 in
1029 1642 1115 1686 com·
1138 1613 1218 1724 ’ἓξὲξ
1339 1643 1344 1656 ·

79 1704 190 1790 plures
203 1706 344 1789 ipsorum
355 1721 451 1769 nares
466 1727 486 1768 a
496 1719 579 1770 terra
589 1707 656 1791 jam
671 1718 825 1781 remotasr
846 1716 879 1770 et
887 1704 1026 1770 adversis
1040 1728 1116 1792 pro-

80 1792 124 1854 ris
138 1791 311 1868 venientes,
327 1791 359 1854 in
375 1789 483 1878 fugam
495 1803 683 1866 verterunt;¹
696 1804 728 1855 et
741 1790 909 1875 insequuti,
919 1791 1005 1877 quod
1020 1793 1116 1860 breve

79 1879 220 1962 spatium
234 1877 317 1940 inter
331 1899 385 1941 eos
399 1890 491 1955 esset,
509 1876 623 1941 multas
642 1875 771 1962 quidem
786 1873 959 1961 fregerunt,
974 1877 1115 1965 quinque

80 1983 158 2027 vero
174 1973 334 2048 ceperunt,
349 1961 509 2026 ethorum
528 1983 623 2025 unam
639 1982 712 2026 cnm
727 1959 803 2044 ipsis
816 1959 907 2024 viris:
934 1962 968 2025 in
983 1976 1114 2030 caeteres

77 2070 167 2125 vero,
182 2069 256 2135 qnae
278 2048 317 2112 nd
333 2060 451 2112 terrum
473 2045 692 2133 confugerant,
708 2045 944 2131 impressionem
960 2046 1113 2116 fecerunt.

78 2135 151 2199 aliea
167 2155 254 2209 vero,
276 2133 481 2199 dum'ndbuc
500 2134 742 2208 instruerentur,
765 2145 934 2218 antequam
955 2133 990 2197 in
1012 2134 1112 2200 altum

77 2219 342 2306 proveherentur,
358 2221 397 2284 ob
410 2219 645 2284 Aduenientem
656 2217 888 2283 lacerabantur.
932 2216 1114 2287 Nonnullae

77 2306 188 2384 etiam,
204 2327 247 2370 ex
268 2305 382 2391 quibus
394 2301 539 2368 homines
559 2303 760 2390 aufugerant,
773 2305 837 2368 suis
851 2305 980 2369 nanibree
1001 2305 1054 2370 alli
1097 2345 1112 2360 -

76 2407 165 2469 runt,
190 2405 222 2457 et
244 2413 360 2456 vacuas
384 2403 558 2455 traxerunt.
604 2389 689 2466 Quae
711 2389 938 2473 conspicientes
1069 2416 1112 2458 m·

78 2479 192 2555 monii,
207 2477 375 2554 etelsdem
389 2479 481 2542 istam
504 2475 670 2562 oegerrime
692 2472 839 2551 serentes,
862 2477 948 2561 quod
970 2477 1113 2562 ipsorum

76 2567 162 2630 cites
186 2565 226 2628 ab
246 2565 377 2629 hostilem
398 2563 431 2626 in
456 2562 560 2626 insula
581 2561 856 2645 interciperentur,
876 2561 917 2625 sd
937 2580 1031 2645 opem
1051 2561 1116 2628 illis

76 2650 242 2716 lesendam
259 2649 436 2718 veniebant.
459 2664 490 2712 et
505 2646 617 2712 armati
640 2647 671 2710 in
695 2667 781 2710 mare
802 2645 1024 2733 ingredientes,
1041 2671 1114 2716 suas

75 2759 175 2803 naves
190 2733 337 2800 manibus
352 2733 643 2822 apprehendebant,
658 2732 745 2798 etad
764 2753 797 2796 se
811 2731 1023 2800 retrahebant
1068 2735 1113 2802 Et

75 2825 109 2888 in
125 2845 166 2889 eo
178 2822 392 2908 unusquisqne
406 2821 617 2896 existimabat,
633 2841 683 2885 res
696 2817 864 2904 impeditas
877 2818 982 2898 fuisse,
997 2821 1113 2908 quibus

72 2908 225 2998 gerendis
240 2909 352 2993 etipse
366 2930 431 2972 non
446 2899 645 2972 interfuisset.
659 2917 691 2969 et
704 2906 816 2993 ingens
829 2904 994 2984 tumultus,
1009 2915 1056 2972 ‘’et
1070 2909 1113 2973 ab

73 3009 287 3080 utrorumque
300 2990 443 3059 moribus
463 2994 607 3058 diversus
627 2991 712 3056 circa
735 3011 831 3054 naves
853 2993 981 3057 exstitit.
1026 2993 1110 3058 Nam

73 3093 107 3146 et
122 3079 363 3146 Lacedaemonii
377 3101 445 3165 prae
459 3079 563 3143 studio
577 3090 610 3142 et
622 3075 792 3141 formidine
807 3075 884 3139 nihil
900 3076 987 3141 aliud
1003 3083 1054 3161 (ut
1067 3081 1111 3144 ita

71 3166 205 3253 loquar)
221 3187 316 3251 quam
333 3165 446 3230 navale
457 3163 606 3249 proelium
622 3185 639 3225 e
654 3158 917 3226 tepefaciebant.
955 3163 999 3226 Et
1012 3161 1111 3228 Athe-

71 3255 212 3328 nienses,
229 3253 285 3339 qui
299 3252 433 3316 victores
448 3262 548 3326 erant,
562 3263 596 3312 et
631 3247 662 3311 ui
678 3247 826 3332 praesenti
837 3246 1111 3313 uictoriaelortuna

70 3361 172 3428 quam
189 3339 372 3425 longissime
390 3335 540 3424 progredi
554 3333 605 3399 vol
664 3344 711 3412 nt,
726 3351 766 3396 ex
782 3331 914 3396 navibus
934 3332 1110 3417 pedestrem

70 3447 219 3513 pugnam
242 3422 492 3488 committebant.
515 3441 587 3485 curn
603 3432 708 3483 antem
733 3416 833 3481 multo
852 3415 959 3482 labore
972 3441 1005 3482 se
1025 3419 1111 3503 ipsos

71 3525 191 3578 mutuo
205 3512 397 3597 fatigassent,
412 3521 445 3573 et
466 3507 566 3571 mults
580 3505 709 3570 vulnera
724 3504 809 3567 ultro
831 3501 973 3589 citroque
988 3504 1109 3569 intulis-

71 3612 146 3664 sent
169 3611 204 3663 et
226 3597 427 3680 accepissent,
448 3591 575 3657 diremti
598 3602 681 3666 sunt,
704 3601 735 3653 et
758 3586 992 3653 Lacedaemonii
1015 3610 1110 3656 naves

69 3685 198 3761 inanes,
213 3683 276 3748 illis
297 3683 450 3766 exceptis,
465 3700 538 3765 quse
552 3677 652 3740 initio·
665 3687 767 3760 cnptae
781 3673 915 3751 suerent,
932 3693 1110 3744 servarunt.

70 3771 157 3836 Cum
172 3784 279 3835 antem
297 3768 421 3852 utrique
434 3767 466 3829 in
482 3785 539 3828 sna
549 3777 652 3828 castra
665 3783 698 3825 se
707 3760 909 3844 recepissent,
920 3759 967 3824 illi
980 3763 1109 3848 quidem

70 3870 233 3940 tmpoenm
264 3867 446 3928 erexerunt,
472 3863 504 3915 et
528 3869 682 3914 caesorum
713 3847 867 3910 cadavera
890 3847 1107 3924 restituerunt,

69 3944 269 4028 naviumque
282 3941 451 4005 fractarum
469 3935 583 4002 tabulis
597 3945 672 3996 sunt
687 3932 795 4016 potiti3
821 3929 1018 4018 insulamque
1032 3954 1108 4017 pro·

69 4029 160 4094 tinus
189 4027 288 4092 classe
315 4024 482 4090 circumire
507 4029 683 4105 coepernnt,
713 4037 845 4102 eamque
879 4017 1107 4096 custodiebant,

102 4246 288 4294 ⁰Ccmmutatn
298 4245 427 4289 amborum
438 4239 468 4286 ad
480 4249 554 4285 naves
566 4235 645 4280 torma
656 4232 788 4293 pugnandi.
815 4230 890 4278 Vana.
923 4231 1108 4294 lmmutatoge·

64 4327 130 4362 nere
142 4323 232 4372 pugne
244 4303 464 4366 utriusquepartis
484 4301 591 4349 Acerina
601 4297 715 4425 3liuns.

566 4382 586 4426 Ρ
734 4410 738 4418 ,
