2996 4782
422 284 669 354 HISTORIAE
692 283 780 352 LIB.
805 285 833 350 1.
1098 291 1141 352 45

106 462 196 542 (nam
205 475 297 536 rone,
310 479 375 523 non
386 458 515 524 calculis
524 458 673 546 suffragia
681 456 800 540 ferunt)
816 457 912 536 dixit,
927 477 961 522 sa
975 477 1040 522 non
1053 477 1145 543 posse

105 565 313 630 cognoscere,
330 559 401 610 utra
414 566 478 608 vox
492 559 572 610 esset
581 546 693 631 major.
739 541 814 621 Sed,
829 544 903 631 qnia
913 543 1039 608 volebat
1049 546 1144 628 ipsos,
1249 600 1254 612 .

108 631 299 695 senteutiam
313 644 424 715 aperte
444 631 595 708 dicentes,
617 631 659 694 ad
681 629 799 694 bellum
822 629 1013 696 movendum
1036 651 1145 714 prom-

110 716 206 780 tiores
230 738 308 797 esse,
330 717 424 792 dixit,
460 716 561 788 “Cui
586 728 735 792 vestrum,
758 715 1003 795 Lacedaemonii,
1026 715 1146 781 foeders

110 813 207 887 rupta
219 825 300 881 esse,
316 815 348 867 et
362 801 573 868 Athenienses
581 802 730 888 injuriam
740 801 842 867 facere
852 801 1009 879 videntur,
1025 817 1146 888 surgat,

111 899 145 952 et
158 889 191 952 in
210 888 318 954 locum
341 887 430 952 illum
449 887 622 973 (quendam
639 891 743 952 locum
758 887 834 973 ipsis
848 887 1031 969 ostendens)
1046 888 1146 952 disoe-

110 973 185 1048 dats
210 975 350 1040 coinon
372 973 531 1055 videntur,
545 976 578 1037 in
604 974 738 1039 alterurn
760 976 908 1038 discedat.
953 973 1006 1038 Illi
1027 987 1147 1051 antem,

111 1081 187 1124 cum
206 1060 425 1136 surrexissent,
445 1059 666 1124 discessionem
687 1059 844 1136 fecerunt,
860 1073 893 1123 et
915 1059 1013 1146 longe
1037 1060 1148 1145 plures

111 1144 212 1224 suere,
227 1148 344 1232 quibus
356 1145 478 1210 foedera
493 1160 588 1230 rupta
601 1145 801 1210 videbantur.
846 1143 1029 1232 Accitisque
1043 1147 1146 1224 sociis,

112 1232 284 1297 dixerunt:
308 1240 332 1274 ‘⁶
347 1231 416 1298 Sibi
426 1230 555 1318 quidem
567 1231 679 1310 videri,
696 1230 1031 1318 Atheniensesinjuste
1041 1253 1148 1319 agere,

113 1316 196 1382 velle
207 1331 315 1383 tamen
330 1329 363 1384 et
375 1329 498 1382 coeteros
509 1337 618 1382 omnes
628 1318 728 1382 socios
742 1317 784 1381 ad
794 1316 944 1405 suffragia
953 1317 1083 1382 ferenda
1098 1341 1149 1382 ac-

113 1403 191 1482 cire,
206 1418 244 1468 ut
257 1404 298 1469 de
313 1404 476 1468 communi
490 1403 633 1480 consilio,
649 1406 675 1467 si
685 1402 854 1480 videretur,
866 1403 985 1468 bellurn
1000 1403 1150 1470 facerent.

115 1491 224 1576 Atque
238 1489 286 1554 illi
296 1489 436 1576 quidem,
452 1489 501 1553 his
512 1489 672 1568 confectis,
687 1489 820 1554 domurn
830 1489 987 1554 abierunt.
1032 1491 1153 1556 Postea

113 1597 193 1642 raro
201 1589 236 1640 et
248 1576 490 1641 Atheniensium
502 1575 608 1662 legati,
619 1577 715 1640 rebus
723 1577 897 1652 transactis,
910 1597 1044 1676 quarum
1057 1599 1152 1642 cause

114 1676 280 1738 venenant,
304 1665 378 1726 inde
400 1673 595 1726 recessesunt.
641 1660 718 1726 Hoc
750 1677 856 1727 autern
883 1661 966 1727 illius
991 1664 1152 1728 concionis

114 1747 291 1825 decretum,
306 1746 426 1812 foedera
439 1770 506 1812 esse
519 1760 624 1832 rupta,
641 1750 760 1812 factum
774 1760 821 1813 est
839 1769 925 1812 anno
939 1748 981 1812 ab
995 1748 1081 1812 initis
1094 1750 1153 1813 tri-

117 1833 305 1898 cennalibus
320 1832 492 1898 loederibus
514 1833 638 1898 decimo
652 1847 777 1920 quarto,
793 1855 865 1920 quae
880 1847 952 1919 post
970 1856 1021 1898 ras
1037 1835 1071 1898 in
1086 1836 1153 1900 En-

117 1923 195 1985 boea
208 1933 315 2009 gestas
331 1920 409 1984 inita
420 1919 557 1984 fuerunt.

162 2013 216 2072 88.
238 2006 478 2072 Lacedaemonii
497 2019 601 2070 sutem
623 2005 744 2070 foedera
765 2016 860 2092 rupta
879 2027 958 2087 esse,
978 2019 1011 2072 et
1034 2006 1152 2072 bellum

217 2093 296 2157 dum
313 2115 379 2156 esse
401 2092 618 2169 decreverunt,
635 2113 700 2181 non
719 2104 784 2156 tam
806 2092 965 2158 sociorum
986 2092 1089 2157 verbis
1106 2095 1155 2158 in·

144 2179 220 2259 uoti,
231 2199 328 2266 quarn
341 2190 437 2256 metu,
449 2177 709 2243 'neAtheuiensds
720 2177 1057 2262 fierentpotentiores3
1080 2181 1156 2265 quia

119 2287 272 2416 '93⁸⁰ss
287 2264 425 2330 Graeciae
445 2275 567 2349 partem
591 2263 718 2328 illorum
744 2265 878 2349 imperio
893 2266 961 2351 jam
982 2265 1154 2350 subjectam

122 2373 154 2415 rr
178 2375 195 2415 e
274 2397 284 2416 .

165 2446 219 2502 89.
243 2437 329 2514 Nam
343 2437 553 2503 Athenienses
572 2436 633 2502 hoc
648 2438 744 2502 modo
765 2437 807 2502 ad
822 2459 870 2502 res
884 2437 1039 2525 gerendas
1063 2459 1156 2504 vene·

122 2535 211 2599 runt,
225 2545 285 2607 per
299 2545 377 2608 quas
386 2535 565 2588 creverunt.
611 2523 784 2610 Postquam
796 2523 885 2589 Medi
896 2546 938 2588 ex
954 2524 1084 2609 Europa
1093 2524 1157 2586 dis·

77 2635 83 2642 ·
122 2621 296 2686 cesserunt,
312 2609 416 2674 navali
430 2610 549 2693 pariter
563 2631 601 2673 ac
614 2610 752 2693 pedestri
767 2631 877 2696 pugna
890 2633 910 2673 a
926 2611 1048 2672 Graecis
1062 2609 1157 2684 victi3

122 2709 159 2760 et
170 2695 226 2781 qui
240 2717 280 2760 ex
301 2694 363 2758 illis
385 2695 425 2759 ad
442 2693 594 2781 Mycalen
613 2696 746 2760 naribus
762 2694 981 2783 confligerent,
997 2695 1158 2781 profligati

122 2781 271 2845 fuerumt
309 2780 518 2868 Leotychides
577 2780 683 2846 uidem
718 2780 1035 2846 Lacedaemoniorum
1072 2781 1159 2858 Rex,

123 2867 330 2966 Gtteoorunr,
346 2869 407 2967 qui·
425 2867 513 2952 apud
575 2866 685 2952 ycalen
708 2881 809 2944 erant,
824 2866 901 2944 dux,
916 2867 1049 2932 domum
1070 2867 1160 2948 abiit,

1 3037 2 3043 ἵ
125 2974 201 3018 cnut
223 2953 328 3032 sociis,
354 2973 409 3038 qut
431 2975 470 3018 ex
497 2952 718 3037 Peloponneso
744 2965 905 3018 venerant.
951 2953 1161 3018 Athenienses

125 3061 214 3115 vero,
228 3050 262 3103 et
273 3038 360 3114 socii,
376 3039 430 3124 qui
441 3061 482 3102 ex
501 3037 634 3103 loniaet
651 3038 864 3122 Hellesponto
877 3051 1038 3117 venerant,
1054 3061 1127 3103 curn
1142 3061 1162 3101 a

127 3125 221 3211 Rege
229 3126 297 3210 jam
308 3123 505 3202 defecissent,
521 3126 556 3187 in
571 3126 628 3188 illa
637 3127 830 3208 expeditione
843 3140 1088 3208 perseverantes,
1104 3123 1161 3187 oh-

125 3209 277 3276 sidehaut
294 3211 435 3289 Sestum,
451 3231 548 3294 qnam
572 3209 664 3276 Medi
686 3211 846 3287 tenebant,
862 3223 894 3274 et
915 3211 962 3273 ihi
975 3209 1161 3296 hyemantes

126 3319 200 3362 eam
213 3319 236 3361 a
247 3296 392 3362 barbaris
407 3296 585 3361 derelictam
601 3310 765 3382 ceperunt.
810 3295 927 3360 Postea
937 3317 1011 3360 vero
1026 3317 1065 3360 ex
1084 3295 1162 3360 Hel·

126 3373 277 3468 tafponm
295 3381 329 3446 in
351 3404 422 3448 suas
436 3383 555 3468 quique
569 3383 664 3446 urbes
679 3383 878 3484 navigarunt.
922 3381 1162 3446 Atheniensium

127 3489 207 3534 vero
221 3489 401 3547 commune,
419 3480 587 3554 postquem
607 3468 733 3532 barbari
754 3469 831 3552 ipsis
854 3466 959 3532 infesti
980 3488 1020 3532 ex
1036 3467 1164 3555 regione

128 3555 350 3631 discesserunt,
374 3555 481 3620 statim
503 3553 728 3637 absportarnnt
750 3556 847 3631 illinc,
871 3553 926 3618 ubi
951 3552 1164 3638 deposuerant

128 3642 259 3719 liberos,
291 3661 414 3718 uxores,
446 3652 479 3704 et
510 3639 662 3726 quiequid
685 3638 888 3724 supellectilis
909 3652 1083 3724 supererat:
1116 3663 1164 3705 se-

129 3749 196 3815 que
214 3727 256 3792 ad
277 3726 366 3792 urhis
395 3725 540 3804 aedificia,
562 3739 594 3790 et
612 3747 721 3790 muros
750 3725 974 3790 instaurandos
997 3728 1165 3811 parabant.

130 3813 220 3880 Nam
240 3825 273 3879 et
294 3813 419 3900 exiguae
441 3814 579 3877 ambitus
599 3833 751 3876 murorum
766 3821 877 3896 portes
905 3814 941 3875 in
966 3814 1065 3876 curiis
1092 3815 1167 3877 locis

129 3901 232 3966 adhuc
252 3899 389 3976 stabant,
416 3910 449 3963 et
475 3897 560 3963 tedes
595 3898 757 3983 pleraeque
792 3897 1008 3979 conciderant,
1041 3919 1167 3984 paucas·

130 4007 196 4074 que
215 3997 412 4074 supererant,
434 3985 469 4048 in
488 3985 603 4071 quibus
621 3984 682 4069 ipsi
705 3983 872 4049 Persarum
896 3985 1056 4070 principes
1078 4005 1168 4050 man-

130 4084 247 4138 serant.
554 4103 556 4108 ’

176 4166 228 4227 90.
251 4157 492 4225 Lacedaemonii
503 4179 591 4240 vero,
602 4180 675 4223 cum
685 4156 919 4233 intellexissent,
932 4155 1019 4240 quod
1026 4154 1168 4220 firturum

132 4262 211 4326 erat,
225 4246 326 4335 legati
337 4257 502 4323 venerunt,
518 4243 781 4331 partimquidem,
797 4243 883 4328 qnod
899 4257 930 4307 et
945 4241 1168 4326 ipsilibentius
1241 4259 1243 4264 ·
