3004 4768
462 292 705 358 Hls'i'ORIAE
731 292 818 358 LIB.
844 294 941 358 Vlll.
1144 305 1209 368 617

174 459 264 544 prius
278 459 310 525 in
325 461 451 527 Eubma
464 477 565 541 erent,
577 487 632 529 sex
647 479 680 530 et
695 465 735 530 tri
760 467 828 530 inta
841 464 961 530 nuvium
973 487 1126 532 ttumemm
1140 467 1214 534 effe·
1239 485 1302 533 neti.

165 549 228 610 cit.
273 549 317 613 Et
331 551 475 633 protinus
485 551 603 636 proelio
613 551 716 616 navali
727 489 881 616 dimicem
891 549 1001 616 doscta
1015 550 1083 618 fuit
1131 553 1213 618 Nam
1228 548 1311 608 ΜΨ

176 631 438 720 Hegesandridss
455 638 524 722 jam
547 659 694 722 pransus,
709 637 751 702 sb
766 638 879 722 Oropo
902 637 1033 702 classem
1058 637 1092 702 in
1115 639 1213 704 situm
1220 613 1320 740 3¹1}ss

165 718 318 786 duxerat.
362 724 464 788 Abest
477 743 582 788 autem
599 722 730 808 Oropus
744 723 786 788 ab
802 723 1031 789 Eretriensium
1047 725 1137 802 urbe,
1149 739 1213 790 sta·
1231 742 1273 792 92.
1284 741 1308 803 t.

164 805 236 868 diis
257 805 322 872 fere
344 810 524 894 sexaginta,
547 810 641 874 maris
667 821 780 875 tractu.
824 809 913 875 Dum
940 811 1039 897 igitur
1064 811 1117 876 ille
1143 833 1215 878 curn
1237 805 1306 916 25⁰·

174 891 286 990 infesta
309 893 406 960 classe
420 889 492 980 jam
509 897 638 972 veniret,
656 896 866 962 Athenienses
888 918 1016 982 quoque
1036 920 1109 962 suos
1122 921 1216 964 naves
1237 882 1307 999 ὥτ’

174 991 333 1045 instruere
346 996 524 1065 coeperunq
547 983 774 1060 existimantes,
790 1004 864 1046 suos
878 981 993 1046 milites
1012 985 1096 1067 sputi
1118 1006 1214 1051 neres

165 1085 252 1129 esse.
297 1067 362 1132 Sed
387 1067 433 1131 illi
459 1068 580 1132 cibaris
595 1069 627 1132 in
642 1068 812 1152 prandium
836 1069 1069 1147 mercabantur,
1086 1091 1151 1135 noa
1166 1093 1215 1136 ex

174 1149 256 1229 foro,
272 1153 326 1217 sed
343 1175 384 1218 ex
405 1156 542 1236 priuatis
563 1154 687 1219 aedibus
709 1156 741 1218 in
765 1167 908 1219 extreme
929 1154 1017 1220 urbis
1031 1169 1122 1239 parte
1137 1157 1216 1221 sitia.

177 1237 266 1301 Nihil
281 1239 365 1303 enim
382 1242 499 1324 infero
514 1241 720 1319 vendebatur,
735 1240 822 1327 quod
837 1241 878 1305 ab
894 1240 1127 1306 Eretriensibus
1139 1264 1216 1306 con-

176 1325 262 1390 sulto
272 1323 392 1391 iscium
408 1325 519 1404 fuerat,
534 1341 579 1404 nt,
590 1326 668 1392 dum
684 1339 870 1392 cunctanter
884 1349 977 1392 naues
991 1329 1142 1394 militibus
1157 1329 1216 1393 inr-

174 1413 348 1493 pierentur,
372 1411 479 1477 hostes
504 1413 593 1498 prius
617 1413 855 1499 impressionem
882 1416 917 1478 in
938 1435 988 1478 eos
1010 1416 1161 1493 iacerent,
1184 1429 1217 1479 et

174 1496 383 1563 Athenienses
397 1500 452 1576 sic,
469 1511 631 1585 utcunque
651 1500 797 1565 instructi
813 1498 954 1577 fuissent,
972 1503 1003 1564 in
1019 1499 1118 1564 sitnm
1141 1523 1217 1585 pro-

175 1581 246 1648 dire
274 1597 435 1668 cogerent.
481 1585 669 1662 Quinetiam
699 1609 739 1650 ex
770 1585 897 1650 Eretria
921 1587 1048 1670 signnm
1071 1589 1217 1672 Oropum

174 1690 283 1734 versus
298 1671 374 1756 ipsis
385 1673 631 1737 Lacedaemoniis
644 1671 802 1737 sublatum
815 1675 977 1756 dotemque
987 1671 1056 1748 suit,
1072 1684 1106 1738 ut
1119 1675 1218 1757 signi·

162 1757 331 1838 ,ficar-etur,
346 1759 476 1842 quando
491 1762 524 1821 in
539 1759 637 1822 situm
654 1758 784 1843 provehi
800 1759 960 1823 deberent.
1006 1757 1217 1824 Athenienses

176 1843 276 1926 igitur
299 1857 432 1928 propter
453 1844 634 1929 hujusmodi
651 1843 795 1909 fraudem
820 1856 1043 1930 praeparatam,
1060 1847 1093 1908 in
1115 1845 1217 1911 altum

175 1931 327 2014 prouecti,
340 1931 506 2016 navalique
521 1931 635 2013 proeiio
650 1953 745 2018 supra
760 1943 888 2016 portum
902 1929 1114 1994 Eretriensem
1130 1953 1217 1994 eorn-

169 2015 284 2095 misso,
306 2019 444 2100 quumvis
464 2020 509 2080 cd
531 2019 587 2080 hoc
608 2020 759 2100 imparati
772 2019 933 2092 uenissent,
951 2027 1058 2080 tamen
1073 2015 1217 2103 aliquan·

166 2102 277 2186 ⁴tisper
299 2103 393 2167 etiam
420 2105 501 2168 hosti
523 2103 715 2168 restiterunt.
761 2102 889 2168 Deinde
916 2102 951 2165 in
975 2100 1086 2188 fugam
1110 2124 1218 2168 versos

168 2189 273 2253 -lrostis
291 2188 334 2253 sd
356 2189 445 2260 littus
469 2210 568 2276 usquc
591 2203 638 2254 est
659 2190 854 2274 insequutus.
902 2187 944 2252 Et
960 2201 1119 2274 quotquot
1132 2189 1217 2274 ipso-

175 2295 249 2339 rum
272 2273 312 2338 ad
330 2274 560 2340 Eretriensium
578 2275 701 2353 urbem,
718 2288 754 2339 ut
768 2276 914 2350 amicam,
929 2272 1152 2361 confugerunt,
1168 2297 1218 2340 ae-

176 2361 316 2445 perrinre
338 2362 463 2426 tractati
485 2360 623 2439 fuerunt,
639 2362 714 2448 quia
730 2362 770 2426 ab
786 2361 861 2445 ipsis
876 2361 1107 2426 Eretriensilus
1120 2361 1219 2432 inter·
1332 2406 1337 2426 2

176 2447 250 2512 fecti
265 2447 404 2514 inerunt.
449 2447 516 2512 Alii
532 2469 607 2512 vero
616 2448 649 2512 in
666 2448 887 2529 munitionem,
903 2468 999 2532 quent
1019 2447 1079 2530 ipsi
1094 2449 1126 2510 in
1139 2449 1224 2512 Ere·-
1293 2473 1296 2478 ·

177 2535 240 2598 tria
261 2535 422 2612 tenebant,
446 2534 620 2599 incolumes
642 2547 819 2610 evaserunt,
842 2534 980 2618 itemque
1003 2555 1110 2610 naves,
1125 2546 1219 2619 quot-

178 2634 258 2706 quot
272 2621 305 2684 in
322 2619 507 2685 Chalcidem
530 2635 754 2706 peruenerunt.
801 2618 1024 2703 Peloponnesii
1038 2641 1126 2696 vero,
1140 2619 1218 2684 dus·

180 2708 239 2770 bus
253 2720 285 2772 et
299 2707 412 2792 viginti
425 2705 667 2771 Atheniensium
682 2706 814 2770 navibus
827 2705 938 2788 captis,
949 2705 1006 2769 riri
1046 2727 1087 2770 ue
1101 2706 1217 2790 partim

177 2793 360 2871 interfectis,
375 2794 491 2878 partim
507 2795 617 2877 ceptis,
634 2808 790 2878 tropaeum
801 2804 989 2856 statuerunt.
1009 2729 1104 2856 s<blec
1118 2794 1221 2858 multo

179 2892 263 2964 post,
278 2901 351 2944 curn
374 2894 474 2944 totam
495 2879 655 2944 Euboeam
679 2879 720 2942 ad
746 2877 955 2943 desectionem
981 2877 1219 2962 compulissent,

180 2979 299 3051 praeter
310 2966 433 3031 Oreum
450 2964 526 3050 (hoc
541 2967 626 3029 enirn
645 2963 853 3029 Athenienses
870 2965 931 3048 ipsi
946 2965 1109 3045 tenebant)
1124 2978 1218 3030 cuate-

180 3075 232 3118 rss
247 3075 376 3139 quoque
391 3075 440 3116 res
454 3051 496 3116 ad
511 3052 578 3137 ejus
598 3064 716 3116 statum
738 3051 933 3135 pertinentes
947 3071 1139 3135 componere
1153 3072 1219 3116 coe-

133 3154 136 3160 ’
221 3151 305 3204 runt.

178 3161 275 3292 pe96.
301 3225 384 3292 Cum
405 3237 512 3291 eutem
533 3244 639 3288 rerum
663 3222 704 3288 ad
726 3221 882 3288 Euboeam
902 3233 1064 3322 gestarum
1087 3221 1219 3285 nuntius

181 3312 432 3378 Atheniensibus
446 3310 559 3375 aliatus
578 3310 695 3386 inisset,
710 3329 810 3394 perot·
832 3329 976 3372 omnrum
998 3307 1038 3372 ad
1057 3307 1146 3371 iilum
1169 3330 1220 3372 us·

180 3421 243 3486 que
270 3399 355 3463 diem
386 3398 543 3462 memmae
572 3418 622 3461 eos
651 3395 773 3462 invasit.
819 3395 904 3459 Nam
933 3416 992 3460 nec
1022 3393 1075 3460 illa
1103 3393 1219 3471 clades,

182 3507 278 3569 quam
306 3485 341 3549 iu
371 3484 479 3549 Sicilie
506 3495 705 3568 acceperant,
734 3481 880 3569 quamvis
909 3495 986 3546 tunc
1016 3479 1127 3566 ingens
1156 3479 1222 3545 visa

180 3571 299 3650 inisset,
322 3593 382 3636 nec
402 3571 469 3635 ulia
493 3571 556 3634 alia
578 3568 741 3634 calamitas
763 3591 812 3633 eos
837 3588 976 3654 unquam
995 3567 1077 3632 sdeo
1097 3565 1221 3632 terruit.

183 3659 266 3722 Cum
289 3658 374 3722 eaim
397 3680 435 3722 eo
456 3672 610 3741 tempore,
626 3677 690 3741 qao
715 3655 938 3730 enarer-citus,
954 3653 1007 3739 qui
1032 3653 1120 3717 Sami
1141 3665 1219 3730 erat,

180 3745 350 3819 defecerat,
366 3766 427 3808 nec
448 3741 520 3808 alim
542 3763 646 3818 naves,
662 3763 722 3806 nec
743 3740 798 3826 qui
821 3763 872 3805 eas
894 3737 1153 3816 conscenderent,
1169 3761 1221 3803 su·

183 3844 341 3914 perstant,
361 3832 484 3916 ipsique
502 3839 657 3911 praeterea
679 3827 834 3892 seditione
857 3825 1055 3902 laborabant,
1070 3839 1103 3890 et
1119 3825 1221 3889 incer·

183 3931 251 3981 tum
266 3930 345 3993 crat,
361 3917 490 4002 quando
507 3917 588 3979 inter
603 3937 636 3979 se
650 3915 833 3978 concursuri
851 3925 964 3993 essent,
974 3913 1033 3976 ista
1046 3911 1220 3986 calamites,

178 4025 256 4090 quse
272 4016 359 4068 tenta
382 4015 461 4079 erat,
484 4014 615 4087 propter
638 4022 733 4086 quem
757 4012 789 4064 et
808 4001 949 4076 classem,
966 4011 996 4062 et
1016 3996 1115 4083 (quod
1131 4019 1219 4062 max·

183 4091 283 4154 imum
298 4100 368 4153 erat
383 4090 507 4168 molum)
525 4087 682 4152 Euboesm
706 4091 757 4170 (err
777 4110 842 4172 qus
863 4085 934 4171 plus
956 4084 1108 4160 utilitatis,
1125 4105 1221 4168 qutun

183 4199 224 4240 ex
264 4176 382 4252 Attica,
419 4175 651 4260 percipiebant)
688 4173 866 4247 amiserant,
894 4175 958 4236 illis
983 4171 1221 4256 supervenisset,

184 4284 291 4328 nonne
307 4262 421 4327 merito
437 4262 549 4327 animis
564 4271 654 4325 crant
669 4259 884 4325 consternati?
929 4256 993 4324 Sed
1014 4255 1075 4321 hoc
1094 4256 1220 4343 potissi·
