2994 4788
435 320 685 391 HISTORIAE
709 321 796 390 LlB.
821 323 880 388 1V.
1111 336 1176 396 245

181 504 234 566 71.
259 495 323 562 Sed
340 495 578 600 Megarensium
593 495 743 562 factiones
757 498 884 562 reritoet
906 497 961 562 illa
974 498 1115 584 quidem,
1135 521 1177 566 ne
1209 511 1271 562 aar.

138 583 295 649 Brasidas
309 583 470 648 exsulibus
492 585 527 647 ia
547 583 649 648 urbem
670 596 782 648 contra
803 605 837 648 se
858 583 1007 662 reductis,
1023 609 1056 651 se
1073 586 1174 671 ipsam
1199 579 1284 640 resp.

136 667 328 754 expelleret,
351 669 421 734 haec
441 689 528 746 varo,
544 690 585 732 ne
604 668 743 754 populus
767 669 829 735 hoc
851 670 956 756 ipsum
979 686 1121 737 metuens
1140 673 1174 738 in
1190 643 1286 770 0245,ss

136 777 170 820 se
184 755 300 820 faceret
314 755 479 841 impetum,
495 769 526 820 et
540 755 650 819 civitas
661 755 745 820 bello
755 755 929 821 domestico
941 779 1060 843 pressa,
1074 758 1174 824 Athe·
1199 773 1239 822 aa.
1255 773 1277 820 1.

136 841 298 907 aiensibus
319 865 338 904 e
357 846 541 928 propinquo
561 841 794 920 insidiantibus,
810 843 938 927 periret,
953 866 1018 908 eum
1037 867 1101 909 nou
1124 867 1174 910 re·
1200 837 1230 885 υ·
1247 838 1274 884 ⁰·

136 941 309 1012 ceperunt:
332 930 386 992 sed
416 929 558 1015 utrisque
586 927 716 1013 placuit,
743 940 779 992 ut
804 930 998 1013 quiescentes
1026 943 1172 996 eventum
1201 903 1273 1015 'Q’
1355 944 1359 951 “

135 1017 180 1079 rei
193 1015 471 1098 circumspicerent
486 1037 524 1078 ac
538 1023 757 1098 exspectarent.
803 1015 982 1098 Sperahant
994 1018 1079 1081 enirn
1094 1019 1173 1082 utri-

137 1122 208 1187 que,
236 1122 378 1188 pugnam
403 1101 605 1166 commissum
631 1100 671 1164 iri
694 1100 776 1164 inter
796 1100 1016 1179 Athenienses,
1038 1116 1070 1167 et
1091 1102 1172 1182 illos,

137 1188 192 1274 qui
214 1188 254 1252 sd
277 1208 370 1271 opem
393 1188 465 1251 arbi
478 1185 639 1250 lesendam
662 1196 822 1251 venerant.
845 1201 940 1273 atque
961 1189 1007 1252 ita
1027 1187 1173 1255 sibilare

137 1275 237 1338 tutius
265 1286 370 1358 partes
400 1273 488 1360 sequi
517 1272 688 1350 victorum,
719 1273 775 1359 qui
800 1272 860 1339 sibi
891 1273 1034 1338 benevoli
1061 1287 1172 1339 essent.

138 1359 289 1424 Brasidas
302 1381 378 1423 vero
391 1381 463 1424 cunr
478 1379 541 1423 rem
556 1361 631 1440 ipsis
644 1357 836 1443 persuadere
848 1379 915 1424 non
934 1372 1051 1444 posset,
1066 1360 1107 1425 ad
1124 1381 1173 1426 rc-

136 1445 259 1532 liquum
274 1447 447 1511 exereitum
464 1459 549 1510 retro
563 1444 667 1509 rediit.
963 1491 967 1500 .

182 1541 236 1601 ts.
259 1535 305 1597 At
326 1531 432 1614 primo
454 1532 559 1597 statim
580 1529 724 1596 diluculo
746 1531 856 1597 Boeoti
878 1532 1047 1613 affuerunt,
1062 1533 1116 1623 qui
1138 1533 1173 1597 in

137 1618 246 1682 animo
259 1618 387 1705 quidem
410 1618 577 1696 habebant,
594 1616 643 1681 sel
662 1631 735 1682 ante
754 1639 848 1702 quarn
865 1618 1015 1684 Brasidas
1034 1621 1173 1683 nuntium

108 1717 117 1731 '
136 1707 181 1768 cd
195 1708 276 1787 aptos
291 1705 438 1783 mitteret,
455 1703 596 1790 Megaris
611 1725 814 1780 succurrere3
836 1716 905 1768 tum
927 1705 1012 1793 quod
1034 1703 1096 1769 hoc
1118 1725 1174 1790 pe-

136 1789 271 1854 riculum
288 1813 306 1854 a
320 1805 353 1855 se
367 1812 431 1855 non
446 1790 585 1855 alienum
607 1811 676 1853 esse
697 1789 859 1867 ducerent,
875 1802 945 1855 tum
970 1793 1064 1855 etiam
1085 1790 1172 1876 quod

137 1897 210 1941 cum
227 1875 442 1962 frequentibus
457 1877 557 1962 copiis
571 1875 611 1940 ed
629 1875 766 1942 Plataeas
776 1877 843 1962 jam
863 1889 973 1940 essent.
1021 1876 1083 1940 Sed
1099 1898 1174 1940 cum

137 1963 268 2027 nuntius
282 1963 376 2028 etiam
393 1963 538 2041 venisset,
554 1961 656 2026 multo
671 1962 774 2049 magis
788 1963 918 2026 animati
933 1975 1019 2026 sunt.
1063 1961 1174 2038 Quare

136 2047 264 2113 duobus
280 2049 418 2114 millibus
431 2050 535 2140 gravis
549 2061 718 2113 armatura
731 2046 879 2125 militum,
890 2059 922 2112 et
936 2047 1079 2112 ducentis
1089 2069 1174 2133 pras-

135 2147 234 2212 terea,
250 2135 471 2223 equitibusque
485 2134 642 2199 sexcentis
651 2136 696 2197 ed
705 2135 873 2198 Brasidum
888 2133 998 2211 missis,
1015 2153 1087 2198 cum
1106 2155 1174 2198 rna·

129 2222 205 2307 jore
233 2222 398 2308 copiarum
427 2235 518 2306 parte
545 2223 662 2285 Marwa
689 2232 894 2284 reverterunt.
955 2220 1037 2284 Cum
1067 2233 1174 2284 autem

135 2329 248 2372 omnes
262 2308 364 2394 copiae
378 2309 514 2373 militum
529 2306 634 2394 gravis
648 2319 820 2371 armatura
836 2329 899 2370 uon
914 2307 1019 2370 minus
1033 2327 1089 2370 sex
1103 2307 1175 2370 mil·

134 2393 216 2459 lium
227 2394 293 2480 jam
309 2395 465 2471 adessent,
477 2407 511 2458 et
525 2392 732 2459 Athenienses
742 2414 871 2457 suorum
883 2394 989 2480 gravis
1003 2407 1183 2457 armaturae·

134 2479 274 2544 militum
291 2482 389 2546 aciem
405 2482 590 2545 instructam
604 2477 758 2543 haberent
768 2479 810 2542 ad
826 2478 964 2542 Nisaeam
975 2490 1006 2541 et
1021 2478 1062 2542 ad
1076 2499 1174 2556 mare,

23 2601 32 2614 ·
134 2578 169 2632 et
183 2567 260 2632 levis
274 2589 384 2632 eorum
396 2580 562 2631 armatura
576 2587 633 2650 per
647 2585 776 2649 campos
790 2577 968 2652 vagaretur,
985 2563 1180 2628 Boeotorum·

135 2653 306 2740 equitatus,
323 2653 529 2739 impressione
543 2653 575 2715 in
590 2671 661 2716 earn
677 2671 717 2715 ex
728 2651 899 2736 improviso
913 2653 1007 2728 facta,
1018 2649 1052 2712 in
1067 2648 1175 2737 fugam

134 2740 241 2816 vertit,
258 2742 342 2805 etad
357 2761 445 2804 mare
458 2737 586 2824 repulit.
608 2758 681 2801 nam
696 2749 770 2802 ante
784 2737 868 2801 diem
890 2735 982 2800 illum
996 2734 1085 2800 nulla
1098 2757 1176 2801 aua·

134 2823 193 2890 ilia
206 2847 246 2891 ex
259 2826 327 2890 ullo
340 2825 413 2890 loeo
427 2823 672 2912 Megarensibus
685 2837 849 2888 venerant.
896 2823 960 2888 Sed
976 2843 1048 2886 cum
1064 2834 1096 2886 et
1108 2823 1176 2906 ipsc

135 2910 385 2978 Atheniensium
401 2912 560 2999 equitatus
574 2910 604 2973 ei
627 2909 753 2977 obviam
773 2911 993 2995 procurrisset,
1008 2909 1048 2974 ad
1064 2928 1177 2972 manus

133 3008 303 3076 venerunt,
326 3011 358 3064 et
380 3009 524 3084 equestre
544 2995 693 3083 proelium
720 2995 761 3060 ad
789 2995 925 3060 multum
951 2994 1015 3058 diei
1040 2995 1177 3142 spatium

135 3087 222 3149 inter
236 3086 305 3150 illes
318 3097 366 3150 est
379 3084 593 3160 commissum,
608 3083 643 3145 in
658 3103 722 3168 quo
736 3081 863 3167 utrique
885 3103 918 3144 se
933 3101 997 3144 non
1013 3080 1179 3144 iustiores

136 3169 234 3235 firisse
248 3185 371 3256 putant.
393 3191 468 3234 narn
490 3170 648 3255 equitatus
670 3167 773 3231 Boeoti
789 3165 985 3252 praefectum,
1000 3177 1033 3229 et
1056 3165 1180 3251 aliquot

136 3255 219 3321 alios
227 3257 268 3322 ad
278 3258 379 3341 ipsam
393 3255 533 3320 Nistaasn
543 3263 721 3340 protectos,
731 3251 939 3318 Athenienses
948 3250 1175 3335 interfecerent,

135 3353 169 3407 et
183 3342 364 3408 interfectos
378 3341 573 3428 spoliarunt:
596 3355 629 3405 et
643 3361 683 3403 eo
722 3339 831 3405 oribus
851 3337 946 3402 etiarn
963 3339 1101 3420 ipsorum
1117 3357 1176 3421 po-

134 3429 200 3510 titi,
215 3451 254 3492 ea
273 3450 332 3514 per
353 3429 497 3493 inducias
511 3429 632 3491 Boeotis
653 3361 870 3502 reddiderunt,
887 3435 919 3488 et
939 3434 1097 3505 tropaeum
1113 3435 1174 3486 sta·

136 3527 281 3581 tuerunt.
324 3515 439 3580 Neutri
454 3527 560 3578 tamen
582 3513 615 3575 in
638 3510 700 3575 hoc
721 3523 790 3576 toto
811 3509 927 3594 proelio
948 3522 1068 3573 certum
1085 3508 1178 3571 mini·

134 3621 253 3687 meque
273 3601 407 3666 dubium
430 3621 549 3688 pugnae
570 3610 719 3662 eventum
732 3595 851 3682 adepti,
867 3595 994 3660 diremti
1016 3605 1099 3659 sunt.
1122 3593 1178 3658 sed

136 3687 248 3754 Boeoti
271 3687 411 3773 quidem,
426 3685 469 3750 ad
489 3707 563 3751 suos
573 3708 582 3762 3
607 3684 814 3749 Athenienses
828 3704 916 3760 vero,
931 3681 970 3746 ad
992 3681 1131 3746 Nisaeam
1147 3703 1180 3746 se

133 3783 330 3856 receperunt.

147 3875 153 3889 ⁴
184 3867 239 3930 73.
265 3859 379 3924 Postea
393 3879 469 3923 vero
491 3857 648 3933 Brasidas,
671 3857 799 3942 ejusque
813 3856 914 3942 copiae
936 3854 1068 3940 propius
1093 3873 1180 3917 mare

136 3959 173 4018 et
200 3945 338 4032 Megara
361 3961 570 4010 accesserunt.
617 3941 661 4008 Et
685 3954 841 4026 occupato
864 3941 936 4006 loco
959 3940 1087 4019 idoneo,
1113 3939 1181 4002 acie

132 4033 306 4112 instructa,
330 4030 564 4118 quiescebantp
579 4029 793 4093 existimantes
808 4027 886 4104 fore,
910 4037 947 4091 ut
971 4024 1182 4090 Athenienses

134 4129 258 4183 contra
278 4139 312 4181 se
325 4117 482 4198 venirent,
496 4129 528 4181 et
549 4117 682 4180 scientes
697 4111 905 4202 Megarenses
927 4109 1181 4194 circumspicere,

134 4218 289 4276 utrorum
303 4218 383 4270 esset
397 4203 505 4270 lutura
518 4202 662 4268 victoria.
693 4199 875 4285 Utrumque
884 4213 990 4262 autem
1001 4207 1184 4280 opportuna
1244 4265 1247 4272 ¹

135 4291 202 4357 sibi
227 4312 375 4356 casurum
399 4289 632 4364 existimabant,
656 4285 750 4352 simul
772 4285 914 4372 quidem,
933 4283 964 4346 -si
989 4282 1050 4366 ipsi
1072 4282 1187 4348 ltosteaa

636 4381 693 4437 ns
