2990 4792
252 465 313 516 unt.

344 281 390 348 os
465 220 468 228 ¹
716 267 1025 342 rnucrmms

344 467 419 514 oum
447 445 554 512 redire
574 444 718 530 cupieos,
745 445 922 511 cadom
952 444 1118 530 panant,
1142 456 1178 509 ut
1206 464 1282 510 oraru
1311 467 1390 532 qna·

237 529 325 646 ff?
344 533 495 638 drspinta
515 533 658 610 naribus,
677 544 715 634 at·
731 531 817 598 mille
838 545 871 598 et
885 532 1068 620 quingentis
1087 529 1194 619 gravis
1212 545 1389 597 umatum

146 674 157 694 ,
228 629 326 724 0,μρ
343 619 558 723 ωιΙιῑὼυειεο
581 617 718 722 proleott
745 639 780 684 se
808 618 1004 720 redupsrent.
1049 619 1126 704 Ipse
1241 639 1284 682 ue
1308 639 1391 684 um-

237 725 317 779 sm.
343 705 449 772 nullos
474 705 555 772 aluos
583 705 697 770 nuhtas
725 725 937 770 meroemrtos
965 702 1175 770 conduxerat.
1250 718 1390 770 raeerant

243 791 275 843 U.
285 793 313 841 c.

241 871 311 922 Vm.

249 937 307 988 828.

342 807 450 859 autem
472 791 523 858 his
545 784 644 878 copiis
667 789 887 878 Euphamidas
902 791 1110 877 Aristonymi,
1132 801 1166 856 at
1187 788 1388 856 Timoxenus

343 879 546 958 Timocratis,
561 891 594 944 et
608 877 793 944 Eumachus
803 877 971 966 Chrysidis
976 879 1084 962 filius:
1107 889 1140 942 et
1154 877 1228 942 illuc
1240 876 1389 962 profecti,

340 968 489 1032 hominem
504 966 712 1031 reduxeruut.
758 963 842 1029 Cum
857 977 966 1029 autem
977 963 1133 1027 nonnullo
1146 962 1241 1028 etiam
1253 959 1388 1051 reliquie

341 1053 532 1120 Acarnania
546 1039 666 1138 oppida
677 1051 838 1116 maritimo
852 1049 912 1154 sibi
927 1047 1239 1152 adjungeseuvelleut,
1250 1071 1389 1136 eumque

340 1138 1386 1309 tttt‘ttn‘'“tttltlttttl‘tttttttttt

341 1312 581 1398 Cephalleniam
602 1333 690 1396 appu
704 1313 808 1386 issent,
823 1323 920 1397 atque
941 1329 1127 1374 exsueosum
1143 1330 1185 1372 ex
1202 1308 1338 1374 naribus
1353 1311 1386 1374 in

341 1398 534 1465 Grauios-um
554 1419 669 1486 agrum
691 1397 846 1477 fecissent,
864 1397 905 1462 sb
926 1394 988 1460 illis
1049 1416 1068 1459 r
1109 1394 1249 1460 uandanr
1272 1395 1387 1460 dediti·

338 1487 413 1551 ouis
426 1484 581 1550 faciendos
595 1485 731 1570 speciem
747 1483 883 1569 decepti,
898 1503 987 1548 noun
1023 1483 1070 1546 los
1088 1417 1133 1546 he
1153 1480 1216 1546 suis
1230 1481 1386 1548 militibus

340 1570 757 1724 altsthtttll'tll
775 1568 1386 1741 tatttttlt‘tlttttttssff

1038 1699 1048 1732 2

342 1757 429 1813 runt.

384 1840 440 1897 84.
462 1829 584 1897 Eadem
602 1831 727 1918 hyeme,
742 1830 950 1896 Athenienses
971 1827 1076 1915 patrio
1098 1827 1242 1893 instituto
1255 1827 1385 1912 publice

340 1916 517 1983 humarunt
538 1939 603 1995 eos,
618 1917 675 2005 qui
696 1917 728 1983 in
749 1916 811 1982 hoo
836 1915 920 1980 bello
940 1913 1036 2002 primi
1058 1927 1193 1980 mortem
1213 1913 1382 1991 ohim-unm

340 2002 375 2070 in
389 2004 476 2070 huno
490 2003 555 2070 fers
576 2005 722 2071 modurn.
766 2003 893 2069 Triduo
915 2015 1086 2090 antequam
1107 2000 1202 2066 funus
1223 2000 1386 2081 efferatur,

339 2089 579 2157 tubernaculum
593 2090 726 2172 faciunt,
741 2102 773 2155 et
786 2091 847 2154 sub
868 2111 908 2154 eo
924 2085 1150 2152 defunctorum
1171 2108 1243 2152 ossa
1264 2108 1384 2172 propo·

338 2190 438 2255 nunt3
460 2191 492 2244 et
514 2177 730 2264 unusquisque
751 2197 810 2241 suo
830 2176 978 2240 cadaueri
998 2172 1126 2238 inferius
1144 2171 1290 2254 affert,si
1326 2196 1383 2238 uas

337 2262 426 2329 velit.
471 2263 583 2340 Quum
612 2275 719 2328 autom
748 2260 868 2327 funeris
896 2259 1047 2326 efferendi
1077 2259 1142 2324 dies
1166 2257 1265 2338 venit,
1292 2195 1383 2344 aaut·

339 2361 404 2414 atra
417 2349 635 2427 adducuntur,
650 2371 725 2435 quas
739 2369 829 2414 oreas
843 2369 885 2413 ex
906 2367 1059 2432 cupresso
1073 2344 1170 2410 lactas
1191 2367 1232 2409 ex
1247 2345 1383 2434 singulis

336 2433 503 2502 Tribubus
517 2435 564 2501 sin
611 2433 656 2500 las
670 2447 811 2521 portant.
856 2433 895 2500 ln
917 2433 968 2497 his
982 2445 1089 2498 autom
1111 2433 1218 2496 insunt
1232 2453 1305 2497 oass
1318 2434 1383 2497 sin·

393 2541 486 2588 arum
502 2521 562 2587 Tri
587 2543 674 2598 uum,
690 2543 731 2587 ax
748 2521 864 2609 quibua
886 2519 1004 2604 singuli
1025 2530 1111 2584 runt.
1158 2517 1252 2583 Unus
1274 2530 1381 2584 autern

348 2621 436 2674 ectus
450 2621 566 2675 stratus
581 2611 683 2674 fertur
697 2607 810 2686 inanis,
826 2607 954 2672 illorum
969 2627 1075 2686 saw,
1090 2604 1146 2692 qui
1165 2625 1231 2668 uon
1245 2616 1382 2706 exstaqq

336 2705 370 2759 et
383 2717 521 2782 quorum
542 2693 698 2761 cadevera
717 2694 801 2759 iuter
821 2693 886 2759 alia
906 2713 1064 2757 ooesorum
1087 2711 1224 2776 corpora
1245 2711 1383 2776 reperim
1493 2777 1494 2780 Ἴ

336 2781 519 2868 surripique
538 2803 603 2846 non
626 2789 810 2868 potuerunt.
855 2778 1001 2856 Quilibet
1022 2789 1128 2842 autem
1154 2789 1217 2842 tam
1240 2776 1282 2841 de
1303 2777 1383 2842 ciri-

336 2865 407 2944 hus,
423 2889 520 2953 quam
542 2868 584 2932 de
601 2865 781 2954 peregrinis
802 2865 899 2932 funus
920 2863 1140 2952 prosequiturs
1166 2875 1198 2928 et
1218 2862 1382 2942 mulieres,

336 2973 410 3038 quae
431 2974 505 3018 oum
528 2952 591 3019 illis
613 2953 861 3040 propinquitatis
882 2950 1008 3016 vinculo
1030 2963 1103 3016 suut
1125 2950 1317 3037 conjuncte,
1340 2951 1383 3016 ad

334 3038 518 3126 sepulcrum
533 3039 650 3107 adsum
663 3039 826 3126 ejulantes.
872 3037 959 3103 Haeo
980 3049 1085 3103 autem
1109 3036 1141 3100 in
1164 3035 1296 3120 publico
1311 3059 1383 3102 mo-

333 3139 490 3192 numento
503 3127 657 3204 oousluot,
673 3126 758 3212 quod
774 3137 821 3190 est
840 3123 876 3188 in
892 3123 1092 3209 pulcerrimis
1106 3121 1195 3187 urbis
1209 3121 1381 3189 suburbiis.

333 3216 446 3300 (atque
459 3211 513 3278 hio
534 3234 660 3300 semper
681 3211 840 3297 sepeliunt
857 3233 922 3288 eos,
937 3209 992 3297 qui
1014 3210 1048 3274 in
1070 3207 1155 3274 bello
1176 3208 1379 3286 reddasne

334 3296 397 3364 illis
420 3300 573 3386 exeeptis,
588 3301 645 3400 qui
668 3300 704 3362 in
728 3298 849 3382 campis
874 3295 1088 3363 Marathoniis
1112 3294 1281 3361 obierunt:
1304 3317 1382 3362 mun

334 3407 408 3450 oum
431 3384 560 3450 illorum
583 3397 732 3450 virtutem
760 3383 915 3470 insignem
941 3403 1008 3447 ease
1027 3381 1236 3469 judicassent,
1263 3381 1298 3446 in
1323 3381 1383 3448 illo

334 3471 405 3535 iso
428 3470 510 3549 loco,
529 3475 564 3536 in
589 3493 649 3556 prro
672 3472 855 3546 terimi,
883 3469 1064 3555 sepulcrum
1084 3467 1181 3534 etiam
1209 3466 1382 3552 fecerunt.)

332 3491 509 3708 ⁴lleqstquum
525 3569 631 3707 auterp
647 3577 697 3621 eos
707 3555 961 3708 gorpiarqqtdrir
975 3553 1236 3706 pgquisfflpthgpsu
1251 3554 1383 3706 ffite

357 3665 424 3707 eac
531 3663 606 3708 ure
667 3663 817 3708 ruens
954 3663 1053 3706 me
1184 3663 1201 3706 r

332 3665 488 3809 videsthl’,
504 3664 683 3794 §rationein
705 3729 834 3793 illorum
856 3727 945 3792 laudi
967 3749 1005 3793 us
1026 3661 1267 3793 convenientehr
1281 3665 1383 3813 supal·³

331 3813 409 3897 ipsis
433 3813 541 3880 habet.
587 3813 703 3880 Postea
728 3835 804 3880 vero
832 3813 1011 3880 discedunt.
1056 3811 1135 3878 Hoc
1159 3811 1259 3902 igitur
1278 3813 1380 3880 morlo

331 3901 665 3967 Atheniensessuorom
678 3904 714 3966 ia
728 3901 807 3966 hello
819 3921 962 3966 cosm
975 3921 1108 3985 corpora
1122 3898 1289 3984 sepeliunt.
1333 3899 1382 3968 Et

331 3997 403 4056 toto
425 3986 498 4052 belli
524 3998 679 4074 tempore,
705 3987 828 4074 quoties
847 3989 903 4052 tac
926 3988 940 4052 i
959 3989 1004 4053 sis
1024 3984 1201 4068 midebat,
1222 3985 1286 4051 hoc
1311 3986 1379 4053 ritu

331 4073 512 4140 utebantur.
559 4074 698 4140 Pericles
720 4088 825 4140 autem
851 4072 927 4138 Xan
968 4072 1033 4159 ippi
1046 4075 1142 4158 flius
1164 4071 1206 4138 ad
1227 4072 1299 4152 hos,
1320 4075 1380 4160 qui

515 4287 528 4326 h
541 4289 573 4335 ttt
584 4303 661 4354 quum
673 4289 752 4334 acrius
765 4292 909 4347 urgerentur
918 4293 964 4332 etc.
984 4285 1058 4333 Vntn.
1092 4285 1182 4334 llum.
