2996 4782
336 293 379 352 m
697 287 1003 363 THUCYDIDIS

336 457 415 534 aliia,
445 459 500 541 qui
522 457 651 524 classem
674 458 844 538 habebant.
867 461 985 528 bellurn
1139 475 1220 530 rent.
1265 463 1369 530 Simul

337 543 432 610 ctiam
448 541 517 608 haec
533 544 925 648 immund-trajiciendum
942 547 975 614 in
992 548 1042 614 Ito
1055 549 1116 612 iam
1132 561 1164 614 ct
1179 547 1321 634 Siciliam
1335 550 1369 614 in

336 630 1235 804 emuntur-tinnitum1„nin,
1248 673 1373 806 ω

337 823 418 864 roeoa
434 815 629 890 receperunt,
646 824 704 868 nec
726 801 827 868 multo
841 816 912 887 post
929 803 1170 870 Corinthiorum
1184 803 1369 881 dimum,

335 886 446 952 decem
460 909 556 954 navos
572 887 631 952 illia
646 889 765 954 auxilio
782 891 943 956 miseruut.
990 889 1120 956 illarum
1143 903 1249 956 autem
1271 889 1369 958 duom

228 1013 230 1020 ι
336 986 436 1052 erant,
455 972 720 1044 Lacedaemonius
736 974 923 1051 Cimmonia,
940 975 1104 1040 Diotimua
1120 974 1326 1052 Strornbichi,
1337 988 1370 1040 et

338 1057 469 1124 Proteos
492 1059 726 1144 Epiclisfih'ua.
780 1059 862 1143 lpaia
883 1081 960 1126 varo
982 1073 1212 1144 praeceperunt,
1234 1081 1275 1124 ne
1297 1083 1370 1126 cum

337 1145 516 1210 Corinthiis
538 1160 730 1232 pugnarent,
751 1145 812 1210 niai
835 1159 950 1214 contra
973 1145 1147 1232 Corcyram
1160 1145 1370 1232 navigarent,

335 1242 366 1294 et
387 1233 490 1331 spuere
507 1230 726 1330 descensiones
740 1229 865 1332 vellent,
877 1245 933 1298 aut
950 1247 1062 1298 contra
1079 1229 1208 1332 aliquod
1226 1231 1370 1332 ipaorum

336 1317 1372 1487 tttdttt‘ntitn,ittn¹h,1¹,t”th⁵‘nttttt“dt

335 1501 568 1570 praeceperunt,
585 1511 625 1552 ne
639 1487 760 1552 soedera
773 1487 966 1574 frangerent.
1021 1487 1091 1552 111ae
1107 1487 1205 1573 igitur
1228 1508 1323 1552 naves
1337 1489 1370 1551 in

337 1572 514 1658 Corcyram
527 1587 748 1658 pervenerunt.

378 1667 433 1724 46.
464 1657 625 1724 Corinthii
655 1681 741 1734 vero,
772 1672 936 1744 postquam
966 1681 1012 1722 rer
1041 1679 1142 1722 ornnes
1166 1659 1211 1722 od
1231 1660 1371 1739 proelr'un

336 1747 513 1810 necessariae
541 1759 662 1829 paratae
694 1745 833 1821 fuerunt,
863 1766 936 1808 cum
968 1745 1028 1812 CL
1058 1744 1192 1808 naribus
1220 1743 1383 1808 adversata,

338 1829 514 1913 Corcyram
540 1853 667 1896 curaurn
688 1830 884 1906 direxerunt,
916 1851 1049 1915 quatum
1076 1841 1177 1905 erant,
1207 1827 1370 1904 Eleorum,

335 1913 462 1992 decem3
487 1916 739 2006 Megarensium,
762 1915 932 1980 duodecim
940 1940 949 1991 3
975 1915 1221 1991 Leucadiorum,
1240 1914 1371 1994 decem,

336 2001 627 2078 Ambracioterum‚
652 2001 809 2076 xxv11;
837 2002 1094 2079 Anactoriorum,
1117 2022 1197 2075 una;
1226 2002 1370 2083 ipsorum

335 2107 410 2148 vero
427 2085 680 2164 Corinthiorum,
698 2088 774 2152 XC.
820 2086 948 2151 Harum
965 2109 1039 2150 vero
1061 2088 1110 2150 aui
1156 2084 1275 2152 resecti
1297 2107 1372 2150 cum
1448 2139 1454 2148 .

335 2170 531 2258 singulorum
548 2173 710 2238 civitatum
726 2185 826 2249 erant,
839 2187 908 2236 tutu
924 2193 1000 2236 vero
1014 2172 1108 2236 ctiam
1177 2169 1371 2236 rinthiorum

335 2258 526 2322 Xenoclides
543 2255 706 2344 Euthyclia
721 2259 821 2336 filius,
837 2277 911 2323 cum
933 2271 1072 2343 quatuor
1093 2255 1231 2342 collegia.
1277 2255 1371 2322 Port-

337 2363 433 2428 quam
449 2357 553 2410 autem
569 2346 608 2408 ad
623 2345 838 2410 continentem
857 2343 1009 2429 Corcyrae
1028 2343 1205 2427 oppositam
1223 2342 1255 2406 in
1271 2363 1371 2408 unum

337 2441 564 2506 convenerunt,
581 2453 600 2494 a
621 2429 769 2496 Leucade
783 2428 853 2492 vela
868 2428 1019 2494 facientes
1033 2429 1074 2492 ad
1090 2427 1286 2495 Chimerium
1303 2428 1372 2514 agri

338 2513 542 2598 Thesprotici
558 2515 759 2600 appulerunt.
814 2513 872 2578 Eat
886 2529 990 2580 autem
1007 2527 1127 2598 portua,
1143 2528 1175 2578 et
1188 2534 1284 2597 supra
1298 2535 1372 2578 eum

337 2613 440 2663 exarat
460 2601 535 2664 urba
560 2603 679 2666 nomine
704 2599 843 2685 Ephyre,
860 2600 972 2683 procui
989 2623 1009 2664 a
1023 2600 1102 2664 mari
1117 2600 1187 2673 sita,
1203 2600 1237 2662 in
1251 2620 1290 2664 ea
1303 2599 1373 2685 agri

338 2680 543 2768 Thesprotici
572 2701 672 2771 parte,
701 2707 773 2770 quae
801 2684 930 2748 Elaeatis
959 2697 1101 2750 vocatur.
1160 2683 1260 2750 Juxta
1290 2685 1372 2750 hanc

338 2769 428 2852 palus
454 2771 634 2835 Acherusia
660 2773 691 2834 in
716 2789 803 2834 mare
827 2793 894 2836 aeae
918 2783 1086 2836 exonerat:
1118 2770 1268 2838 Acheron
1299 2791 1374 2836 vero

338 2853 462 2931 fluvius,
495 2867 527 2935 (a
555 2879 620 2942 quo
647 2857 742 2920 etiam
770 2877 950 2942 cognomen
975 2869 1022 2921 eat
1040 2857 1147 2932 nacta)
1172 2876 1230 2938 per
1258 2875 1372 2936 agrum

237 2975 240 2984 ι
339 2937 585 3026 Thesproticum
607 2943 718 3018 fluens,
735 2943 768 3005 in
784 2943 884 3024 ipsam
899 2940 1050 3006 defertur.
1097 2941 1185 3006 Fluit
1206 2954 1238 3006 et
1261 2939 1374 3026 Thya-

339 3025 397 3092 mia
409 3029 520 3106 amnis,
537 3027 786 3112 Thesprotidem
798 3027 1028 3112 Cestrinenque
1039 3026 1272 3102 disterminans,
1288 3027 1374 3090 intra

339 3131 418 3194 quos
436 3113 632 3180 Chimerium
648 3113 905 3198 promontorium
920 3113 1047 3178 eminet.
1103 3109 1260 3176 Corinthii
1275 3112 1374 3198 igitur

338 3195 379 3258 ad
407 3200 498 3264 istam
525 3201 715 3266 continentia
738 3213 860 3283 partem
887 3199 1087 3282 appulerunt,
1115 3210 1210 3282 atquc
1240 3198 1289 3260 hic
1316 3219 1374 3264 nto

339 3298 442 3349 castra
457 3299 643 3370 posuerunt.

383 3379 436 3438 47.
453 3371 616 3457 Corcyraei
638 3392 723 3448 vero,
738 3383 905 3455 postquam
928 3369 1152 3433 intellexerunt
1173 3367 1244 3432 illoa
1261 3380 1374 3433 contra

339 3478 372 3518 se
387 3455 545 3544 navigare,
562 3474 688 3521 centurn
703 3467 735 3520 et
756 3455 867 3519 decem
881 3477 976 3520 naves
989 3457 1075 3518 rebus
1088 3455 1224 3518 omnibus
1238 3455 1282 3518 od
1290 3475 1374 3538 preg-

339 3563 411 3604 norn
441 3545 619 3608 necessariis
641 3540 859 3623 expleverunt,
882 3541 995 3626 quibua
1017 3553 1176 3624 praeerant
1206 3537 1374 3616 Miciadee,

341 3625 524 3704 AEsinrides,
554 3641 585 3692 ct
615 3627 808 3710 Eurybatua,
832 3639 865 3690 et
890 3640 993 3690 castra
1015 3625 1122 3690 metati
1149 3637 1223 3690 aunt
1250 3627 1281 3688 in
1308 3646 1374 3690 una

337 3711 610 3796 insularumque}
635 3713 756 3797 Sybota
775 3724 946 3787 vocantur3
973 3710 1104 3774 aderant
1122 3724 1228 3774 autem
1249 3711 1324 3793 ipris
1341 3723 1374 3776 et

338 3795 448 3860 decern
479 3797 595 3862 Atticae
619 3819 725 3862 naves.
778 3798 924 3882 Ipsorum
955 3817 1029 3860 vero
1054 3793 1212 3880 peditatus
1240 3807 1310 3860 orat
1338 3795 1372 3860 in

341 3881 515 3946 Leucimna
533 3885 764 3966 promontorio,
785 3897 817 3947 et
838 3905 906 3946 curn
923 3905 957 3948 eo
971 3881 1059 3944 mille
1075 3882 1180 3967 gravia
1199 3894 1371 3946 armatura)

337 3967 464 4048 milites,
480 3990 563 4053 quoe
584 3968 753 4054 Zacynthii
768 3968 890 4032 auxilio
907 3967 981 4052 ipsis
998 3967 1158 4032 miserant.
1205 3967 1245 4032 In
1263 3968 1372 4051 praxi·

338 4075 387 4116 mn
405 4075 478 4118 vero
493 4057 675 4133 continente
693 4053 869 4118 Corinthiis
889 4075 1016 4139 quoque
1032 4065 1149 4134 praesto
1164 4067 1255 4120 erant
1278 4052 1370 4118 multi

337 4137 377 4202 de
394 4139 547 4218 barbaris,
559 4142 614 4242 qui
630 4161 722 4225 opem
738 4141 809 4219 ipsis
824 4139 971 4204 tulerant.
1010 4137 1093 4202 Nam
1110 4139 1164 4223 qui
1179 4139 1369 4206 continentis

337 4225 422 4290 iiiam
439 4240 559 4311 partam
573 4227 726 4304 incolunt,
742 4225 804 4290 iilis
819 4245 942 4309 semper
958 4237 1030 4289 sunt
1046 4225 1153 4290 amici.
