<?xml version="1.0" encoding="UTF-8"?>
<!DOCTYPE html PUBLIC "-//W3C//DTD XHTML 1.0 Transitional//EN"
    "http://www.w3.org/TR/xhtml1/DTD/xhtml1-transitional.dtd">
<html xmlns="http://www.w3.org/1999/xhtml" xml:lang="en" lang="en">
 <head>
  <title>
</title>
<meta http-equiv="Content-Type" content="text/html;charset=utf-8" />
  <meta name='ocr-system' content='tesseract 3.04.00' />
  <meta name='ocr-capabilities' content='ocr_page ocr_carea ocr_par ocr_line ocrx_word'/>
</head>
<body>
  <div class='ocr_page' id='page_1' title='image "./thucydidisdebel00wassgoog_0252.png"; bbox 0 0 2994 4788; ppageno 0'>
   <div class='ocr_carea' id='block_1_1' title="bbox 318 305 976 378">
    <p class='ocr_par' dir='ltr' id='par_1_1' title="bbox 318 305 976 378">
     <span class='ocr_line' id='line_1_1' title="bbox 318 305 976 378; baseline -0.009 0"><span class='ocrx_word' id='word_1_1' title='bbox 318 321 382 378; x_wconf 75' lang='lat' dir='ltr'><strong>stt</strong></span> <span class='ocrx_word' id='word_1_2' title='bbox 672 305 976 376; x_wconf 85' lang='lat' dir='ltr'>THUCYDlDlS</span> 
     </span>
    </p>
   </div>
   <div class='ocr_carea' id='block_1_2' title="bbox 210 475 1356 680">
    <p class='ocr_par' dir='ltr' id='par_1_2' title="bbox 210 475 1356 680">
     <span class='ocr_line' id='line_1_2' title="bbox 221 475 1355 557; baseline -0.006 -8"><span class='ocrx_word' id='word_1_3' title='bbox 221 501 283 550; x_wconf 81' lang='lat' dir='ltr'><strong>nm.</strong></span> <span class='ocrx_word' id='word_1_4' title='bbox 318 483 358 548; x_wconf 81' lang='lat' dir='ltr'><strong>tir</strong></span> <span class='ocrx_word' id='word_1_5' title='bbox 372 491 505 557; x_wconf 86' lang='lat' dir='ltr'><strong>utentes,</strong></span> <span class='ocrx_word' id='word_1_6' title='bbox 520 491 552 546; x_wconf 90' lang='lat' dir='ltr'><strong>et</strong></span> <span class='ocrx_word' id='word_1_7' title='bbox 567 479 695 545; x_wconf 77' lang='lat' dir='ltr'><strong>arbores</strong></span> <span class='ocrx_word' id='word_1_8' title='bbox 706 491 739 545; x_wconf 87' lang='lat' dir='ltr'><strong>ct</strong></span> <span class='ocrx_word' id='word_1_9' title='bbox 752 479 915 545; x_wconf 74' lang='lat' dir='ltr'><strong>materiem</strong></span> <span class='ocrx_word' id='word_1_10' title='bbox 927 479 1025 543; x_wconf 74' lang='lat' dir='ltr'><strong>otium</strong></span> <span class='ocrx_word' id='word_1_11' title='bbox 1037 475 1208 555; x_wconf 76' lang='lat' dir='ltr'><strong>cedentes,</strong></span> <span class='ocrx_word' id='word_1_12' title='bbox 1219 478 1355 544; x_wconf 75' lang='lat' dir='ltr'><strong>Nisaemn</strong></span> 
     </span>
     <span class='ocr_line' id='line_1_3' title="bbox 210 563 1356 680; baseline -0.004 -46"><span class='ocrx_word' id='word_1_13' title='bbox 210 565 295 680; x_wconf 53' lang='lat' dir='ltr'>Q</span> <span class='ocrx_word' id='word_1_14' title='bbox 318 568 403 634; x_wconf 82' lang='lat' dir='ltr'><strong>rollo</strong></span> <span class='ocrx_word' id='word_1_15' title='bbox 425 566 635 643; x_wconf 84' lang='lat' dir='ltr'><strong>olsudebsut3</strong></span> <span class='ocrx_word' id='word_1_16' title='bbox 658 567 685 630; x_wconf 85' lang='lat' dir='ltr'><strong>si</strong></span> <span class='ocrx_word' id='word_1_17' title='bbox 710 587 867 667; x_wconf 31' lang='lat' dir='ltr'><strong>queupsrs</strong></span> <span class='ocrx_word' id='word_1_18' title='bbox 892 563 1009 630; x_wconf 88' lang='lat' dir='ltr'><strong>slicubi</strong></span> <span class='ocrx_word' id='word_1_19' title='bbox 1032 564 1210 664; x_wconf 80' lang='lat' dir='ltr'><strong>munitione</strong></span> <span class='ocrx_word' id='word_1_20' title='bbox 1232 564 1356 652; x_wconf 72' lang='lat' dir='ltr'><strong>egebat.</strong></span> 
     </span>
    </p>
   </div>
   <div class='ocr_carea' id='block_1_3' title="bbox 206 650 1497 3834">
    <p class='ocr_par' dir='ltr' id='par_1_3' title="bbox 206 650 1356 755">
     <span class='ocr_line' id='line_1_4' title="bbox 206 650 1356 755; baseline -0.009 -34"><span class='ocrx_word' id='word_1_21' title='bbox 206 693 279 755; x_wconf 76' lang='lat' dir='ltr'><strong>olym</strong></span> <span class='ocrx_word' id='word_1_22' title='bbox 319 654 421 720; x_wconf 81' lang='lat' dir='ltr'><strong>AEdes</strong></span> <span class='ocrx_word' id='word_1_23' title='bbox 446 653 552 730; x_wconf 85' lang='lat' dir='ltr'><strong>etism,</strong></span> <span class='ocrx_word' id='word_1_24' title='bbox 570 674 642 752; x_wconf 75' lang='lat' dir='ltr'><strong>que</strong></span> <span class='ocrx_word' id='word_1_25' title='bbox 664 664 755 718; x_wconf 82' lang='lat' dir='ltr'><strong>erent</strong></span> <span class='ocrx_word' id='word_1_26' title='bbox 779 673 814 716; x_wconf 88' lang='grc' dir='ltr'><strong>ιιι</strong></span> <span class='ocrx_word' id='word_1_27' title='bbox 839 650 1035 727; x_wconf 73' lang='lat' dir='ltr'><strong>suburbano,</strong></span> <span class='ocrx_word' id='word_1_28' title='bbox 1061 650 1167 735; x_wconf 80' lang='lat' dir='ltr'><strong>pinnis</strong></span> <span class='ocrx_word' id='word_1_29' title='bbox 1189 651 1356 736; x_wconf 79' lang='lat' dir='ltr'><strong>rmpositin,</strong></span> 
     </span>
    </p>

    <p class='ocr_par' dir='ltr' id='par_1_4' title="bbox 218 709 1356 822">
     <span class='ocr_line' id='line_1_5' title="bbox 218 709 1356 822; baseline -0.004 -16"><span class='ocrx_word' id='word_1_30' title='bbox 218 759 260 808; x_wconf 82' lang='lat' dir='ltr'><strong>sn.</strong></span> <span class='ocrx_word' id='word_1_31' title='bbox 272 709 306 808; x_wconf 37' lang='grc' dir='ltr'><strong>ις’</strong></span> <span class='ocrx_word' id='word_1_32' title='bbox 322 761 412 808; x_wconf 88' lang='lat' dir='ltr'><strong>usum</strong></span> <span class='ocrx_word' id='word_1_33' title='bbox 424 737 608 804; x_wconf 84' lang='lat' dir='ltr'><strong>munitionrs</strong></span> <span class='ocrx_word' id='word_1_34' title='bbox 620 739 817 822; x_wconf 77' lang='lat' dir='ltr'><strong>praebebsnt.</strong></span> <span class='ocrx_word' id='word_1_35' title='bbox 863 737 906 806; x_wconf 85' lang='lat' dir='ltr'><strong>Et</strong></span> <span class='ocrx_word' id='word_1_36' title='bbox 914 737 1001 801; x_wconf 89' lang='lat' dir='ltr'><strong>hunc</strong></span> <span class='ocrx_word' id='word_1_37' title='bbox 1012 736 1141 822; x_wconf 86' lang='lat' dir='ltr'><strong>quidem</strong></span> <span class='ocrx_word' id='word_1_38' title='bbox 1152 736 1237 802; x_wconf 88' lang='lat' dir='ltr'><strong>diem</strong></span> <span class='ocrx_word' id='word_1_39' title='bbox 1252 749 1356 802; x_wconf 87' lang='lat' dir='ltr'><strong>toturn</strong></span> 
     </span>
    </p>

    <p class='ocr_par' dir='ltr' id='par_1_5' title="bbox 219 821 1358 933">
     <span class='ocr_line' id='line_1_6' title="bbox 219 821 1358 933; baseline -0.002 -43"><span class='ocrx_word' id='word_1_40' title='bbox 219 821 290 933; x_wconf 39' lang='grc' dir='ltr'><strong>θῶ·</strong></span> <span class='ocrx_word' id='word_1_41' title='bbox 320 827 450 911; x_wconf 86' lang='lat' dir='ltr'><strong>inopus</strong></span> <span class='ocrx_word' id='word_1_42' title='bbox 470 823 649 890; x_wconf 67' lang='lat' dir='ltr'><strong>faciendum</strong></span> <span class='ocrx_word' id='word_1_43' title='bbox 671 825 902 890; x_wconf 84' lang='lat' dir='ltr'><strong>incubuerunt:</strong></span> <span class='ocrx_word' id='word_1_44' title='bbox 925 822 1078 908; x_wconf 72' lang='lat' dir='ltr'><strong>postridie</strong></span> <span class='ocrx_word' id='word_1_45' title='bbox 1098 844 1173 887; x_wconf 84' lang='lat' dir='ltr'><strong>vero</strong></span> <span class='ocrx_word' id='word_1_46' title='bbox 1187 822 1275 888; x_wconf 85' lang='lat' dir='ltr'><strong>ciros</strong></span> <span class='ocrx_word' id='word_1_47' title='bbox 1289 845 1358 888; x_wconf 78' lang='lat' dir='ltr'><strong>ver-</strong></span> 
     </span>
    </p>

    <p class='ocr_par' dir='ltr' id='par_1_6' title="bbox 226 901 1358 999">
     <span class='ocr_line' id='line_1_7' title="bbox 226 901 1358 999; baseline -0.005 -21"><span class='ocrx_word' id='word_1_48' title='bbox 226 901 288 999; x_wconf 51' lang='lat'><em>&amp;</em></span> <span class='ocrx_word' id='word_1_49' title='bbox 360 933 429 977; x_wconf 86' lang='lat' dir='ltr'><strong>rom</strong></span> <span class='ocrx_word' id='word_1_50' title='bbox 445 931 556 978; x_wconf 87' lang='lat' dir='ltr'><strong>murus</strong></span> <span class='ocrx_word' id='word_1_51' title='bbox 577 922 701 976; x_wconf 85' lang='lat' dir='ltr'><strong>tentum</strong></span> <span class='ocrx_word' id='word_1_52' title='bbox 721 931 786 976; x_wconf 89' lang='lat' dir='ltr'><strong>uon</strong></span> <span class='ocrx_word' id='word_1_53' title='bbox 807 909 970 974; x_wconf 74' lang='lat' dir='ltr'><strong>obsoletus</strong></span> <span class='ocrx_word' id='word_1_54' title='bbox 990 923 1068 974; x_wconf 79' lang='lat' dir='ltr'><strong>eret.</strong></span> <span class='ocrx_word' id='word_1_55' title='bbox 1111 907 1234 986; x_wconf 74' lang='lat' dir='ltr'><strong>Quem,</strong></span> <span class='ocrx_word' id='word_1_56' title='bbox 1250 911 1306 996; x_wconf 90' lang='lat' dir='ltr'><strong>qni</strong></span> <span class='ocrx_word' id='word_1_57' title='bbox 1324 910 1358 972; x_wconf 87' lang='lat' dir='ltr'><strong>in</strong></span> 
     </span>
    </p>

    <p class='ocr_par' dir='ltr' id='par_1_7' title="bbox 312 995 1497 2200">
     <span class='ocr_line' id='line_1_8' title="bbox 356 995 1356 1083; baseline -0.002 -21"><span class='ocrx_word' id='word_1_58' title='bbox 356 999 431 1064; x_wconf 80' lang='lat' dir='ltr'><strong>isses</strong></span> <span class='ocrx_word' id='word_1_59' title='bbox 452 1011 553 1075; x_wconf 82' lang='lat' dir='ltr'><strong>erent,</strong></span> <span class='ocrx_word' id='word_1_60' title='bbox 569 1009 656 1062; x_wconf 86' lang='lat' dir='ltr'><strong>metu</strong></span> <span class='ocrx_word' id='word_1_61' title='bbox 676 995 822 1083; x_wconf 85' lang='lat' dir='ltr'><strong>perculsi,</strong></span> <span class='ocrx_word' id='word_1_62' title='bbox 838 1017 911 1060; x_wconf 89' lang='lat' dir='ltr'><strong>cum</strong></span> <span class='ocrx_word' id='word_1_63' title='bbox 933 995 977 1060; x_wconf 91' lang='lat' dir='ltr'><strong>ob</strong></span> <span class='ocrx_word' id='word_1_64' title='bbox 998 1008 1193 1060; x_wconf 84' lang='lat' dir='ltr'><strong>commestus</strong></span> <span class='ocrx_word' id='word_1_65' title='bbox 1215 995 1356 1082; x_wconf 78' lang='lat' dir='ltr'><strong>inopiam</strong></span> 
     </span>
     <span class='ocr_line' id='line_1_9' title="bbox 320 1081 1359 1170; baseline -0.002 -22"><span class='ocrx_word' id='word_1_66' title='bbox 320 1089 373 1170; x_wconf 90' lang='lat' dir='ltr'><strong>(eo</strong></span> <span class='ocrx_word' id='word_1_67' title='bbox 398 1084 482 1150; x_wconf 88' lang='lat' dir='ltr'><strong>enim</strong></span> <span class='ocrx_word' id='word_1_68' title='bbox 506 1105 546 1150; x_wconf 83' lang='lat' dir='ltr'><strong>ex</strong></span> <span class='ocrx_word' id='word_1_69' title='bbox 567 1084 657 1162; x_wconf 87' lang='lat' dir='ltr'><strong>urbe,</strong></span> <span class='ocrx_word' id='word_1_70' title='bbox 674 1083 794 1168; x_wconf 82' lang='lat' dir='ltr'><strong>quaein</strong></span> <span class='ocrx_word' id='word_1_71' title='bbox 821 1081 893 1146; x_wconf 89' lang='lat' dir='ltr'><strong>loco</strong></span> <span class='ocrx_word' id='word_1_72' title='bbox 916 1081 1088 1166; x_wconf 81' lang='lat' dir='ltr'>superiore,</span> <span class='ocrx_word' id='word_1_73' title='bbox 1104 1101 1163 1146; x_wconf 85' lang='lat' dir='ltr'><strong>nec</strong></span> <span class='ocrx_word' id='word_1_74' title='bbox 1182 1081 1320 1147; x_wconf 88' lang='lat' dir='ltr'><strong>multum</strong></span> <span class='ocrx_word' id='word_1_75' title='bbox 1338 1105 1359 1146; x_wconf 83' lang='lat' dir='ltr'><strong>e</strong></span> 
     </span>
     <span class='ocr_line' id='line_1_10' title="bbox 318 1167 1356 1250; baseline -0.004 -14"><span class='ocrx_word' id='word_1_76' title='bbox 318 1171 399 1236; x_wconf 81' lang='lat' dir='ltr'><strong>mori</strong></span> <span class='ocrx_word' id='word_1_77' title='bbox 414 1169 535 1236; x_wconf 86' lang='lat' dir='ltr'><strong>distens</strong></span> <span class='ocrx_word' id='word_1_78' title='bbox 554 1183 633 1247; x_wconf 84' lang='lat' dir='ltr'><strong>eret,</strong></span> <span class='ocrx_word' id='word_1_79' title='bbox 648 1167 789 1246; x_wconf 83' lang='lat' dir='ltr'><strong>derecto,</strong></span> <span class='ocrx_word' id='word_1_80' title='bbox 806 1172 840 1233; x_wconf 87' lang='lat' dir='ltr'><strong>iu</strong></span> <span class='ocrx_word' id='word_1_81' title='bbox 859 1167 944 1232; x_wconf 87' lang='lat' dir='ltr'><strong>diem</strong></span> <span class='ocrx_word' id='word_1_82' title='bbox 968 1178 1093 1232; x_wconf 80' lang='lat' dir='ltr'><strong>utentes</strong></span> <span class='ocrx_word' id='word_1_83' title='bbox 1111 1167 1274 1250; x_wconf 75' lang='lat' dir='ltr'><strong>vivebant)</strong></span> <span class='ocrx_word' id='word_1_84' title='bbox 1290 1180 1356 1233; x_wconf 87' lang='lat' dir='ltr'><strong>tom</strong></span> 
     </span>
     <span class='ocr_line' id='line_1_11' title="bbox 318 1252 1358 1428; baseline -0.004 -20"><span class='ocrx_word' id='word_1_85' title='bbox 318 1253 1069 1428; x_wconf 52' lang='lat' dir='ltr'><strong>iiiisiih&#39;iiffinhiiiffihiiii,</strong></span> <span class='ocrx_word' id='word_1_86' title='bbox 1082 1252 1358 1405; x_wconf 48' lang='grc' dir='ltr'><strong>ιῗῖἶέἶωέἕᾰῖ</strong></span> 
     </span>
     <span class='ocr_line' id='line_1_12' title="bbox 319 1424 1359 1511; baseline -0.002 -18"><span class='ocrx_word' id='word_1_87' title='bbox 319 1441 438 1505; x_wconf 85' lang='lat' dir='ltr'><strong>nerent,</strong></span> <span class='ocrx_word' id='word_1_88' title='bbox 468 1447 542 1492; x_wconf 89' lang='lat' dir='ltr'><strong>cum</strong></span> <span class='ocrx_word' id='word_1_89' title='bbox 572 1425 820 1492; x_wconf 76' lang='lat' dir='ltr'><strong>Atheniensibus</strong></span> <span class='ocrx_word' id='word_1_90' title='bbox 848 1426 1109 1511; x_wconf 79' lang='lat' dir='ltr'><strong>compositionem</strong></span> <span class='ocrx_word' id='word_1_91' title='bbox 1124 1424 1290 1506; x_wconf 63' lang='lat' dir='ltr'><strong>&#39;fecerunt</strong></span> <span class='ocrx_word' id='word_1_92' title='bbox 1311 1425 1359 1492; x_wconf 84' lang='lat' dir='ltr'><strong>his</strong></span> 
     </span>
     <span class='ocr_line' id='line_1_13' title="bbox 319 1510 1358 1612; baseline -0.002 -32"><span class='ocrx_word' id='word_1_93' title='bbox 319 1513 573 1580; x_wconf 84' lang='lat' dir='ltr'><strong>conditionibus:</strong></span> <span class='ocrx_word' id='word_1_94' title='bbox 598 1525 635 1578; x_wconf 92' lang='lat' dir='ltr'><strong>ut</strong></span> <span class='ocrx_word' id='word_1_95' title='bbox 647 1510 763 1600; x_wconf 81' lang='lat' dir='ltr'><strong>singuli</strong></span> <span class='ocrx_word' id='word_1_96' title='bbox 779 1512 919 1612; x_wconf 86' lang='lat' dir='ltr'><strong>quidem,</strong></span> <span class='ocrx_word' id='word_1_97' title='bbox 933 1511 1058 1578; x_wconf 79' lang='lat' dir='ltr'><strong>truditis</strong></span> <span class='ocrx_word' id='word_1_98' title='bbox 1079 1510 1185 1589; x_wconf 84' lang='lat' dir='ltr'><strong>ermis,</strong></span> <span class='ocrx_word' id='word_1_99' title='bbox 1201 1527 1291 1578; x_wconf 86' lang='lat' dir='ltr'><strong>certe</strong></span> <span class='ocrx_word' id='word_1_100' title='bbox 1304 1534 1358 1598; x_wconf 87' lang='lat' dir='ltr'><strong>pe·</strong></span> 
     </span>
     <span class='ocr_line' id='line_1_14' title="bbox 319 1597 1357 1683; baseline -0.003 -18"><span class='ocrx_word' id='word_1_101' title='bbox 319 1602 424 1666; x_wconf 83' lang='lat' dir='ltr'><strong>cunioe</strong></span> <span class='ocrx_word' id='word_1_102' title='bbox 444 1620 569 1664; x_wconf 77' lang='lat' dir='ltr'><strong>summo</strong></span> <span class='ocrx_word' id='word_1_103' title='bbox 588 1597 749 1683; x_wconf 76' lang='lat' dir='ltr'><strong>persoluto</strong></span> <span class='ocrx_word' id='word_1_104' title='bbox 767 1599 1020 1673; x_wconf 71' lang='lat' dir='ltr'><strong>demitterenturs</strong></span> <span class='ocrx_word' id='word_1_105' title='bbox 1042 1597 1083 1662; x_wconf 89' lang='lat' dir='ltr'><strong>de</strong></span> <span class='ocrx_word' id='word_1_106' title='bbox 1105 1597 1357 1664; x_wconf 75' lang='lat' dir='ltr'><strong>Lacedaemoniis</strong></span> 
     </span>
     <span class='ocr_line' id='line_1_15' title="bbox 319 1683 1470 1771; baseline -0.004 -19"><span class='ocrx_word' id='word_1_107' title='bbox 319 1685 734 1764; x_wconf 68' lang='lat' dir='ltr'><strong>vermeteorrcmduce,et</strong></span> <span class='ocrx_word' id='word_1_108' title='bbox 755 1685 873 1771; x_wconf 85' lang='lat' dir='ltr'><strong>siquis</strong></span> <span class='ocrx_word' id='word_1_109' title='bbox 896 1683 977 1749; x_wconf 84' lang='lat' dir='ltr'><strong>elius</strong></span> <span class='ocrx_word' id='word_1_110' title='bbox 999 1684 1085 1750; x_wconf 85' lang='lat' dir='ltr'><strong>intus</strong></span> <span class='ocrx_word' id='word_1_111' title='bbox 1108 1695 1198 1762; x_wconf 73' lang='lat' dir='ltr'><strong>emet,</strong></span> <span class='ocrx_word' id='word_1_112' title='bbox 1223 1685 1360 1750; x_wconf 80' lang='lat' dir='ltr'><strong>Atheni·</strong></span> <span class='ocrx_word' id='word_1_113' title='bbox 1465 1707 1470 1714; x_wconf 61' lang='grc'><em>’</em></span> 
     </span>
     <span class='ocr_line' id='line_1_16' title="bbox 319 1769 1497 1857; baseline -0.002 -20"><span class='ocrx_word' id='word_1_114' title='bbox 319 1793 409 1838; x_wconf 83' lang='lat' dir='ltr'><strong>enses</strong></span> <span class='ocrx_word' id='word_1_115' title='bbox 428 1769 585 1836; x_wconf 74' lang='lat' dir='ltr'><strong>arbitratu</strong></span> <span class='ocrx_word' id='word_1_116' title='bbox 604 1793 661 1836; x_wconf 88' lang='lat' dir='ltr'><strong>suo</strong></span> <span class='ocrx_word' id='word_1_117' title='bbox 683 1784 865 1837; x_wconf 72' lang='lat' dir='ltr'>statuerent</span> <span class='ocrx_word' id='word_1_118' title='bbox 913 1769 989 1835; x_wconf 80' lang='lat' dir='ltr'><strong>Huc</strong></span> <span class='ocrx_word' id='word_1_119' title='bbox 1009 1769 1105 1857; x_wconf 82' lang='lat' dir='ltr'><strong>igitur</strong></span> <span class='ocrx_word' id='word_1_120' title='bbox 1129 1771 1360 1856; x_wconf 84' lang='lat' dir='ltr'><strong>compositione</strong></span> <span class='ocrx_word' id='word_1_121' title='bbox 1496 1802 1497 1811; x_wconf 32' lang='grc' dir='ltr'>ι</span> 
     </span>
     <span class='ocr_line' id='line_1_17' title="bbox 319 1854 1496 1943; baseline -0.002 -20"><span class='ocrx_word' id='word_1_122' title='bbox 319 1857 368 1923; x_wconf 85' lang='lat' dir='ltr'><strong>hir</strong></span> <span class='ocrx_word' id='word_1_123' title='bbox 381 1857 617 1924; x_wconf 88' lang='lat' dir='ltr'><strong>conditionibus</strong></span> <span class='ocrx_word' id='word_1_124' title='bbox 630 1856 713 1922; x_wconf 79' lang='lat' dir='ltr'><strong>fecte</strong></span> <span class='ocrx_word' id='word_1_125' title='bbox 726 1858 885 1922; x_wconf 85' lang='lat' dir='ltr'><strong>exierunt.</strong></span> <span class='ocrx_word' id='word_1_126' title='bbox 929 1854 1141 1922; x_wconf 82' lang='lat' dir='ltr'><strong>Athenienses</strong></span> <span class='ocrx_word' id='word_1_127' title='bbox 1152 1870 1272 1936; x_wconf 86' lang='lat' dir='ltr'><strong>nutem,</strong></span> <span class='ocrx_word' id='word_1_128' title='bbox 1286 1877 1359 1921; x_wconf 91' lang='lat' dir='ltr'><strong>cnm</strong></span> <span class='ocrx_word' id='word_1_129' title='bbox 1487 1897 1496 1943; x_wconf 28' lang='grc' dir='ltr'><strong>,ι</strong></span> 
     </span>
     <span class='ocr_line' id='line_1_18' title="bbox 317 1941 1492 2031; baseline 0 -23"><span class='ocrx_word' id='word_1_130' title='bbox 317 1943 434 2031; x_wconf 82' lang='lat' dir='ltr'><strong>longor</strong></span> <span class='ocrx_word' id='word_1_131' title='bbox 444 1965 552 2009; x_wconf 89' lang='lat' dir='ltr'><strong>muros</strong></span> <span class='ocrx_word' id='word_1_132' title='bbox 562 1943 601 2008; x_wconf 84' lang='lat' dir='ltr'><strong>sb</strong></span> <span class='ocrx_word' id='word_1_133' title='bbox 610 1943 690 2010; x_wconf 88' lang='lat' dir='ltr'><strong>urbe</strong></span> <span class='ocrx_word' id='word_1_134' title='bbox 702 1942 940 2026; x_wconf 74' lang='lat' dir='ltr'><strong>Megarensium</strong></span> <span class='ocrx_word' id='word_1_135' title='bbox 950 1941 1357 2027; x_wconf 66' lang='lat' dir='ltr'><strong>ebmpimentetNissesm</strong></span> <span class='ocrx_word' id='word_1_136' title='bbox 1488 1950 1492 1961; x_wconf 91' lang='lat'>&#39;</span> 
     </span>
     <span class='ocr_line' id='line_1_19' title="bbox 312 2027 1242 2115; baseline -0.006 -21"><span class='ocrx_word' id='word_1_137' title='bbox 312 2051 375 2114; x_wconf 81' lang='lat' dir='ltr'><strong>per</strong></span> <span class='ocrx_word' id='word_1_138' title='bbox 387 2033 572 2095; x_wconf 69' lang='lat' dir='ltr'><strong>deditiones</strong></span> <span class='ocrx_word' id='word_1_139' title='bbox 587 2030 791 2115; x_wconf 75' lang='lat' dir='ltr'><strong>accepissent,</strong></span> <span class='ocrx_word' id='word_1_140' title='bbox 807 2029 848 2093; x_wconf 82' lang='lat' dir='ltr'><strong>sd</strong></span> <span class='ocrx_word' id='word_1_141' title='bbox 862 2027 926 2094; x_wconf 84' lang='lat' dir='ltr'><strong>elis</strong></span> <span class='ocrx_word' id='word_1_142' title='bbox 939 2050 972 2094; x_wconf 86' lang='lat' dir='ltr'><strong>se</strong></span> <span class='ocrx_word' id='word_1_143' title='bbox 986 2029 1220 2115; x_wconf 75' lang='lat' dir='ltr'><strong>praeponebant.</strong></span> <span class='ocrx_word' id='word_1_144' title='bbox 1238 2079 1242 2088; x_wconf 93' lang='lat'>.</span> 
     </span>
     <span class='ocr_line' id='line_1_20' title="bbox 365 2113 1497 2200; baseline -0.007 -15"><span class='ocrx_word' id='word_1_145' title='bbox 365 2115 590 2185; x_wconf 65' lang='lat' dir='ltr'><strong>romesinas</strong></span> <span class='ocrx_word' id='word_1_146' title='bbox 613 2137 688 2180; x_wconf 84' lang='lat' dir='ltr'><strong>vero</strong></span> <span class='ocrx_word' id='word_1_147' title='bbox 713 2113 850 2180; x_wconf 84' lang='lat' dir='ltr'><strong>Tellidis</strong></span> <span class='ocrx_word' id='word_1_148' title='bbox 878 2114 973 2194; x_wconf 81' lang='lat' dir='ltr'><strong>filius,</strong></span> <span class='ocrx_word' id='word_1_149' title='bbox 1000 2113 1276 2192; x_wconf 77' lang='lat' dir='ltr'><strong>Lscedmmonins,</strong></span> <span class='ocrx_word' id='word_1_150' title='bbox 1299 2136 1359 2200; x_wconf 87' lang='lat' dir='ltr'><strong>per</strong></span> <span class='ocrx_word' id='word_1_151' title='bbox 1496 2118 1497 2125; x_wconf 75' lang='grc'>’</span> 
     </span>
    </p>

    <p class='ocr_par' dir='ltr' id='par_1_8' title="bbox 318 2198 1497 3491">
     <span class='ocr_line' id='line_1_21' title="bbox 319 2198 1497 2302; baseline -0.001 -36"><span class='ocrx_word' id='word_1_152' title='bbox 319 2201 404 2267; x_wconf 87' lang='lat' dir='ltr'><strong>idern</strong></span> <span class='ocrx_word' id='word_1_153' title='bbox 419 2213 545 2288; x_wconf 85' lang='lat' dir='ltr'><strong>tempus</strong></span> <span class='ocrx_word' id='word_1_154' title='bbox 568 2201 651 2266; x_wconf 87' lang='lat' dir='ltr'><strong>forte</strong></span> <span class='ocrx_word' id='word_1_155' title='bbox 672 2201 758 2266; x_wconf 87' lang='lat' dir='ltr'><strong>circs</strong></span> <span class='ocrx_word' id='word_1_156' title='bbox 776 2198 945 2302; x_wconf 65' lang='lat' dir='ltr'><strong>Sicyonem</strong></span> <span class='ocrx_word' id='word_1_157' title='bbox 964 2212 997 2266; x_wconf 89' lang='lat' dir='ltr'><strong>et</strong></span> <span class='ocrx_word' id='word_1_158' title='bbox 1019 2200 1210 2266; x_wconf 82' lang='lat' dir='ltr'><strong>Corinthum</strong></span> <span class='ocrx_word' id='word_1_159' title='bbox 1225 2199 1362 2288; x_wconf 78' lang='lat' dir='ltr'><strong>egebot3</strong></span> <span class='ocrx_word' id='word_1_160' title='bbox 1496 2248 1497 2265; x_wconf 50' lang='grc' dir='ltr'>ι</span> 
     </span>
     <span class='ocr_line' id='line_1_22' title="bbox 319 2287 1361 2374; baseline 0 -22"><span class='ocrx_word' id='word_1_161' title='bbox 319 2288 493 2354; x_wconf 87' lang='lat' dir='ltr'><strong>exercitum</strong></span> <span class='ocrx_word' id='word_1_162' title='bbox 509 2309 707 2370; x_wconf 75' lang='lat' dir='ltr'><strong>comparens,</strong></span> <span class='ocrx_word' id='word_1_163' title='bbox 721 2309 815 2374; x_wconf 90' lang='lat' dir='ltr'><strong>quem</strong></span> <span class='ocrx_word' id='word_1_164' title='bbox 831 2309 865 2352; x_wconf 82' lang='lat' dir='ltr'><strong>tn</strong></span> <span class='ocrx_word' id='word_1_165' title='bbox 881 2287 1054 2352; x_wconf 76' lang='lat' dir='ltr'><strong>Threciam</strong></span> <span class='ocrx_word' id='word_1_166' title='bbox 1069 2288 1210 2352; x_wconf 87' lang='lat' dir='ltr'><strong>duceret.</strong></span> <span class='ocrx_word' id='word_1_167' title='bbox 1221 2307 1361 2373; x_wconf 85' lang='lat' dir='ltr'><strong>cumque</strong></span> 
     </span>
     <span class='ocr_line' id='line_1_23' title="bbox 318 2373 1361 2460; baseline 0.002 -24"><span class='ocrx_word' id='word_1_168' title='bbox 318 2395 428 2438; x_wconf 88' lang='lat' dir='ltr'><strong>moros</strong></span> <span class='ocrx_word' id='word_1_169' title='bbox 453 2373 493 2436; x_wconf 82' lang='lat' dir='ltr'><strong>ob</strong></span> <span class='ocrx_word' id='word_1_170' title='bbox 512 2373 747 2439; x_wconf 66' lang='lat' dir='ltr'><strong>Atheniensibus</strong></span> <span class='ocrx_word' id='word_1_171' title='bbox 770 2389 892 2460; x_wconf 82' lang='lat' dir='ltr'><strong>coptos,</strong></span> <span class='ocrx_word' id='word_1_172' title='bbox 915 2373 1131 2450; x_wconf 82' lang='lat' dir='ltr'><strong>intellexisset,</strong></span> <span class='ocrx_word' id='word_1_173' title='bbox 1156 2385 1300 2442; x_wconf 68' lang='lat' dir='ltr'><strong>nouem</strong></span> <span class='ocrx_word' id='word_1_174' title='bbox 1328 2387 1361 2438; x_wconf 87' lang='lat' dir='ltr'><strong>et</strong></span> 
     </span>
     <span class='ocr_line' id='line_1_24' title="bbox 322 2457 1362 2548; baseline 0 -24"><span class='ocrx_word' id='word_1_175' title='bbox 322 2457 570 2546; x_wconf 86' lang='lat' dir='ltr'><strong>Peloponnesiis,</strong></span> <span class='ocrx_word' id='word_1_176' title='bbox 586 2457 643 2544; x_wconf 89' lang='lat' dir='ltr'><strong>qui</strong></span> <span class='ocrx_word' id='word_1_177' title='bbox 664 2473 756 2524; x_wconf 79' lang='lat' dir='ltr'><strong>erem</strong></span> <span class='ocrx_word' id='word_1_178' title='bbox 780 2461 813 2524; x_wconf 89' lang='lat' dir='ltr'><strong>in</strong></span> <span class='ocrx_word' id='word_1_179' title='bbox 838 2460 956 2537; x_wconf 80' lang='lat' dir='ltr'><strong>Nismo,</strong></span> <span class='ocrx_word' id='word_1_180' title='bbox 970 2473 1004 2524; x_wconf 89' lang='lat' dir='ltr'><strong>et</strong></span> <span class='ocrx_word' id='word_1_181' title='bbox 1019 2463 1144 2537; x_wconf 68' lang='lat' dir='ltr'><strong>omino,</strong></span> <span class='ocrx_word' id='word_1_182' title='bbox 1159 2481 1201 2524; x_wconf 89' lang='lat' dir='ltr'><strong>ne</strong></span> <span class='ocrx_word' id='word_1_183' title='bbox 1216 2458 1362 2548; x_wconf 76' lang='lat' dir='ltr'><strong>Mogore</strong></span> 
     </span>
     <span class='ocr_line' id='line_1_25' title="bbox 319 2544 1363 2632; baseline 0.001 -21"><span class='ocrx_word' id='word_1_184' title='bbox 319 2559 519 2630; x_wconf 74' lang='lat' dir='ltr'><strong>cuperentur,</strong></span> <span class='ocrx_word' id='word_1_185' title='bbox 535 2548 675 2610; x_wconf 69' lang='lat' dir='ltr'><strong>mentium</strong></span> <span class='ocrx_word' id='word_1_186' title='bbox 684 2544 783 2612; x_wconf 90' lang='lat' dir='ltr'><strong>mittit</strong></span> <span class='ocrx_word' id='word_1_187' title='bbox 796 2546 837 2612; x_wconf 86' lang='lat' dir='ltr'><strong>ed</strong></span> <span class='ocrx_word' id='word_1_188' title='bbox 855 2545 996 2624; x_wconf 75' lang='lat' dir='ltr'><strong>Boeotos,</strong></span> <span class='ocrx_word' id='word_1_189' title='bbox 1007 2545 1123 2632; x_wconf 86' lang='lat' dir='ltr'><strong>jubens</strong></span> <span class='ocrx_word' id='word_1_190' title='bbox 1144 2567 1280 2612; x_wconf 83' lang='lat' dir='ltr'><strong>eoscum</strong></span> <span class='ocrx_word' id='word_1_191' title='bbox 1292 2550 1363 2612; x_wconf 80' lang='lat' dir='ltr'><strong>srn&#39;s</strong></span> 
     </span>
     <span class='ocr_line' id='line_1_26' title="bbox 318 2631 1360 2718; baseline 0.004 -24"><span class='ocrx_word' id='word_1_192' title='bbox 318 2633 420 2716; x_wconf 86' lang='lat' dir='ltr'><strong>copiis</strong></span> <span class='ocrx_word' id='word_1_193' title='bbox 449 2633 490 2696; x_wconf 89' lang='lat' dir='ltr'><strong>sd</strong></span> <span class='ocrx_word' id='word_1_194' title='bbox 521 2631 747 2716; x_wconf 83' lang='lat' dir='ltr'><strong>Tripodiscum</strong></span> <span class='ocrx_word' id='word_1_195' title='bbox 777 2631 838 2697; x_wconf 79' lang='lat' dir='ltr'><strong>sihi</strong></span> <span class='ocrx_word' id='word_1_196' title='bbox 866 2631 993 2697; x_wconf 80' lang='lat' dir='ltr'><strong>obviem</strong></span> <span class='ocrx_word' id='word_1_197' title='bbox 1017 2631 1134 2699; x_wconf 85' lang='lat' dir='ltr'><strong>venire.</strong></span> <span class='ocrx_word' id='word_1_198' title='bbox 1156 2639 1219 2718; x_wconf 84' lang='lat' dir='ltr'><strong>(est</strong></span> <span class='ocrx_word' id='word_1_199' title='bbox 1246 2645 1360 2698; x_wconf 85' lang='lat' dir='ltr'><strong>sutem</strong></span> 
     </span>
     <span class='ocr_line' id='line_1_27' title="bbox 321 2717 1362 2816; baseline 0.004 -36"><span class='ocrx_word' id='word_1_200' title='bbox 321 2717 408 2782; x_wconf 84' lang='lat' dir='ltr'><strong>vicus</strong></span> <span class='ocrx_word' id='word_1_201' title='bbox 422 2718 491 2816; x_wconf 74' lang='lat' dir='ltr'><strong>egri</strong></span> <span class='ocrx_word' id='word_1_202' title='bbox 508 2717 707 2803; x_wconf 74' lang='lat' dir='ltr'><strong>Megarensis</strong></span> <span class='ocrx_word' id='word_1_203' title='bbox 725 2719 786 2782; x_wconf 92' lang='lat' dir='ltr'><strong>hoo</strong></span> <span class='ocrx_word' id='word_1_204' title='bbox 807 2739 924 2784; x_wconf 86' lang='lat' dir='ltr'><strong>nomen</strong></span> <span class='ocrx_word' id='word_1_205' title='bbox 947 2717 1077 2796; x_wconf 84' lang='lat' dir='ltr'><strong>hebens,</strong></span> <span class='ocrx_word' id='word_1_206' title='bbox 1093 2721 1274 2783; x_wconf 84' lang='lat' dir='ltr'><strong>submonte</strong></span> <span class='ocrx_word' id='word_1_207' title='bbox 1289 2719 1362 2784; x_wconf 87' lang='lat' dir='ltr'><strong>Ge-</strong></span> 
     </span>
     <span class='ocr_line' id='line_1_28' title="bbox 320 2803 1360 2892; baseline 0.001 -26"><span class='ocrx_word' id='word_1_208' title='bbox 320 2823 422 2867; x_wconf 79' lang='lat' dir='ltr'><strong>renos</strong></span> <span class='ocrx_word' id='word_1_209' title='bbox 436 2803 528 2880; x_wconf 84' lang='lat' dir='ltr'><strong>ntus)</strong></span> <span class='ocrx_word' id='word_1_210' title='bbox 543 2815 575 2867; x_wconf 92' lang='lat' dir='ltr'><strong>et</strong></span> <span class='ocrx_word' id='word_1_211' title='bbox 595 2803 663 2887; x_wconf 86' lang='lat' dir='ltr'><strong>ipse</strong></span> <span class='ocrx_word' id='word_1_212' title='bbox 679 2825 714 2867; x_wconf 87' lang='lat' dir='ltr'><strong>eo</strong></span> <span class='ocrx_word' id='word_1_213' title='bbox 735 2803 821 2868; x_wconf 82' lang='lat' dir='ltr'><strong>venit</strong></span> <span class='ocrx_word' id='word_1_214' title='bbox 836 2825 909 2869; x_wconf 90' lang='lat' dir='ltr'><strong>cum</strong></span> <span class='ocrx_word' id='word_1_215' title='bbox 931 2805 1057 2869; x_wconf 88' lang='lat' dir='ltr'><strong>duobus</strong></span> <span class='ocrx_word' id='word_1_216' title='bbox 1078 2804 1217 2870; x_wconf 85' lang='lat' dir='ltr'><strong>millibus</strong></span> <span class='ocrx_word' id='word_1_217' title='bbox 1235 2819 1269 2868; x_wconf 91' lang='lat' dir='ltr'><strong>et</strong></span> <span class='ocrx_word' id='word_1_218' title='bbox 1282 2825 1360 2892; x_wconf 82' lang='lat' dir='ltr'><strong>sep-</strong></span> 
     </span>
     <span class='ocr_line' id='line_1_29' title="bbox 320 2887 1363 2977; baseline 0.004 -24"><span class='ocrx_word' id='word_1_219' title='bbox 320 2888 469 2975; x_wconf 80' lang='lat' dir='ltr'><strong>tingentis</strong></span> <span class='ocrx_word' id='word_1_220' title='bbox 501 2887 744 2954; x_wconf 87' lang='lat' dir='ltr'><strong>Corinthiorum</strong></span> <span class='ocrx_word' id='word_1_221' title='bbox 773 2889 938 2966; x_wconf 81' lang='lat' dir='ltr'><strong>militibus,</strong></span> <span class='ocrx_word' id='word_1_222' title='bbox 969 2889 1180 2956; x_wconf 74' lang='lat' dir='ltr'><strong>Phliasiorum</strong></span> <span class='ocrx_word' id='word_1_223' title='bbox 1203 2890 1363 2977; x_wconf 74' lang='lat' dir='ltr'><strong>quadrin-</strong></span> 
     </span>
     <span class='ocr_line' id='line_1_30' title="bbox 319 2973 1364 3062; baseline 0.007 -24"><span class='ocrx_word' id='word_1_224' title='bbox 319 2975 434 3059; x_wconf 76' lang='lat' dir='ltr'><strong>gentis,</strong></span> <span class='ocrx_word' id='word_1_225' title='bbox 445 2973 666 3058; x_wconf 81' lang='lat' dir='ltr'><strong>Sicyoniorum</strong></span> <span class='ocrx_word' id='word_1_226' title='bbox 678 2975 846 3052; x_wconf 84' lang='lat' dir='ltr'><strong>sexcentis,</strong></span> <span class='ocrx_word' id='word_1_227' title='bbox 858 2991 890 3040; x_wconf 85' lang='lat' dir='ltr'><strong>et</strong></span> <span class='ocrx_word' id='word_1_228' title='bbox 904 2997 975 3040; x_wconf 88' lang='lat' dir='ltr'><strong>oum</strong></span> <span class='ocrx_word' id='word_1_229' title='bbox 988 2977 1036 3056; x_wconf 89' lang='lat' dir='ltr'><strong>iis,</strong></span> <span class='ocrx_word' id='word_1_230' title='bbox 1048 2979 1198 3062; x_wconf 87' lang='lat' dir='ltr'><strong>qnosjnm</strong></span> <span class='ocrx_word' id='word_1_231' title='bbox 1208 2975 1364 3044; x_wconf 85' lang='lat' dir='ltr'><strong>collectos</strong></span> 
     </span>
     <span class='ocr_line' id='line_1_31' title="bbox 318 3057 1364 3145; baseline 0.004 -19"><span class='ocrx_word' id='word_1_232' title='bbox 318 3081 424 3126; x_wconf 87' lang='lat' dir='ltr'><strong>secum</strong></span> <span class='ocrx_word' id='word_1_233' title='bbox 440 3057 586 3136; x_wconf 76' lang='lat' dir='ltr'><strong>habebut,</strong></span> <span class='ocrx_word' id='word_1_234' title='bbox 602 3060 689 3145; x_wconf 89' lang='lat' dir='ltr'><strong>quod</strong></span> <span class='ocrx_word' id='word_1_235' title='bbox 703 3063 908 3138; x_wconf 75' lang='lat' dir='ltr'><strong>existimaret,</strong></span> <span class='ocrx_word' id='word_1_236' title='bbox 923 3084 957 3126; x_wconf 85' lang='lat' dir='ltr'><strong>re</strong></span> <span class='ocrx_word' id='word_1_237' title='bbox 972 3061 1111 3127; x_wconf 82' lang='lat' dir='ltr'><strong>Nisaenm</strong></span> <span class='ocrx_word' id='word_1_238' title='bbox 1126 3061 1232 3128; x_wconf 88' lang='lat' dir='ltr'><strong>sdhuc</strong></span> <span class='ocrx_word' id='word_1_239' title='bbox 1244 3062 1364 3130; x_wconf 79' lang='lat' dir='ltr'><strong>inten-</strong></span> 
     </span>
     <span class='ocr_line' id='line_1_32' title="bbox 320 3146 1363 3232; baseline 0.003 -19"><span class='ocrx_word' id='word_1_240' title='bbox 320 3160 427 3213; x_wconf 87' lang='lat' dir='ltr'><strong>torum</strong></span> <span class='ocrx_word' id='word_1_241' title='bbox 442 3147 558 3230; x_wconf 84' lang='lat' dir='ltr'><strong>inespu</strong></span> <span class='ocrx_word' id='word_1_242' title='bbox 605 3159 699 3210; x_wconf 84' lang='lat' dir='ltr'><strong>stem.</strong></span> <span class='ocrx_word' id='word_1_243' title='bbox 744 3146 808 3212; x_wconf 84' lang='lat' dir='ltr'><strong>Sed</strong></span> <span class='ocrx_word' id='word_1_244' title='bbox 822 3169 895 3212; x_wconf 90' lang='lat' dir='ltr'><strong>cum</strong></span> <span class='ocrx_word' id='word_1_245' title='bbox 910 3169 973 3212; x_wconf 85' lang='lat' dir='ltr'><strong>rem</strong></span> <span class='ocrx_word' id='word_1_246' title='bbox 993 3148 1131 3214; x_wconf 76' lang='lat' dir='ltr'><strong>audisset</strong></span> <span class='ocrx_word' id='word_1_247' title='bbox 1146 3153 1253 3232; x_wconf 87' lang='lat' dir='ltr'><strong>(noctu</strong></span> <span class='ocrx_word' id='word_1_248' title='bbox 1271 3151 1363 3216; x_wconf 87' lang='lat' dir='ltr'><strong>enim</strong></span> 
     </span>
     <span class='ocr_line' id='line_1_33' title="bbox 320 3231 1366 3320; baseline 0.001 -20"><span class='ocrx_word' id='word_1_249' title='bbox 320 3255 461 3320; x_wconf 78' lang='lat' dir='ltr'><strong>egressor</strong></span> <span class='ocrx_word' id='word_1_250' title='bbox 475 3233 515 3298; x_wconf 84' lang='lat' dir='ltr'><strong>od</strong></span> <span class='ocrx_word' id='word_1_251' title='bbox 563 3231 756 3316; x_wconf 87' lang='lat' dir='ltr'><strong>ripodiscnm</strong></span> <span class='ocrx_word' id='word_1_252' title='bbox 771 3233 996 3314; x_wconf 74' lang='lat' dir='ltr'><strong>contendebat)</strong></span> <span class='ocrx_word' id='word_1_253' title='bbox 1012 3255 1084 3298; x_wconf 90' lang='lat' dir='ltr'><strong>cum</strong></span> <span class='ocrx_word' id='word_1_254' title='bbox 1100 3233 1220 3300; x_wconf 83' lang='lat' dir='ltr'><strong>delente</strong></span> <span class='ocrx_word' id='word_1_255' title='bbox 1234 3247 1366 3302; x_wconf 68' lang='lat' dir='ltr'><strong>mecen-</strong></span> 
     </span>
     <span class='ocr_line' id='line_1_34' title="bbox 319 3319 1366 3404; baseline 0.002 -19"><span class='ocrx_word' id='word_1_256' title='bbox 319 3331 426 3385; x_wconf 77' lang='lat' dir='ltr'><strong>tor&#39;um</strong></span> <span class='ocrx_word' id='word_1_257' title='bbox 442 3339 550 3398; x_wconf 86' lang='lat' dir='ltr'><strong>manu,</strong></span> <span class='ocrx_word' id='word_1_258' title='bbox 565 3331 749 3403; x_wconf 75' lang='lat' dir='ltr'><strong>antequem</strong></span> <span class='ocrx_word' id='word_1_259' title='bbox 767 3341 878 3384; x_wconf 90' lang='lat' dir='ltr'><strong>rumor</strong></span> <span class='ocrx_word' id='word_1_260' title='bbox 900 3319 941 3384; x_wconf 92' lang='lat' dir='ltr'><strong>de</strong></span> <span class='ocrx_word' id='word_1_261' title='bbox 961 3319 1061 3404; x_wconf 82' lang='lat' dir='ltr'><strong>ipsius</strong></span> <span class='ocrx_word' id='word_1_262' title='bbox 1075 3321 1211 3385; x_wconf 78' lang='lat' dir='ltr'><strong>adventu</strong></span> <span class='ocrx_word' id='word_1_263' title='bbox 1224 3320 1267 3384; x_wconf 84' lang='lat' dir='ltr'><strong>nd</strong></span> <span class='ocrx_word' id='word_1_264' title='bbox 1282 3319 1366 3388; x_wconf 88' lang='lat' dir='ltr'><strong>hos·</strong></span> 
     </span>
     <span class='ocr_line' id='line_1_35' title="bbox 319 3403 1366 3491; baseline 0.004 -21"><span class='ocrx_word' id='word_1_265' title='bbox 319 3407 398 3471; x_wconf 91' lang='lat' dir='ltr'><strong>tium</strong></span> <span class='ocrx_word' id='word_1_266' title='bbox 422 3427 515 3470; x_wconf 84' lang='lat' dir='ltr'><strong>sures</strong></span> <span class='ocrx_word' id='word_1_267' title='bbox 534 3405 736 3490; x_wconf 81' lang='lat' dir='ltr'><strong>pervenisset,</strong></span> <span class='ocrx_word' id='word_1_268' title='bbox 752 3405 795 3470; x_wconf 86' lang='lat' dir='ltr'><strong>od</strong></span> <span class='ocrx_word' id='word_1_269' title='bbox 811 3403 1055 3488; x_wconf 74' lang='lat' dir='ltr'><strong>Megarensium</strong></span> <span class='ocrx_word' id='word_1_270' title='bbox 1081 3407 1190 3472; x_wconf 89' lang='lat' dir='ltr'><strong>urbem</strong></span> <span class='ocrx_word' id='word_1_271' title='bbox 1215 3411 1366 3491; x_wconf 79' lang='lat' dir='ltr'><strong>secessit,</strong></span> 
     </span>
    </p>

    <p class='ocr_par' dir='ltr' id='par_1_9' title="bbox 226 3491 1365 3579">
     <span class='ocr_line' id='line_1_36' title="bbox 226 3491 1365 3579; baseline 0.004 -23"><span class='ocrx_word' id='word_1_272' title='bbox 226 3505 228 3512; x_wconf 88' lang='grc'><strong>’</strong></span> <span class='ocrx_word' id='word_1_273' title='bbox 319 3491 401 3556; x_wconf 84' lang='lat' dir='ltr'><strong>clem</strong></span> <span class='ocrx_word' id='word_1_274' title='bbox 418 3491 673 3567; x_wconf 81' lang='lat' dir='ltr'><strong>Atheniensibus,</strong></span> <span class='ocrx_word' id='word_1_275' title='bbox 690 3492 744 3576; x_wconf 91' lang='lat' dir='ltr'><strong>qui</strong></span> <span class='ocrx_word' id='word_1_276' title='bbox 759 3491 799 3556; x_wconf 84' lang='lat' dir='ltr'><strong>sd</strong></span> <span class='ocrx_word' id='word_1_277' title='bbox 822 3513 911 3556; x_wconf 80' lang='lat' dir='ltr'><strong>mere</strong></span> <span class='ocrx_word' id='word_1_278' title='bbox 927 3505 1035 3566; x_wconf 85' lang='lat' dir='ltr'><strong>erent;</strong></span> <span class='ocrx_word' id='word_1_279' title='bbox 1057 3493 1220 3577; x_wconf 64' lang='lat' dir='ltr'><strong>‘cupiens</strong></span> <span class='ocrx_word' id='word_1_280' title='bbox 1234 3508 1272 3557; x_wconf 85' lang='lat' dir='ltr'><strong>ut</strong></span> <span class='ocrx_word' id='word_1_281' title='bbox 1287 3515 1365 3579; x_wconf 75' lang='lat' dir='ltr'><strong>prm</strong></span> 
     </span>
    </p>

    <p class='ocr_par' dir='ltr' id='par_1_10' title="bbox 319 3575 1365 3663">
     <span class='ocr_line' id='line_1_37' title="bbox 319 3575 1365 3663; baseline 0.005 -21"><span class='ocrx_word' id='word_1_282' title='bbox 319 3575 496 3653; x_wconf 78' lang='lat' dir='ltr'><strong>ecferebat,</strong></span> <span class='ocrx_word' id='word_1_283' title='bbox 512 3589 607 3662; x_wconf 80' lang='lat' dir='ltr'><strong>utque</strong></span> <span class='ocrx_word' id='word_1_284' title='bbox 629 3577 709 3642; x_wconf 78' lang='lat' dir='ltr'><strong>odeo</strong></span> <span class='ocrx_word' id='word_1_285' title='bbox 730 3599 765 3640; x_wconf 92' lang='lat' dir='ltr'><strong>ro</strong></span> <span class='ocrx_word' id='word_1_286' title='bbox 788 3580 865 3660; x_wconf 84' lang='lat' dir='ltr'><strong>ipss,</strong></span> <span class='ocrx_word' id='word_1_287' title='bbox 877 3578 904 3642; x_wconf 88' lang='lat' dir='ltr'><strong>si</strong></span> <span class='ocrx_word' id='word_1_288' title='bbox 925 3599 990 3663; x_wconf 85' lang='lat' dir='ltr'><strong>qus</strong></span> <span class='ocrx_word' id='word_1_289' title='bbox 1011 3592 1125 3662; x_wconf 87' lang='lat' dir='ltr'><strong>posset,</strong></span> <span class='ocrx_word' id='word_1_290' title='bbox 1142 3579 1287 3644; x_wconf 80' lang='lat' dir='ltr'><strong>Nisaesm</strong></span> <span class='ocrx_word' id='word_1_291' title='bbox 1303 3583 1365 3648; x_wconf 85' lang='lat' dir='ltr'><strong>sd·</strong></span> 
     </span>
    </p>

    <p class='ocr_par' dir='ltr' id='par_1_11' title="bbox 319 3660 1366 3750">
     <span class='ocr_line' id='line_1_38' title="bbox 319 3660 1366 3750; baseline 0.008 -24"><span class='ocrx_word' id='word_1_292' title='bbox 319 3675 458 3726; x_wconf 80' lang='lat' dir='ltr'><strong>tentore:</strong></span> <span class='ocrx_word' id='word_1_293' title='bbox 492 3660 548 3724; x_wconf 86' lang='lat' dir='ltr'><strong>sed</strong></span> <span class='ocrx_word' id='word_1_294' title='bbox 579 3662 610 3724; x_wconf 85' lang='lat' dir='ltr'><strong>in</strong></span> <span class='ocrx_word' id='word_1_295' title='bbox 639 3663 752 3747; x_wconf 78' lang='lat' dir='ltr'><strong>primis</strong></span> <span class='ocrx_word' id='word_1_296' title='bbox 781 3662 1022 3750; x_wconf 76' lang='lat' dir='ltr'><strong>Megarensium</strong></span> <span class='ocrx_word' id='word_1_297' title='bbox 1050 3664 1161 3728; x_wconf 90' lang='lat' dir='ltr'><strong>urbem</strong></span> <span class='ocrx_word' id='word_1_298' title='bbox 1192 3666 1366 3750; x_wconf 85' lang='lat' dir='ltr'><strong>ingressus</strong></span> 
     </span>
    </p>

    <p class='ocr_par' dir='ltr' id='par_1_12' title="bbox 319 3746 1364 3834">
     <span class='ocr_line' id='line_1_39' title="bbox 319 3746 1364 3834; baseline 0.008 -23"><span class='ocrx_word' id='word_1_299' title='bbox 319 3746 518 3824; x_wconf 82' lang='lat' dir='ltr'><strong>confirmare,</strong></span> <span class='ocrx_word' id='word_1_300' title='bbox 529 3757 560 3810; x_wconf 83' lang='lat' dir='ltr'><strong>et</strong></span> <span class='ocrx_word' id='word_1_301' title='bbox 573 3749 717 3814; x_wconf 67' lang='lat' dir='ltr'><strong>odonem</strong></span> <span class='ocrx_word' id='word_1_302' title='bbox 729 3751 828 3813; x_wconf 82' lang='lat' dir='ltr'><strong>hostes</strong></span> <span class='ocrx_word' id='word_1_303' title='bbox 848 3751 958 3814; x_wconf 81' lang='lat' dir='ltr'><strong>tutor-i.</strong></span> <span class='ocrx_word' id='word_1_304' title='bbox 981 3770 1079 3830; x_wconf 79' lang='lat' dir='ltr'><strong>quere</strong></span> <span class='ocrx_word' id='word_1_305' title='bbox 1090 3750 1294 3834; x_wconf 71' lang='lat' dir='ltr'><strong>Megormes</strong></span> <span class='ocrx_word' id='word_1_306' title='bbox 1308 3777 1364 3818; x_wconf 88' lang='lat' dir='ltr'><strong>ro·</strong></span> 
     </span>
    </p>
   </div>
   <div class='ocr_carea' id='block_1_4' title="bbox 318 3830 1367 4001">
    <p class='ocr_par' dir='ltr' id='par_1_13' title="bbox 318 3830 1367 4001">
     <span class='ocr_line' id='line_1_40' title="bbox 318 3830 1367 3922; baseline 0.009 -25"><span class='ocrx_word' id='word_1_307' title='bbox 318 3830 426 3919; x_wconf 79' lang='lat' dir='ltr'><strong>gebat,</strong></span> <span class='ocrx_word' id='word_1_308' title='bbox 442 3845 478 3895; x_wconf 89' lang='lat' dir='ltr'><strong>ut</strong></span> <span class='ocrx_word' id='word_1_309' title='bbox 492 3853 525 3896; x_wconf 85' lang='lat' dir='ltr'><strong>se</strong></span> <span class='ocrx_word' id='word_1_310' title='bbox 539 3832 724 3915; x_wconf 85' lang='lat' dir='ltr'><strong>reciperent,</strong></span> <span class='ocrx_word' id='word_1_311' title='bbox 739 3833 849 3900; x_wconf 88' lang='lat' dir='ltr'><strong>dicens</strong></span> <span class='ocrx_word' id='word_1_312' title='bbox 864 3857 898 3900; x_wconf 81' lang='lat' dir='ltr'><strong>se</strong></span> <span class='ocrx_word' id='word_1_313' title='bbox 911 3833 953 3899; x_wconf 91' lang='lat' dir='ltr'><strong>de</strong></span> <span class='ocrx_word' id='word_1_314' title='bbox 977 3833 1085 3900; x_wconf 79' lang='lat' dir='ltr'><strong>Nisaee</strong></span> <span class='ocrx_word' id='word_1_315' title='bbox 1104 3836 1292 3922; x_wconf 71' lang='lat' dir='ltr'><strong>recipienda</strong></span> <span class='ocrx_word' id='word_1_316' title='bbox 1306 3841 1367 3906; x_wconf 82' lang='lat' dir='ltr'><strong>bo·</strong></span> 
     </span>
     <span class='ocr_line' id='line_1_41' title="bbox 318 3917 652 4001; baseline -0.018 -19"><span class='ocrx_word' id='word_1_317' title='bbox 318 3940 390 3982; x_wconf 87' lang='lat' dir='ltr'><strong>nam</strong></span> <span class='ocrx_word' id='word_1_318' title='bbox 405 3937 492 4001; x_wconf 87' lang='lat' dir='ltr'><strong>spem</strong></span> <span class='ocrx_word' id='word_1_319' title='bbox 509 3917 652 3982; x_wconf 84' lang='lat' dir='ltr'><strong>habere..</strong></span> 
     </span>
    </p>
   </div>
   <div class='ocr_carea' id='block_1_5' title="bbox 1494 2326 1499 2928">
    <p class='ocr_par' dir='ltr' id='par_1_14' title="bbox 1494 2326 1499 2928">
     <span class='ocr_line' id='line_1_42' title="bbox 1494 2326 1499 2928; baseline 0 0"><span class='ocrx_word' id='word_1_320' title='bbox 1494 2326 1499 2928; x_wconf 95' lang='lat' dir='ltr'><strong> </strong></span> 
     </span>
    </p>
   </div>
   <div class='ocr_carea' id='block_1_6' title="bbox 320 4091 1368 4290">
    <p class='ocr_par' dir='ltr' id='par_1_15' title="bbox 320 4091 1368 4290">
     <span class='ocr_line' id='line_1_43' title="bbox 352 4091 1367 4155; baseline 0.007 -18"><span class='ocrx_word' id='word_1_321' title='bbox 352 4095 364 4123; x_wconf 62' lang='grc' dir='ltr'><strong>θ</strong></span> <span class='ocrx_word' id='word_1_322' title='bbox 381 4091 490 4140; x_wconf 73' lang='lat' dir='ltr'><strong>Nissesm</strong></span> <span class='ocrx_word' id='word_1_323' title='bbox 503 4097 650 4150; x_wconf 79' lang='lat' dir='ltr'><strong>tentaturus,</strong></span> <span class='ocrx_word' id='word_1_324' title='bbox 662 4095 734 4140; x_wconf 86' lang='lat' dir='ltr'><strong>verbo</strong></span> <span class='ocrx_word' id='word_1_325' title='bbox 744 4093 854 4153; x_wconf 89' lang='lat' dir='ltr'><strong>quidem,</strong></span> <span class='ocrx_word' id='word_1_326' title='bbox 865 4095 907 4140; x_wconf 87' lang='lat' dir='ltr'><strong>sed</strong></span> <span class='ocrx_word' id='word_1_327' title='bbox 918 4107 943 4139; x_wconf 89' lang='lat' dir='ltr'><strong>re</strong></span> <span class='ocrx_word' id='word_1_328' title='bbox 954 4107 1060 4154; x_wconf 88' lang='lat' dir='ltr'><strong>quoquc,</strong></span> <span class='ocrx_word' id='word_1_329' title='bbox 1072 4094 1093 4140; x_wconf 84' lang='lat' dir='ltr'><strong>si</strong></span> <span class='ocrx_word' id='word_1_330' title='bbox 1103 4102 1199 4155; x_wconf 67' lang='lat' dir='ltr'><strong>nomn</strong></span> <span class='ocrx_word' id='word_1_331' title='bbox 1219 4098 1264 4143; x_wconf 83' lang='lat' dir='ltr'><strong>sed</strong></span> <span class='ocrx_word' id='word_1_332' title='bbox 1274 4105 1300 4144; x_wconf 86' lang='lat' dir='ltr'><strong>et</strong></span> <span class='ocrx_word' id='word_1_333' title='bbox 1312 4109 1367 4150; x_wconf 78' lang='lat' dir='ltr'><strong>ete.</strong></span> 
     </span>
     <span class='ocr_line' id='line_1_44' title="bbox 324 4155 1367 4222; baseline 0.009 -21"><span class='ocrx_word' id='word_1_334' title='bbox 324 4155 396 4202; x_wconf 78' lang='lat' dir='ltr'><strong>Vallo.</strong></span> <span class='ocrx_word' id='word_1_335' title='bbox 422 4155 522 4214; x_wconf 81' lang='lat' dir='ltr'><strong>volens,</strong></span> <span class='ocrx_word' id='word_1_336' title='bbox 535 4163 561 4202; x_wconf 93' lang='lat' dir='ltr'><strong>ut</strong></span> <span class='ocrx_word' id='word_1_337' title='bbox 572 4157 669 4216; x_wconf 83' lang='lat' dir='ltr'><strong>quidem</strong></span> <span class='ocrx_word' id='word_1_338' title='bbox 679 4157 769 4203; x_wconf 75' lang='lat' dir='ltr'><strong>tamum</strong></span> <span class='ocrx_word' id='word_1_339' title='bbox 780 4159 918 4218; x_wconf 76' lang='lat' dir='ltr'><strong>spargebat,</strong></span> <span class='ocrx_word' id='word_1_340' title='bbox 928 4165 952 4204; x_wconf 91' lang='lat' dir='ltr'><strong>et</strong></span> <span class='ocrx_word' id='word_1_341' title='bbox 961 4164 1023 4204; x_wconf 89' lang='lat' dir='ltr'><strong>utre</strong></span> <span class='ocrx_word' id='word_1_342' title='bbox 1034 4158 1122 4218; x_wconf 62' lang='lat' dir='ltr'><strong>ipsumsi</strong></span> <span class='ocrx_word' id='word_1_343' title='bbox 1135 4164 1367 4222; x_wconf 70' lang='lat' dir='ltr'><strong>possetcupiebet,</strong></span> 
     </span>
     <span class='ocr_line' id='line_1_45' title="bbox 320 4219 1368 4290; baseline 0.007 -22"><span class='ocrx_word' id='word_1_344' title='bbox 320 4219 429 4268; x_wconf 80' lang='lat' dir='ltr'><strong>Nisseem</strong></span> <span class='ocrx_word' id='word_1_345' title='bbox 445 4227 573 4275; x_wconf 75' lang='lat' dir='ltr'><strong>attentare,</strong></span> <span class='ocrx_word' id='word_1_346' title='bbox 584 4222 626 4266; x_wconf 88' lang='lat' dir='ltr'><strong>sed</strong></span> <span class='ocrx_word' id='word_1_347' title='bbox 644 4229 689 4268; x_wconf 83' lang='lat' dir='ltr'><strong>etc.</strong></span> <span class='ocrx_word' id='word_1_348' title='bbox 727 4221 776 4276; x_wconf 79' lang='lat' dir='ltr'><strong>Vel,</strong></span> <span class='ocrx_word' id='word_1_349' title='bbox 789 4219 891 4270; x_wconf 75' lang='lat' dir='ltr'><strong>Famem</strong></span> <span class='ocrx_word' id='word_1_350' title='bbox 907 4223 1006 4282; x_wconf 86' lang='lat' dir='ltr'><strong>quidem</strong></span> <span class='ocrx_word' id='word_1_351' title='bbox 1024 4235 1139 4284; x_wconf 77' lang='lat' dir='ltr'><strong>spargens</strong></span> <span class='ocrx_word' id='word_1_352' title='bbox 1155 4237 1182 4274; x_wconf 82' lang='lat' dir='ltr'><strong>se</strong></span> <span class='ocrx_word' id='word_1_353' title='bbox 1199 4225 1270 4279; x_wconf 80' lang='lat' dir='ltr'><strong>velie,</strong></span> <span class='ocrx_word' id='word_1_354' title='bbox 1282 4234 1368 4290; x_wconf 80' lang='lat' dir='ltr'><strong>utque</strong></span> 
     </span>
    </p>
   </div>
   <div class='ocr_carea' id='block_1_7' title="bbox 330 4269 343 4281">
    <p class='ocr_par' dir='ltr' id='par_1_16' title="bbox 330 4269 343 4281">
     <span class='ocr_line' id='line_1_46' title="bbox 330 4269 343 4281; baseline 0 0"><span class='ocrx_word' id='word_1_355' title='bbox 330 4269 343 4281; x_wconf 60' lang='lat' dir='ltr'><strong>&#39;h</strong></span> 
     </span>
    </p>
   </div>
   <div class='ocr_carea' id='block_1_8' title="bbox 319 4285 1270 4350">
    <p class='ocr_par' dir='ltr' id='par_1_17' title="bbox 319 4285 1270 4350">
     <span class='ocr_line' id='line_1_47' title="bbox 319 4285 1270 4350; baseline 0.009 -21"><span class='ocrx_word' id='word_1_356' title='bbox 319 4285 378 4330; x_wconf 75' lang='lat' dir='ltr'><strong>odeo</strong></span> <span class='ocrx_word' id='word_1_357' title='bbox 389 4299 415 4331; x_wconf 85' lang='lat' dir='ltr'><strong>re</strong></span> <span class='ocrx_word' id='word_1_358' title='bbox 423 4285 484 4344; x_wconf 79' lang='lat' dir='ltr'><strong>ipse,</strong></span> <span class='ocrx_word' id='word_1_359' title='bbox 496 4287 519 4333; x_wconf 81' lang='lat' dir='ltr'><strong>st</strong></span> <span class='ocrx_word' id='word_1_360' title='bbox 530 4297 579 4345; x_wconf 79' lang='lat' dir='ltr'><strong>quo</strong></span> <span class='ocrx_word' id='word_1_361' title='bbox 589 4285 682 4332; x_wconf 84' lang='lat' dir='ltr'><strong>rstione</strong></span> <span class='ocrx_word' id='word_1_362' title='bbox 694 4291 783 4346; x_wconf 81' lang='lat' dir='ltr'><strong>posset,</strong></span> <span class='ocrx_word' id='word_1_363' title='bbox 796 4286 878 4332; x_wconf 84' lang='lat' dir='ltr'><strong>volens</strong></span> <span class='ocrx_word' id='word_1_364' title='bbox 888 4285 942 4336; x_wconf 83' lang='lat' dir='ltr'><strong>nis.</strong></span> <span class='ocrx_word' id='word_1_365' title='bbox 952 4291 997 4334; x_wconf 83' lang='lat' dir='ltr'><strong>etc.</strong></span> <span class='ocrx_word' id='word_1_366' title='bbox 1010 4286 1149 4350; x_wconf 76' lang='lat' dir='ltr'><strong>Stephanus.</strong></span> <span class='ocrx_word' id='word_1_367' title='bbox 1184 4289 1270 4338; x_wconf 74' lang='lat' dir='ltr'><strong>Hune.</strong></span> 
     </span>
    </p>
   </div>
   <div class='ocr_carea' id='block_1_9' title="bbox 0 0 1509 4788">
    <p class='ocr_par' dir='ltr' id='par_1_18' title="bbox 0 0 1509 4788">
     <span class='ocr_line' id='line_1_48' title="bbox 0 0 1509 4788; baseline 0 0"><span class='ocrx_word' id='word_1_368' title='bbox 0 0 1509 4788; x_wconf 95' lang='lat' dir='ltr'><strong> </strong></span> 
     </span>
    </p>
   </div>
  </div>
 </body>
</html>
