2990 4792
339 281 404 344 156
718 267 1033 340 Treuerorum*

236 465 300 514 nt
336 445 431 515 nullis
455 444 685 511 munitionibus
709 459 791 511 esset
815 445 948 522 munito,
971 457 1075 510 metus
1092 443 1210 530 ingens
1230 457 1311 522 eret,
1336 465 1378 510 ne

227 529 312 590 ΡΜ
337 531 560 618 Peloponnesii
583 533 774 596 maritimam
793 553 880 596 orem
906 531 1038 596 navibus
1062 530 1212 618 legentes,
1233 533 1378 616 quamvis

220 591 319 720 (iffi,
335 620 435 719 etsie
457 619 490 684 in
513 618 622 719 animo
646 639 711 718 non
733 618 888 683 heberent
902 620 1020 719 diretiqr
1045 617 1092 682 iti
1113 637 1253 718 manere,
1271 630 1377 682 temen

230 703 1379 897 {⁸0⁴1lttrttttttlz‘dlttttlttttrlttttt

240 881 306 978 822⁹
335 879 407 943 darn
426 875 475 942 ad
499 875 618 942 Claron
645 876 804 954 vidissent,
830 899 893 940 rem
918 877 1050 941 Partes·
1074 876 1276 942 nuntiarunt.
1321 876 1380 942 llle

204 968 206 979 '
255 963 259 974 '
290 945 300 964 ⁰
334 984 412 1029 sero
434 985 508 1030 eum
530 985 648 1063 magna
662 960 869 1027 festinationis
891 961 1096 1027 contentione
1117 964 1376 1049 persequebatur.

336 1049 382 1116 Er
398 1071 497 1137 usque
520 1049 563 1114 ad
587 1048 724 1114 insulem
746 1047 889 1114 Latmou
910 1069 982 1113 eum
1007 1059 1055 1112 est
1078 1059 1297 1134 persequutus,
1324 1049 1378 1113 sed

335 1157 410 1202 cum
426 1137 556 1202 Alcidae
572 1157 727 1220 nusquam
742 1133 879 1220 amplius
893 1156 935 1219 ap
977 1147 1072 1212 reret,
1089 1135 1132 1198 its
1146 1151 1183 1198 ut
1203 1157 1279 1199 eum
1295 1157 1379 1200 esse-

335 1222 394 1309 qui
406 1235 521 1308 posset,
537 1223 658 1288 Pacisce
672 1235 758 1286 retro
772 1221 878 1286 rediit.
954 1241 1008 1286 um
1022 1237 1128 1284 autem
1143 1222 1273 1285 lostimn
1287 1243 1382 1288 nones

335 1307 371 1374 in
385 1307 451 1374 alto
467 1322 655 1392 assequutus
677 1329 743 1372 uon
758 1306 881 1384 suisset,
895 1306 959 1371 boc
981 1307 1015 1370 in
1039 1305 1129 1370 lucro
1152 1306 1270 1392 posuit,
1296 1307 1382 1394 quod

336 1416 493 1481 nusquam
517 1394 696 1470 subsistere,
718 1415 823 1480 neque
844 1406 948 1458 cestre
967 1393 1104 1468 munire,
1121 1415 1224 1479 neque
1246 1393 1306 1458 sibi
1328 1416 1380 1460 ees

337 1480 496 1566 proesidiis
522 1480 699 1558 obsidendi,
727 1494 760 1545 et
782 1480 935 1544 stadones
954 1478 1030 1566 ipsis
1052 1479 1214 1563 oppositos
1239 1479 1379 1546 habendi

339 1567 506 1632 materiem
522 1566 665 1652 prsebere
679 1577 799 1631 coectae
813 1564 955 1630 fuissent.
991 1615 993 1624 Α

381 1662 436 1719 34.
459 1652 550 1718 Dum
566 1665 672 1717 autem
687 1653 727 1716 ab
737 1653 822 1718 lsoste
831 1654 1041 1736 persequendo
1052 1664 1273 1733 reverteretur,
1286 1653 1381 1718 meri·

339 1739 451 1804 timam
468 1738 556 1803 Aaiae
569 1759 658 1802 oram
683 1737 801 1825 legens,
817 1736 858 1802 ad
875 1737 1010 1804 Notium
1027 1737 1305 1824 Colophoniorum
1329 1761 1382 1803 ur·

339 1825 413 1890 bem
434 1823 570 1909 appulit,
597 1824 653 1888 ubi
677 1823 870 1910 Colophonii
893 1823 1090 1902 babitabant,
1115 1826 1201 1910 quod
1224 1827 1382 1910 Colophon

339 1913 473 1995 speonsrn
485 1913 618 1996 antiquo
627 1912 751 1994 patrio,
764 1910 855 1976 ‘urbs
869 1912 979 1976 emnri
992 1912 1151 1988 remotior,
1166 1909 1208 1975 ab
1224 1909 1381 1992 ltemnne,

338 2011 371 2062 et
385 1997 528 2062 barbaris
551 2019 609 2082 per
626 1995 832 2062 domesticam
857 1995 1044 2062 seditionem
1058 1997 1099 2060 ab
1118 1999 1220 2061 odera
1233 2001 1382 2082 sectione

338 2083 458 2160 accitis,
485 2094 578 2169 cepta
602 2082 723 2148 fuisset.
770 2082 856 2147 Haec
881 2096 988 2148 autem
1014 2095 1108 2167 capta
1132 2081 1193 2146 fuit
1217 2105 1257 2147 eo
1281 2082 1382 2150 ferme

339 2182 575 2322 Ziplssrll?
591 2167 1382 2341 Piltttltt“lttt‘Lttlttttsstllt

339 2353 411 2407 orta
424 2338 531 2405 fuisset
545 2341 628 2406 inter
643 2340 725 2421 illos,
740 2341 796 2427 qni
811 2364 850 2406 eo
872 2340 1091 2427 confugerant,
1108 2352 1140 2406 et
1154 2354 1275 2407 veteres
1294 2342 1381 2406 urbis

339 2427 480 2504 colonos,
496 2426 565 2492 'elii
588 2427 719 2514 quidem
736 2428 910 2492 auxiliaret
926 2428 1046 2510 copies,
1061 2449 1141 2514 quss
1163 2449 1182 2491 a
1199 2425 1381 2504 Pissuthne‚

340 2526 373 2582 et
386 2517 427 2578 ab
442 2513 634 2590 Arcadibus,
650 2535 687 2578 ac
699 2513 843 2579 barbaris
854 2514 1092 2591 aceemiveraut,
1105 2515 1137 2578 in
1150 2515 1383 2579 munitionibus

339 2600 453 2666 urbem
478 2599 756 2684 intersepientibus
780 2598 951 2678 hebebant,
977 2612 1010 2664 et
1035 2599 1140 2664 illido
1160 2599 1383 2686 Colophoniis,¹

340 2687 397 2772 qui
418 2684 626 2774 profugerant
640 2709 681 2750 ex
697 2687 828 2772 ortuque
843 2689 957 2769 putria
979 2685 1068 2764 urbe,
1084 2707 1157 2770 qune
1179 2709 1199 2750 a
1214 2689 1293 2751 meri
1315 2699 1382 2752 eret

341 2772 504 2849 remotior,
530 2773 649 2858 quique
670 2770 778 2836 Medis
802 2771 954 2848 faverant,
981 2793 1055 2838 oum
1077 2771 1216 2858 ejusdem
1236 2772 1382 2840 sectionis

341 2857 524 2922 homiuibus
546 2865 584 2922 eo
601 2858 745 2944 ingressi,
766 2857 1010 2942 Rempublicsnr
1030 2855 1307 2926 administrabant.
1331 2860 1383 2924 alii

342 2965 428 3020 vero,
444 2943 500 3029 qui
514 2942 596 3007 clem
607 2945 674 3008 istis
684 2942 884 3031 aufugerent,
895 2957 927 3009 et
941 2946 994 3030 qui
1009 2943 1133 3009 exsules
1143 2961 1243 3020 erant,
1259 2943 1384 3011 Pacbe·
1449 2957 1452 2962 “

342 3043 408 3095 tem
434 3029 675 3094 accersiverunt.
719 3030 754 3094 Is
777 3043 896 3109 summ,
923 3052 996 3097 oum
1024 3029 1194 3116 Hippiam,
1213 3032 1383 3096 Arcadum
1486 3055 1487 3058 ¹

204 3189 213 3200 ,
343 3115 468 3191 ducem,
494 3116 549 3200 qui
574 3117 609 3180 in
632 3115 863 3182 munitionibus
886 3116 948 3181 illis
973 3116 1083 3181 urbem
1107 3118 1386 3203 intersaepientibus

342 3217 422 3279 erat,
440 3201 481 3268 ad
502 3200 697 3288 colloquium
720 3216 889 3279 evocasset,
905 3224 943 3267 ea
964 3201 1158 3278 conditione,
1182 3217 1228 3282 ut,
1252 3204 1280 3269 si
1305 3204 1389 3269 nihil
1486 3227 1487 3232 ¹

342 3287 482 3366 dixisset,
499 3287 586 3374 quod
601 3289 661 3353 sibi
675 3288 824 3372 placeret,
839 3311 913 3354 eum
929 3289 961 3352 in
977 3311 1049 3354 suas
1063 3291 1255 3355 munitiones
1270 3312 1384 3356 rursus

343 3374 465 3440 salvum
488 3388 521 3438 et
535 3396 647 3440 senum
665 3375 859 3440 restitueret:
886 3374 940 3438 ille
961 3375 1090 3461 quidem
1116 3375 1283 3460 adipsum
1310 3399 1384 3460 pro-

343 3459 446 3525 oessit.
491 3459 565 3546 lpse
591 3481 666 3527 sero
690 3481 763 3525 eum
788 3461 822 3524 in
847 3460 993 3526 custodie
1017 3462 1085 3525 sine
1106 3461 1241 3527 vinculis
1263 3466 1383 3528 servari

339 3545 452 3631 jussit3
477 3548 606 3612 hostium
628 3546 822 3612 munitiones
843 3559 973 3631 repente
993 3547 1134 3626 adunus,
1156 3549 1281 3635 illisque
1303 3551 1384 3615 nibil

343 3634 407 3698 tole
427 3633 696 3716 exspectantibus,
712 3633 808 3718 capit,
830 3645 863 3698 et
878 3632 1022 3698 Arcades
1042 3655 1081 3698 ec
1103 3633 1268 3714 berberes,
1291 3651 1387 3724 quot-

344 3730 423 3805 quot
437 3717 523 3786 intus
545 3733 646 3800 erent,
668 3718 795 3785 occidit.
841 3718 885 3784 Er
909 3717 1066 3806 Hippiam
1085 3735 1197 3806 'postea
1219 3723 1386 3789 introduc·

376 3869 449 3918 ‘Arx
467 3873 500 3918 sb
518 3871 628 3919 itsmnne
648 3877 693 3919 etc.
726 3871 798 3918 Vallo.
832 3872 895 3920 Urbs
917 3871 1025 3933 superior
1044 3879 1092 3922 etc.
1117 3873 1196 3934 StepA.
1232 3875 1280 3924 Sed
1298 3883 1385 3924 netues

348 3935 490 3994 Tlssnjdtdis
508 3943 617 3983 mentem
628 3937 725 3983 videtur
739 3941 892 3998 assequutus.
926 3935 992 3983 Naro
1010 3934 1104 3990 sistra
1122 3938 1268 3988 eimsrocst
1287 3937 1385 3993 srlsdsi

345 3998 477 4058 mma,
487 4001 589 4059 seilicet,
601 4007 708 4047 veterem
720 4001 895 4061 Colophonem.
912 4000 1034 4048 mort
1069 4003 1155 4050 Anus.

378 4067 390 4096 ¹¹
401 4065 450 4111 Alii
461 4065 570 4124 quidem,
581 4079 596 4112 n
607 4063 737 4110 Pissutltne
747 4067 872 4112 Arcadum
888 4073 913 4112 et
925 4067 1082 4114 babarorum
1093 4070 1192 4115 auxiliis
1208 4071 1302 4126 sedtis,
1314 4082 1383 4116 muro

345 4141 372 4176 se
382 4131 588 4188 intersepseruntr
608 4143 636 4176 tc
647 4141 705 4175 cum
716 4130 755 4184 iis,
767 4130 809 4188 qni
820 4130 1025 4190 colophoniorum
1038 4133 1186 4192 superiorem
1203 4135 1289 4182 urbem
1301 4141 1382 4181 tmen·

344 4200 383 4240 tes
407 4193 536 4240 Medorum
558 4193 634 4252 pertis
653 4199 732 4248 crant,
754 4194 887 4256 congressi,
910 4207 985 4243 unsus
1004 4197 1180 4258 rempublicam
1203 4199 1322 4246 iecesunt.
1341 4197 1379 4244 stu

347 4262 470 4318 sero,etc.
498 4257 605 4304 Aeacius.
627 4257 713 4304 lours.
