2996 4782
410 245 659 316 HlSTOliIAE
682 244 769 315 LlB.
794 248 820 314 l.
1092 261 1136 322 σε

109 436 172 483 nus
181 441 199 494 ς·
219 429 251 482 et
264 429 336 508 tum
346 441 405 486 nos
419 421 481 508 ipsi
493 421 563 488 sine
576 422 726 508 periodis
746 423 779 487 in
799 423 1137 509 posterumuiuamus,

109 517 170 573 tum
184 505 276 570 etiam
290 505 432 585 Grseeos,
446 508 479 572 in
494 508 677 574 servitutem
692 531 779 574 nuno
793 509 949 591 redactos,
961 511 999 576 in.
1008 512 1137 578 libertu-

109 601 166 674 tern
178 592 379 658 uiudioemus.
425 594 586 660 Corinthii
603 595 731 683 quidem
749 595 820 660 haeo
835 596 995 662 dixerunt.

147 685 215 746 ms.
242 677 476 745 Laoedoenronii
490 703 578 759 vero,
594 681 709 746 auditis
723 683 869 747 omnium
883 685 1056 764 sententiis,
1069 708 1138 752 om·

108 764 190 829 nibus
204 763 304 844 sociis,
325 769 381 853 qui
395 767 529 832 ederant
543 767 667 846 ordine,
685 771 797 856 majori
820 770 948 855 puriter,
965 784 997 836 et
1020 775 1136 840 minori

107 851 259 928 ciuitatis
368 855 388 918 ii
413 853 535 918 serendi
561 855 748 938 potestatem
771 854 925 922 fecerunt.
972 857 1016 923 Et
1035 864 1138 947 major

106 935 219 1002 illonmr
245 959 320 1025 pars
385 940 463 1004 llum
489 939 666 1029 gerandum
694 963 763 1006 esse
785 942 937 1009 decrevit.
981 943 1138 1022 Quamuis
1269 959 1275 970 '

106 1037 198 1088 eutem
214 1025 259 1089 illi
275 1023 338 1091 hoc
354 1027 440 1111 spud
455 1049 489 1091 se
508 1027 755 1107 constituissent,
771 1030 876 1094 statim
895 1041 1001 1096 temen
1018 1031 1136 1099 bellurn

106 1110 250 1197 suscipere
266 1135 330 1176 non
347 1127 530 1198 potuerunt,
547 1114 634 1202 quod
645 1117 926 1201 essentimparati:
949 1117 1005 1182 sed
1020 1119 1137 1205 singuli

106 1215 157 1274 res,
171 1219 239 1284 quoe
252 1197 358 1266 forent
373 1199 476 1281 utiles,
491 1200 662 1284 parendus,
679 1201 845 1266 necullsnn
858 1224 980 1268 moram
995 1204 1139 1291 interpo-

105 1283 228 1349 nendam
245 1301 448 1352 censuerunt.
494 1285 712 1352 Veruntamen
733 1287 767 1352 in
791 1287 854 1352 hoo
868 1311 976 1354 rerum
991 1311 1137 1358 necesss-

104 1370 210 1435 riarum
225 1387 382 1459 apparatu
392 1395 456 1438 non
473 1375 596 1462 integer
604 1395 707 1438 annus
719 1391 766 1440 est
781 1387 983 1441 consumtus:
1006 1380 1060 1444 sed
1076 1381 1136 1444 rni-

103 1471 358 1560 nuannntequem
373 1462 406 1524 in
423 1461 564 1525 Atticum
585 1459 810 1547 irrumperent,
834 1475 866 1526 et
887 1461 1005 1528 bellum
1026 1481 1136 1550 aperte

104 1564 165 1608 ww
216 1560 296 1611 rent.

142 1565 215 1698 tihi
234 1631 363 1698 luteres
380 1655 456 1699 vero
472 1631 611 1718 Legatos
632 1634 674 1700 ad
689 1633 902 1700 Athenienses
917 1636 1084 1718 miseruut,
1101 1649 1136 1704 ut

102 1715 137 1780 de
156 1717 280 1806 illorum
296 1719 421 1808 injuriis
435 1717 718 1808 conquererentur,
735 1734 770 1787 ut
816 1743 889 1787 uum
905 1725 1089 1788 maximam·
1103 1738 1135 1789 et

102 1805 352 1889 speciosissimam
368 1807 441 1874 belli
462 1807 593 1896 gerendi
606 1807 735 1873 oausam
757 1744 922 1888 haherent,
944 1809 970 1872 si
985 1809 1033 1876 illl
1047 1810 1136 1876 nulla

101 1889 129 1953 iu
143 1913 175 1955 re
188 1894 247 1958 sihi
268 1915 392 1958 morem
411 1917 523 1983 gerere
545 1894 726 1959 voluissent.
771 1897 819 1960 Ao
839 1895 983 1981 primum
1005 1895 1133 1982 quidem

101 1973 341 2059 Iaeedaemonit,
359 1979 495 2070 Legatis*
508 1981 550 2046 ad
565 1979 773 2046 Athenienses
789 1981 900 2060 missis,
923 1983 1134 2066 imperarunt,

100 2077 132 2128 ut
144 2063 221 2130 Deoe
236 2067 400 2152 piaculum
426 2067 501 2133 urbe
524 2067 687 2154 pellerent.
735 2066 901 2134 Piaculum
924 2089 999 2132 vero
1025 2067 1135 2154 hujus·

99 2150 179 2216 modi
193 2154 264 2217 luit.
305 2151 410 2254 Cylon
423 2157 548 2240 quidum
560 2153 766 2222 Atheniensis
782 2155 851 2232 fuit,
864 2155 923 2229 vir,
937 2155 1035 2240 quiin
1053 2154 1134 2221 ludis

99 2233 288 2326 Olympiacis
311 2257 441 2318 rtoerst,
458 2241 541 2308 iuter
555 2257 676 2306 veteres
698 2254 729 2306 et
748 2242 873 2328 generis
894 2239 1061 2306 nobilitate
1075 2241 1134 2306 flo-

99 2343 173 2403 rens,
196 2340 227 2390 et
252 2327 370 2412 opibus
414 2340 514 2393 utens.
561 2327 705 2396 Uxorem
733 2339 837 2393 autem
871 2327 1009 2392 duxerat
1035 2327 1132 2394 liliam

98 2407 281 2500 Theogenis,
306 2413 367 2477 uiri
433 2438 450 2478 e
492 2413 601 2490 reneis,
629 2416 685 2501 qui
710 2426 786 2479 tuno
811 2412 954 2502 Megaris
979 2427 1134 2501 tyrannus

11 2569 13 2578 s
97 2511 167 2562 erat.
212 2499 297 2566 Cum
319 2513 425 2566 sutem
443 2437 547 2588 dilon
568 2501 705 2586 Delphis
724 2499 890 2566 oraculum
911 2500 1132 2579 consuluisset,

96 2580 179 2650 Deus
193 2588 258 2669 ipsi
272 2587 447 2672 respondit,
461 2600 496 2652 ut
507 2587 715 2652 celeberrimo
728 2587 818 2652 Jovir
832 2587 884 2652 die
898 2586 978 2652 festo
989 2587 1133 2654 Athena·

11 2681 12 2686 ’
96 2689 161 2734 rum
176 2693 282 2738 arcem
298 2689 482 2761 occuparet.
528 2673 588 2740 Ille
601 2696 688 2755 vero,
703 2673 841 2759 acceptis
855 2697 875 2738 a
890 2671 1065 2761 Thengene
1079 2697 1133 2740 co·

117 2757 159 2838 is,
174 2772 207 2825 et
220 2759 334 2825 amicis
348 2762 517 2846 persuasis,
532 2759 588 2826 ubi
611 2759 810 2826 advenerunt
825 2756 990 2846 Olympia,
1006 2781 1079 2847 quoe
1099 2762 1131 2827 in

94 2777 317 2932 ieloponneso
331 2847 544 2925 celebrentur,
564 2847 650 2912 urbis
659 2869 764 2911 aroem
778 2847 955 2931 occupavit,
974 2861 1009 2911 ut
1024 2859 1133 2932 tyran-

93 2929 195 2997 nidem
210 2933 273 2997 sibi
288 2949 435 3020 pareret:
458 2934 611 3020 tumquia
625 2932 770 3019 putebat,
785 2935 865 2996 hunc
875 2955 942 2997 esse
957 2934 1130 2998 maximum

93 3015 176 3084 illum
192 3020 286 3086 Joris
302 3019 386 3086 diem
402 3019 536 3097 lestum3
558 3021 736 3085 tumetium
752 3019 828 3106 quia
842 3017 884 3083 nd
899 3042 942 3096 se,
958 3021 1013 3106 qui
1034 3019 1069 3086 in
1084 3019 1132 3086 lu·

92 3099 139 3168 dis
164 3106 366 3193 Olympiacis
391 3107 492 3172 victor
512 3106 628 3185 luisset,
651 3105 798 3170 nonnihil
816 3105 975 3254 pprtinere
995 3107 1132 3172 ducebas.

95 3195 153 3262 Sed
176 3213 286 3262 utrum
313 3196 345 3259 in
371 3195 490 3272 Attice,
518 3215 558 3258 an
580 3193 702 3278 uspiam
723 3192 798 3256 slibi
845 3191 873 3254 'e
893 3192 1050 3256 maximus
1065 3191 1132 3256 dies

91 3281 181 3348 sertus
196 3307 217 3347 α
235 3285 309 3348 Deo
323 3281 427 3346 dictus
440 3280 558 3357 luisset,
574 3301 633 3344 nec
647 3279 714 3364 ipse
737 3293 814 3342 tunc
828 3277 1062 3356 animadvertit,
1078 3299 1134 3342 ne·

89 3385 150 3456 que
163 3369 332 3435 oraculum
348 3367 529 3434 declararit.
575 3365 659 3431 Nam
676 3363 763 3450 apud
781 3363 992 3428 Athenienses
1007 3385 1134 3450 quoqne

91 3471 160 3522 sunt
174 3457 303 3534 Dissio,
320 3477 392 3540 quse
407 3454 567 3519 maximus
581 3453 669 3517 Jovis
680 3449 820 3516 Milichii
831 3451 898 3515 dies
907 3450 1005 3515 festus
1017 3471 1133 3516 vooan-

92 3557 152 3623 tur,
168 3554 198 3608 et
208 3553 306 3608 extra
315 3543 426 3605 urbem
438 3541 639 3605 celebrantur.
685 3538 725 3603 ln
736 3559 802 3624 quo
813 3559 853 3600 ex
865 3537 953 3601 omni
966 3535 1131 3602 hominum

91 3651 214 3714 genere,
233 3642 340 3706 rotate,
357 3639 389 3692 et
399 3627 583 3692 conditione
596 3624 686 3689 multi
698 3623 866 3716 immolant
880 3645 945 3690 non
961 3645 1061 3701 umas,
1077 3623 1132 3688 sed

91 3739 130 3782 ex
143 3715 258 3782 sannas
280 3715 421 3780 subactae
442 3735 543 3778 massa
556 3711 702 3779 victimas
723 3713 763 3775 ad
783 3731 929 3774 verarum
951 3709 1132 3780 similitudi-

90 3823 160 3868 nern
177 3803 291 3880 factas,
308 3802 424 3887 quibus
440 3800 601 3886 indigene
619 3801 663 3863 uti
689 3797 845 3862 solebant.
891 3796 954 3861 Sed
970 3819 1044 3861 cum
1059 3817 1133 3862 oru-

90 3893 150 3956 euli
163 3894 225 3957 uim
240 3913 277 3954 se
291 3899 377 3954 recte
391 3885 567 3988 intelligere
577 3885 783 3962 existimaret,
799 3904 880 3968 opus
890 3896 939 3948 est
953 3905 1131 3972 aggressus.

92 3975 187 4053 Quod
199 3989 372 4063 postquam
389 3972 600 4039 Athenienses
614 3982 816 4055 acceperunt,
834 3968 970 4034 universi
984 3992 1026 4034 ex
1048 3970 1133 4058 agris

86 4077 318 4130 'concurrentes
325 4082 419 4147 opem
433 4059 626 4144 Respublica
636 4072 748 4123 contra
757 4059 834 4122 istos
841 4056 993 4133 tulerunt,
1005 4057 1132 4122 eastris-

92 4171 150 4235 que
162 4150 279 4238 positis
294 4147 439 4214 obsidere
453 4157 630 4234 coeperunt.
678 4143 741 4210 Sed
767 4165 839 4208 cum
856 4154 982 4228 tempus
1007 4154 1132 4227 protra-

92 4241 231 4322 heretur,
251 4237 461 4304 Athenienses
478 4231 578 4299 attriti
593 4232 744 4297 diuturne
764 4229 941 4310 obsidione,
958 4250 1074 4316 magns
1088 4249 1130 4291 ex
