2990 4792
335 261 396 318 104
696 253 1001 324 THUCYDlDlS

237 439 298 489 ueta
332 425 518 508 atrocitatis,
543 443 640 514 prout
669 429 840 514 unicuique
870 429 990 516 aliquid
1020 427 1182 494 accidebat
1210 430 1365 496 diversam

120 524 123 533 '
227 508 309 620 9⁶¹⁰&
332 513 372 576 ab
387 535 437 592 eo,
453 513 539 601 quod
562 515 655 580 alteri
677 515 909 602 contingebat)
924 516 1058 581 omnino
1080 517 1186 600 specie
1205 517 1276 583 talis
1296 517 1365 582 fuit.

218 586 317 697 ὄζω
334 599 376 664 Et
392 615 469 665 tunc
490 602 643 688 temporis
663 602 770 667 nullus
793 603 873 667 alius
894 603 1013 668 morbus
1034 623 1076 668 ex
1099 605 1257 669 consuetis
1271 604 1366 669 Atte-

228 699 306 764 θη.
331 689 451 754 aienses
464 687 644 756 infestabat.
667 688 753 776 quod
776 689 802 751 si
824 691 895 776 quis
916 689 1107 769 exoriretur,
1123 690 1156 754 ia
1180 689 1266 754 huno
1287 690 1366 756 desi-

232 765 261 874 g·
274 766 301 812 ⁰·
331 773 437 842 nebat.
485 774 709 840 Moriebantur
724 789 842 852 sutem,
854 775 910 840 alii
933 777 1066 853 incuria,
1083 775 1137 839 alii
1153 797 1238 854 vero,
1255 777 1304 842 vel
1319 777 1367 841 di-

236 844 302 960 ᾗ·
329 859 536 949 ligentissime
557 865 671 926 curati.
716 861 786 926 Nec
802 861 902 927 ullum
914 885 1048 948 prorsas
1062 863 1248 942 remedium,
1267 875 1302 928 ut
1322 863 1365 929 ita

330 945 454 1034 loquar,
474 965 636 1033 repertum
659 961 716 1026 est,
739 949 827 1036 quod
848 947 1027 1014 adhibitum
1051 947 1224 1033 prodesset.
1270 948 1364 1028 Quod

329 1035 415 1100 enim
445 1035 536 1101 alteri
565 1035 739 1122 profuerat,
768 1035 831 1100 hoc
860 1037 963 1122 ipsum
993 1034 1085 1101 altari
1114 1035 1265 1102 nocebm:
1296 1036 1368 1102 nul·

328 1119 459 1209 lamque
480 1144 610 1208 corpus,
622 1123 686 1187 sive
700 1122 813 1200 firmae,
829 1122 894 1187 sive
908 1122 1046 1186 infirmia
1065 1121 1256 1187 valetudinis
1277 1137 1364 1202 esset,

329 1212 407 1273 tanti
432 1209 506 1274 mali
530 1209 688 1275 violentiae
711 1208 855 1274 resistere
877 1209 1002 1294 potuita
1030 1209 1086 1274 sed
1108 1210 1216 1273 omnia
1236 1209 1364 1310 pariter,

329 1294 380 1360 val
402 1319 449 1372 ea,
467 1319 540 1384 quae
562 1296 649 1360 omni
673 1296 773 1360 victus
795 1295 1145 1374 ratione-curabantur,
1164 1295 1365 1381 corripiebat.

329 1381 414 1446 lllud
430 1405 505 1447 vero
519 1383 553 1446 in
573 1399 642 1448 toto
663 1383 725 1448 boc
746 1380 831 1448 malo
849 1383 1074 1472 gravissimum
1088 1397 1168 1462 erat,
1184 1399 1251 1447 tum
1268 1383 1366 1469 quod,

328 1467 423 1532 simul
446 1491 483 1534 ae
505 1470 576 1556 quis
599 1491 632 1534 se
655 1469 768 1534 morbo
790 1486 975 1554 correptum
996 1469 1151 1546 sensisset,
1167 1469 1276 1534 animo
1290 1492 1366 1534 eon·

327 1567 531 1634 sterneretur,
548 1556 667 1708 {statim
682 1555 767 1621 enirn
787 1558 897 1621 animo
918 1557 959 1620 ad
981 1555 1092 1621 salutis
1114 1555 1366 1642 desperationem

327 1643 480 1721 conversi,
497 1659 597 1708 muto
613 1643 761 1732 mugisse
780 1645 865 1730 ipsos
887 1641 1108 1729 projiciebant,
1125 1663 1229 1730 neque
1243 1643 1368 1708 resiste·
1489 1641 1490 1676 ³

327 1728 430 1810 bant)
448 1745 514 1796 tum
536 1733 641 1808 etiam,
657 1730 743 1816 quod
770 1751 827 1816 pro
850 1744 898 1795 ter
921 1729 998 1795 mali
1018 1729 1253 1818 contagionem,
1270 1751 1367 1814 quam

327 1815 407 1880 alter
428 1839 470 1883 ex
490 1816 619 1884 alterius
641 1808 808 1882 curatione
828 1751 1008 1897 bauriebat,
1026 1815 1106 1882 adeo
1128 1829 1164 1880 ut
1186 1838 1227 1880 ex
1248 1837 1287 1880 ea
1308 1839 1368 1902 op-

326 1901 478 1986 pleretur,
493 1916 646 1991 tanquam
668 1905 804 1989 pecudes
826 1917 1038 1972 morerentur.
1083 1904 1194 1990 Atque
1214 1901 1286 1968 haec
1306 1901 1368 1969 fuit

326 1991 491 2077 praecipua
522 1992 670 2056 maxima
699 1991 812 2079 stragis
842 2013 945 2056 causa.
980 1989 1046 2055 sive
1075 1989 1160 2054 euim
1190 1988 1367 2056 noluissent

326 2090 414 2141 metu
432 2077 580 2142 deterriti
594 2093 705 2142 mutuo
727 2099 760 2142 se
783 2077 928 2154 invisere,
944 2076 1062 2142 deserti
1083 2075 1268 2155 interibant,
1283 2075 1369 2141 mul-

327 2175 433 2250 taeque
457 2163 586 2230 familia
616 2177 746 2250 propter
776 2165 916 2250 inopiam
944 2163 1121 2240 bominum,
1148 2163 1204 2249 qui
1227 2177 1368 2264 oegrotos
1488 2205 1490 2258 ὲ

326 2264 485 2328 curarent,
508 2249 673 2316 exhaustae
695 2263 786 2315 sunt:
814 2253 879 2316 sive
899 2252 995 2315 alteri
1015 2253 1059 2314 ad
1079 2253 1194 2315 alteror
1215 2246 1366 2329 adissent,

326 2336 508 2402 interibant.
537 2339 700 2424 praecipue
715 2358 790 2402 vero
803 2337 860 2423 qui
875 2337 1014 2424 aliquam
1030 2337 1155 2403 virtutis
1168 2347 1292 2422 partem
1307 2335 1368 2402 sibi
1488 2353 1490 2410 t

326 2421 548 2488 vendicabant.
593 2423 679 2490 Nam
702 2445 771 2508 prae
784 2423 908 2510 pudore
922 2423 983 2488 sibi
997 2425 1073 2510 ipsis
1091 2445 1157 2487 non
1177 2422 1365 2524 parcebant,

326 2509 403 2574 dum
420 2510 451 2574 in
468 2511 644 2576 amicorum
661 2511 745 2575 redes
760 2509 1028 2598 ingrediebantur,
1045 2521 1081 2575 ut
1100 2532 1154 2576 eoa
1174 2509 1367 2587 inviserent3

326 2595 482 2680 siquidem
495 2598 544 2662 vel
556 2597 615 2683 ipsi
627 2596 794 2662 domestici
806 2596 935 2662 tandem
946 2595 1226 2662 lamentationibus
1241 2617 1369 2679 eorum,

326 2683 382 2768 qui
398 2684 626 2760 moriebantur,
643 2682 816 2770 defatigati,
833 2706 898 2750 non
914 2683 1052 2768 amplius
1069 2682 1367 2766 commovebantur,

326 2768 403 2832 mali
418 2770 570 2836 violentia
583 2771 734 2856 superati.
773 2770 824 2835 Illi
841 2784 959 2852 tamen,
973 2771 1028 2856 qui
1043 2783 1217 2847 evaserant,
1230 2785 1261 2834 et
1277 2791 1366 2852 eam,

325 2855 381 2940 qui
412 2857 617 2932 moriebatur,
645 2869 677 2920 at
703 2879 788 2935 eum,
816 2858 871 2944 qni
901 2857 1077 2934 laborabat,
1109 2857 1208 2944 magis
1233 2856 1366 2921 misera·

327 2941 460 3020 bantur3
482 2955 550 3008 tum
566 2943 653 3031 quod
669 2943 731 3008 boc
747 2943 864 3008 malurn
881 2943 970 3029 prius
984 2943 1109 3028 experti
1123 2956 1365 3030 cognoscerent,

324 3029 498 3096 tumetium
515 3031 600 3117 quod
617 3030 675 3115 ipsi
692 3031 723 3093 in
740 3031 1013 3116 tutojamesaant.
1052 3029 1120 3095 Hic
1134 3029 1219 3094 enim
1235 3030 1370 3095 morbus
1489 3065 1490 3076 2

324 3114 458 3180 eundem
484 3116 531 3181 bis
545 3139 609 3180 uon
625 3115 827 3201 corripiebat,
844 3118 888 3182 ita
903 3133 938 3181 ut
952 3137 1025 3181 eum
1041 3118 1136 3182 etiam
1156 3116 1367 3183 interimeret.
1489 3115 1490 3198 l

325 3201 369 3267 Et
382 3201 425 3267 ab
439 3203 511 3268 aliis
531 3203 613 3268 beati
637 3203 857 3283 censebantur,
873 3203 996 3290 ipsique
1018 3218 1149 3289 propter
1171 3216 1367 3286 praesentem

323 3287 431 3356 salutis
461 3291 631 3375 insperatae
660 3289 802 3354 laetitiam
838 3290 1044 3366 exsultantes,
1074 3289 1235 3376 quandam
1265 3291 1366 3355 etism

322 3373 424 3440 levem
446 3399 535 3460 spem
557 3375 728 3453 habebant,
752 3398 785 3440 se
808 3399 847 3442 ne
868 3376 932 3441 alio
955 3376 1084 3461 quidem
1104 3379 1169 3440 ullo
1190 3375 1308 3442 morbo
1331 3377 1367 3442 in

322 3475 487 3546 posterum
501 3463 638 3546 amplius
653 3484 793 3549 unquam
809 3462 992 3528 absumtum
1008 3463 1058 3528 iri.

366 3557 419 3614 52.
444 3547 534 3632 Ipsos
550 3562 668 3626 autem,
685 3567 804 3635 prietes
819 3550 975 3629 laborem,
990 3572 1055 3637 quo
1070 3550 1138 3635 jam
1153 3550 1368 3628 vexabuntur,

322 3634 394 3717 ipsa
414 3657 544 3720 quoque
562 3657 663 3700 rerum
684 3657 725 3701 ex
748 3637 831 3737 agris
853 3640 887 3701 in
909 3636 1011 3701 arbem
1031 3637 1256 3722 comportatio,
1279 3659 1366 3722 praa·

322 3720 416 3804 cipue
446 3743 523 3786 vero
552 3724 690 3798 anticos,
720 3744 776 3808 qut
805 3725 839 3787 in
868 3746 935 3788 eam
967 3723 1201 3798 confluxerant,
1233 3727 1367 3806 prasius

321 3807 446 3890 pressit.
492 3809 576 3873 Cum
600 3809 685 3872 enim
713 3828 776 3872 non
804 3822 907 3874 essem
931 3809 1026 3887 aedes,
1050 3809 1105 3874 sed
1131 3809 1164 3874 iu
1192 3809 1365 3896 tuguriolis

323 3893 467 3959 estuosis
495 3895 538 3960 ob
566 3894 643 3960 anni
672 3907 798 3981 ternpus
826 3895 1022 3973 habitarent,
1048 3907 1168 3998 strages
1192 3895 1363 3972 edebatur,

321 3979 412 4044 nullo
427 3980 558 4046 ordine:
583 3981 757 4066 quissetiam
772 3982 826 4046 alii
842 4005 937 4068 super
951 3981 1029 4048 alios
1046 3995 1226 4060 morientes,
1241 3983 1366 4050 mortui

315 4065 484 4151 jacebant3
515 4081 546 4132 et
571 4069 606 4132 in
631 4070 700 4144 viis,
723 4083 756 4132 et
779 4071 864 4134 circa
885 4068 991 4134 fontes
1014 4091 1135 4146 omnes,
1163 4091 1254 4156 aquae
1278 4069 1363 4134 daei·

319 4153 419 4230 derio,
436 4156 632 4219 semimortui
649 4157 882 4219 volutabuntur.
929 4155 972 4220 Et
988 4155 1116 4240 templa,
1134 4155 1166 4220 in
1183 4155 1300 4242 quibus
1314 4168 1364 4221 ta-

318 4241 490 4311 bernacula
519 4241 685 4310 habitandi
716 4263 811 4308 causa
839 4241 990 4322 fecerant,
1016 4241 1224 4314 cadaveribus
1254 4241 1357 4315 boni-
