2996 4782
321 283 364 344 96
682 278 988 351 THUCYDIDIS

316 447 393 535 quia
406 470 446 514 ex
461 449 585 516 minore
599 473 733 517 numero
748 453 820 519 XX
844 477 938 520 nares
954 455 1197 542 Corcyraeorum
1213 454 1246 519 in
1261 455 1353 520 hoste

315 536 536 620 persequendo
557 551 721 622 occupatis
751 539 893 604 aberant.
949 540 1158 606 Athenienses
1179 562 1256 604 vero
1278 561 1351 606 eum

318 618 507 706 Corcyraeos
526 624 628 707 premi
643 625 797 704 viderent,
820 627 887 726 jam
906 627 1010 690 minus
1031 626 1267 691 dissimulanter
1287 629 1354 691 iliis

315 727 410 790 opem
432 707 589 772 tuterunts
612 711 751 794 primum
774 712 902 797 quidem
925 711 966 776 eb
987 714 1074 776 omni
1093 713 1136 776 im
1161 713 1299 776 sessione
1317 713 1351 775 in

314 793 513 858 adversarios
542 793 686 860 facienda
715 795 775 860 sibi
803 809 1026 882 temperantes.
1181 811 1351 882 postquem

317 879 475 963 Corcyraei
496 881 528 944 in
550 879 657 966 fugam
681 893 834 966 apertam,
858 885 1038 967 minimeque
1058 883 1181 947 dubiem
1203 905 1237 947 se
1257 883 1354 948 dede·

315 976 401 1040 runt,
424 976 456 1028 et
485 965 646 1030 Corinthii
668 969 734 1031 illis
745 967 862 1032 instare
883 980 1059 1051 coeperunt,
1076 982 1152 1032 tunc
1164 990 1239 1033 vero
1255 989 1351 1032 unus-

315 1049 450 1134 quisque
477 1073 608 1118 manum
637 1051 677 1116 ad
707 1073 790 1136 opus
819 1053 970 1130 admovit,
1000 1075 1059 1119 nee
1087 1053 1187 1118 ullum
1216 1054 1354 1138 amplius

315 1147 384 1199 erat
405 1135 594 1201 discrimem
624 1137 679 1202 sed
693 1161 732 1201 eo
747 1139 940 1203 necessitatis
954 1152 1027 1203 sunt
1046 1137 1213 1223 compulsi,
1229 1153 1266 1204 ut
1287 1141 1352 1204 Co-
1374 1217 1377 1223 ⁴

315 1220 425 1284 riuthii
439 1236 472 1287 et
488 1221 697 1287 Athenienses
712 1224 794 1288 inter
807 1245 842 1288 se
855 1245 969 1288 manus
983 1239 1194 1289 consererent.

359 1315 410 1372 60.
438 1307 501 1373 Sed
516 1310 612 1372 versis
634 1309 666 1372 in
688 1307 797 1394 fugem
814 1309 967 1384 hostibus,
985 1309 1145 1374 Corinthii
1168 1310 1274 1374 alveos
1294 1332 1352 1374 nu-

314 1392 410 1468 vium,
424 1415 502 1478 quas
517 1393 743 1470 demerserant,
754 1393 903 1482 religatos
917 1417 982 1458 non
997 1407 1177 1459 traxerunt:
1200 1409 1233 1460 at
1248 1409 1352 1460 trans·

315 1493 493 1559 currentes,
508 1478 547 1542 ad
564 1481 709 1544 homines
731 1481 836 1562 potius
850 1481 1064 1562 trucidandos,
1080 1503 1175 1566 quam
1193 1482 1280 1544 vivos
1296 1501 1349 1544 ca-

314 1563 457 1662 piendos,
470 1586 504 1628 se
518 1579 750 1630 converterunt.
797 1565 841 1630 Et
855 1587 928 1630 suos
939 1566 1056 1630 amicos
1066 1587 1124 1650 per
1139 1566 1351 1654 ignorantiam

314 1648 639 1736 interficiebantquia
648 1650 727 1728 illos,
735 1651 789 1737 qui
799 1653 831 1715 in
841 1650 956 1716 dextro
964 1673 1065 1715 cornu
1077 1665 1177 1728 erant,
1188 1666 1354 1737 superatos

313 1731 408 1799 iubae
423 1735 614 1800 nesciebant.
647 1735 817 1801 Nemeum
835 1737 943 1801 multae
958 1753 1061 1802 essent
1077 1750 1285 1823 utrorumque
1297 1757 1353 1800 na-

314 1841 377 1897 res,
387 1835 419 1884 et
430 1820 492 1885 late
502 1843 588 1886 mare
602 1834 810 1905 occuparent;
832 1837 1000 1908 postquam
1013 1844 1126 1887 manus
1136 1823 1220 1886 inter
1231 1844 1264 1884 se
1275 1841 1353 1886 con·

314 1921 491 1982 seruerunt,
506 1929 571 1972 non
583 1905 675 1972 facile
689 1907 723 1971 di
748 1929 876 1971 noscere
890 1921 1049 1992 poterant,
1058 1909 1187 1994 quinam
1204 1907 1351 1983 victores,

315 2005 370 2055 sut
395 1993 450 2078 qui
475 1994 549 2057 victi
575 2006 688 2058 essent.
774 2013 812 2056 oc
838 1993 922 2056 enim
946 1993 1059 2058 navale
1082 1993 1231 2078 proelium
1257 1993 1352 2058 Grae·

314 2097 435 2152 corum,
456 2099 529 2142 cum
554 2079 678 2143 Graecis
699 2079 914 2154 commissum,
939 2080 1064 2143 narium
1089 2099 1221 2142 numero
1243 2079 1354 2142 omnia

314 2163 475 2246 superiora
491 2162 587 2250 longe
601 2165 768 2247 superavit.
814 2162 972 2226 Corinthii
986 2185 1071 2241 vero,
1085 2176 1253 2248 postquam
1271 2161 1355 2227 Cur·

315 2267 438 2331 cyraeos
452 2248 492 2311 ad
510 2263 626 2312 terram
641 2270 743 2334 usque
760 2262 834 2312 sunt
856 2249 1048 2334 persequuti,
1066 2249 1105 2312 ad
1121 2252 1253 2312 navium
1267 2246 1353 2335 frag-

314 2348 432 2408 menta,
448 2334 634 2419 tabulasque
648 2332 854 2419 colligendas,
867 2349 898 2397 et
912 2333 952 2397 ad
969 2355 1100 2397 suorum
1116 2333 1270 2397 cadavera
1285 2355 1353 2397 sus·

314 2417 462 2502 cipiends
476 2441 509 2483 se
523 2431 760 2483 converterunt.
812 2417 855 2482 Et
870 2419 1011 2482 maxima
1026 2441 1135 2484 eorum
1152 2430 1244 2501 parte
1259 2419 1353 2502 potiti

315 2515 398 2579 sunt,
425 2505 471 2568 ita
496 2517 532 2569 ut
557 2527 594 2568 ea
617 2505 658 2567 ad
685 2503 805 2589 Sybota
829 2506 1070 2588 comportarint,
1096 2525 1160 2588 quo
1188 2516 1355 2568 terrestres

314 2589 523 2653 barbarorum
539 2590 642 2674 copioe
655 2589 696 2652 ad
710 2609 803 2672 opem
819 2590 894 2671 ipsis
905 2587 1068 2654 ferendam
1084 2601 1246 2652 venerant.
1294 2590 1355 2674 Sy·

314 2673 391 2738 bota
420 2687 524 2738 autem
554 2688 603 2739 est
626 2674 766 2738 desertus
789 2673 1009 2758 Thesprotidis
1034 2686 1154 2759 portus.
1216 2673 1295 2739 Hac
1321 2695 1355 2738 re

369 2771 413 2834 ta,
436 2781 544 2824 rursus
566 2759 690 2824 collecti
714 2758 902 2846 Coreyraeos
923 2761 1034 2843 irffesta
1059 2762 1154 2822 classe
1179 2760 1354 2843 petierunt.

336 2843 370 2907 ili
392 2865 469 2908 vero
491 2865 563 2908 cum
585 2847 648 2908 suis
668 2844 811 2922 navibus,
833 2865 905 2930 qum
927 2846 965 2907 ad
990 2845 1222 2932 navigationem
1246 2843 1357 2909 adhuc

315 2941 408 2992 erent
421 2939 516 3012 aptoe,
533 2943 565 2993 et
579 2940 736 3014 quotquot
750 2942 841 2993 erant
856 2928 997 3015 reliquae,
1014 2950 1163 2992 unacum
1181 2929 1308 3003 Atticis,
1324 2943 1357 2994 et

316 3015 377 3098 ipsi
392 3013 504 3078 infesta
518 3015 615 3079 classe
630 3014 754 3077 obviam
772 3015 848 3078 iusti
868 3014 1067 3097 prodierunt,
1083 3014 1184 3090 veriti,
1201 3035 1243 3077 ue
1255 3015 1307 3078 ilii
1322 3017 1355 3079 in

317 3120 411 3163 suum
426 3121 539 3187 agrum
553 3099 742 3164 descendere
756 3113 958 3164 conarentur.
994 3100 1067 3164 Jam
1084 3111 1189 3162 eutem
1206 3112 1275 3163 erat
1289 3099 1356 3166 diei

317 3205 424 3248 serum
446 3185 649 3271 ¹’clamorque
665 3183 807 3248 militaris
821 3184 861 3248 ad
878 3204 1065 3249 coneursum
1083 3183 1225 3248 sublatus
1238 3183 1356 3262 fuerat,

317 3291 416 3356 quum
439 3270 597 3336 Corinthii
620 3283 750 3354 repente
775 3269 808 3332 in
834 3271 968 3354 puppim
995 3270 1150 3355 remigare
1172 3285 1355 3352 creperum,

318 3354 392 3418 XX
414 3377 509 3420 nares
530 3355 770 3420 Atheniensium
791 3369 903 3418 contra
918 3375 951 3417 se
966 3356 1151 3439 navigantes
1165 3357 1356 3439 conspicati,

317 3461 396 3539 ques
412 3455 482 3522 post
495 3441 565 3504 ilias
579 3439 687 3504 decem
709 3440 831 3523 priores
854 3441 1003 3502 miserant
1022 3440 1244 3516 Athenienses,
1262 3443 1358 3506 veriti

318 3525 378 3609 (td,
402 3525 488 3610 quod
515 3525 655 3606 accidit)
678 3547 719 3589 ne
749 3523 908 3609 Corcyraei
936 3525 1147 3599 vincerentur,
1178 3545 1258 3589 neve
1288 3549 1360 3590 suae

317 3610 429 3674 decem
458 3608 522 3674 illae
550 3631 644 3673 nares
673 3610 715 3674 ob
744 3611 867 3673 numeri
897 3609 1085 3692 paucitatem
1115 3607 1156 3671 ab
1191 3609 1254 3673 iliis
1287 3613 1357 3675 rim

317 3694 505 3780 propulsare
520 3717 583 3758 non
600 3708 737 3778 possent.

252 3829 258 3836 .
362 3789 414 3844 51.
441 3779 602 3844 Corinthii
616 3781 713 3865 igitur
736 3779 792 3842 has
807 3789 929 3842 mature
941 3779 1124 3862 conspicati,
1141 3790 1174 3844 et
1192 3802 1258 3844 non
1274 3796 1359 3868 quot

318 3864 499 3941 cernebant,
512 3865 565 3929 sed
581 3865 687 3950 plures
704 3863 837 3927 Athenis
852 3865 957 3926 venire
972 3865 1131 3947 suspicati,
1142 3867 1258 3928 sensim
1270 3885 1359 3932 retro

318 3950 406 4013 abire
419 3965 594 4034 coeperunt.
640 3950 685 4014 At
709 3948 872 4032 corcyraei
891 3969 943 4010 eas
962 3969 1027 4011 non
1048 3949 1207 4026 videbant,
1235 3953 1359 4035 (venie-

318 4035 398 4099 bant
411 4036 495 4098 enim
512 4037 596 4100 unde
617 4032 780 4097 manifeste
798 4033 838 4094 ab
853 4033 928 4112 ipsis
949 4035 1089 4117 conspici
1109 4055 1175 4098 non
1193 4041 1359 4119 poterant)

392 4205 555 4266 tEtpaeaua,
569 4214 685 4266 tanquam
696 4201 856 4263 congressuri,
867 4202 1010 4250 cecinerant
1043 4205 1153 4254 dmciar.
1187 4208 1276 4256 Hune.
