2964 4786
233 309 237 320 '
348 315 412 374 384
673 359 678 370 .
715 308 1022 378 THUCYDIDIS

251 487 315 536 usu
345 477 548 564 potentimes,
566 491 701 569 utroque
714 479 777 547 boc
798 481 1241 568 incnrnmcdnprcmnntnn)
1267 493 1392 567 etpro-

235 629 268 662 sn
290 615 320 665 1,
346 578 456 650 pterea
470 566 641 653 Syracusas
655 567 774 632 damno
796 568 924 655 quidem
940 567 1022 633 affici
1037 568 1136 653 cupit,
1154 580 1189 632 ut
1203 569 1304 632 simus
1321 587 1393 632 mn-

231 647 331 742 ory'mp'.
346 651 508 733 destiores,
523 655 704 774 superstites
719 669 826 718 tamen
841 677 920 734 esse,
936 666 1066 740 propter
1081 675 1169 717 suam
1186 655 1288 740 ipsius
1303 657 1392 718 inco-

242 745 318 794 ⁹l·2·
346 737 534 816 lumitatem,
584 739 610 804 is
639 761 705 805 non
735 739 947 806 humanarum
978 741 1095 805 virium
1124 761 1213 826 spem
1240 741 1393 826 concipit.

244 809 276 922 ξ·
289 811 318 860 ⁰·
349 823 434 888 Fieri
448 825 532 890 eninr
548 847 613 892 non
627 837 742 911 potest,
759 840 795 891 ut
809 826 892 891 idem
907 826 1001 892 simul
1016 839 1047 891 et
1061 827 1181 912 pariter
1196 849 1265 891 snae
1278 827 1393 891 volun-

254 889 316 990 εἲ
347 910 420 976 tatis
442 923 538 997 utque
558 910 696 978 fortunas
714 913 757 976 sit
777 911 904 978 arbiter.
949 911 1061 992 Quare
1081 913 1108 976 si
1131 911 1305 978 frustretur
1323 913 1395 997 opi-

346 997 452 1074 nione,
465 998 524 1064 ¹ob
535 1020 593 1064 sus
608 999 706 1084 ipsius
722 999 805 1063 mala
820 998 1012 1084 deploratus,
1023 1021 1134 1083 seroque
1148 1002 1264 1063 damno
1276 1001 1393 1075 dorm,

346 1081 479 1148 fortasse
500 1087 579 1150 meis
594 1086 688 1150 etiam
710 1085 802 1150 bonis
816 1084 989 1176 aliqnando
1007 1107 1125 1159 rursus,
1142 1095 1177 1149 ut
1193 1087 1299 1168 prius,
1314 1086 1394 1149 inri-

347 1169 423 1234 dere
437 1171 553 1257 cupiet.
601 1172 663 1237 Sed
683 1170 746 1236 hoc
768 1171 962 1256 impossibile
982 1169 1078 1236 fuerit
1091 1171 1131 1248 ei,
1148 1173 1203 1256 qui
1225 1193 1284 1235 nos
1305 1171 1393 1236 dese-

348 1257 457 1334 ruerit,
473 1259 575 1343 etqui
589 1257 711 1335 eadem,
727 1279 793 1323 non
809 1257 850 1322 de
866 1257 980 1332 verbis,
994 1257 1050 1322 sed
1065 1257 1106 1322 de
1128 1258 1234 1334 rebus,
1251 1257 1397 1342 pericula

348 1341 499 1408 rmbiseum
512 1344 673 1430 suscipere
694 1345 898 1410 recusaverit.
942 1344 1009 1419 Qui
1024 1343 1108 1407 enim
1124 1365 1184 1408 nos
1198 1345 1356 1424 tuebitur,
1371 1345 1397 1407 is

348 1430 479 1493 nomine
492 1430 622 1515 quidem
644 1443 786 1496 nostram
808 1431 993 1516 potentiam,
1010 1429 1064 1494 sed
1088 1431 1214 1514 reipsa
1236 1451 1331 1494 suem
1347 1433 1396 1516 ip·

348 1513 413 1578 sius
434 1514 566 1580 salutern
589 1517 741 1582 tuebitur.
787 1517 831 1581 Et
852 1539 938 1593 sane,
958 1517 1159 1593 Csmarinaei,
1180 1515 1321 1582 decebat
1340 1537 1397 1580 sos

350 1603 520 1687 praecipue,
536 1603 591 1690 qui
613 1605 687 1668 estis
702 1603 841 1680 finitimi,
857 1619 889 1668 et
903 1603 958 1690 qui
973 1600 1114 1666 secundo
1129 1602 1200 1667 loco
1219 1603 1298 1667 estis
1314 1603 1395 1688 peri-

348 1687 499 1766 clitaturi,
515 1691 575 1754 ista
594 1693 748 1774 periuria,
764 1689 852 1754 trabis
873 1689 1007 1754 omnibu
1028 1691 1255 1771 impendentia,
1270 1692 1395 1774 prospi-

349 1795 431 1853 cere,
452 1797 557 1861 neque
582 1778 730 1862 segniter,
751 1774 1022 1863 quemadmodum
1048 1795 1133 1839 nunc
1147 1777 1290 1860 flentis,
1307 1777 1397 1840 auxi·

350 1859 429 1926 lium
452 1862 545 1926 uobis
567 1860 665 1928 ferre:
689 1862 744 1928 sed
769 1863 877 1948 potius
900 1865 985 1948 ipsus
1007 1861 1049 1926 ad
1070 1882 1128 1925 nos
1145 1859 1267 1937 venire,
1284 1876 1318 1926 et
1342 1883 1397 1926 nos

349 1949 455 2032 palam
470 1948 603 2028 hortari,
620 1971 660 2012 ne
681 1951 788 2013 animo
810 1949 1097 2022 succumberemus,
1114 1961 1146 2010 et
1168 1947 1263 2012 nobis
1286 1948 1395 2012 eadem

351 2037 542 2100 nuncetiam
555 2057 745 2121 proponere,
756 2057 829 2122 quae
841 2037 931 2098 nobis
945 2033 1201 2120 proposuissetis,
1213 2055 1277 2118 ope
1290 2049 1398 2098 nostra

350 2119 540 2207 indigentes,
570 2143 704 2208 eamque
732 2121 948 2206 implorantes,
975 2121 1002 2184 si
1027 2119 1237 2184 Athenienses
1268 2132 1397 2186 vestm

350 2227 458 2292 ugrum
472 2207 709 2272 Camarinseum
724 2207 813 2293 prius
828 2208 1025 2272 invasissent.
1071 2207 1133 2272 Sed
1147 2227 1255 2293 neque
1269 2228 1330 2272 vos
1343 2207 1399 2274 atl-

350 2293 427 2372 huc,
441 2313 545 2378 neque
559 2295 665 2358 caeteri
683 2293 738 2358 has
752 2293 961 2381 cogitationes
975 2291 1165 2377 suscepistis.

396 2386 449 2448 79.
466 2389 488 2421 “
502 2380 651 2446 Fortasse
661 2403 738 2446 vero
750 2393 883 2466 propter
898 2391 1026 2445 uernam
1043 2380 1213 2466 ignaviam,
1230 2401 1308 2444 cnm
1324 2401 1401 2466 erga

351 2487 420 2542 nos,
442 2479 510 2530 tum
538 2469 632 2532 etiam
658 2488 742 2555 erga„
761 2467 842 2545 illos,
867 2467 923 2553 qui
947 2487 1002 2530 nos
1024 2464 1189 2543 invadunt,
1267 2467 1401 2532 uitatem

351 2552 472 2631 coletis,
488 2554 577 2618 vobis
597 2576 670 2619 curn
689 2553 934 2619 Atheniensibus
954 2553 1136 2616 societatem
1155 2575 1223 2616 esse
1263 2555 1404 2617 iccntes:

352 2661 446 2722 quam
472 2639 615 2724 profecto
631 2663 694 2704 non
716 2639 866 2706 adversus
888 2641 1007 2704 amicos
1028 2639 1247 2715 contraxistis,
1264 2641 1322 2702 sed
1345 2637 1402 2704 ad-

351 2747 459 2790 versus
476 2725 594 2805 hostes,
610 2728 637 2791 si
658 2728 729 2812 quis
744 2740 855 2793 contra
870 2748 926 2790 ros
939 2726 1079 2790 veniret:
1105 2739 1203 2811 utque
1219 2725 1404 2790 Athenien·

352 2811 439 2874 sibus
453 2813 655 2893 succurratis,
672 2814 795 2898 quoties
817 2817 857 2878 ab
873 2813 941 2877 aliis
963 2813 1109 2896 injuriam
1130 2812 1320 2895 acciperent,
1337 2833 1403 2876 non

352 2909 458 2962 autem
475 2899 597 2984 quoties
612 2900 672 2983 ipsi
688 2903 738 2984 (ut
753 2901 851 2981 nunc)
868 2899 1015 2986 injuriam
1032 2898 1123 2962 laliis
1136 2897 1292 2963 facerent.
1319 2899 1404 2963 Nam

353 3005 394 3048 ne
410 2984 551 3074 Rhegini
567 2987 706 3072 quidem,
723 2988 776 3073 qui
800 2999 873 3052 sunt
889 2985 1122 3063 Chalcidenses,
1139 3005 1203 3048 una
1217 3007 1286 3048 am
1304 2986 1404 3049 Aeae-

352 3073 508 3137 trientibus
528 3073 713 3149 Leontinos,
730 3075 784 3160 qui
807 3086 882 3137 sunt
901 3071 1135 3148 Chalcidenses,
1157 3071 1191 3134 in
1213 3093 1290 3136 suas
1314 3071 1406 3136 sedes

352 3157 518 3224 restituere
541 3159 660 3223 volunt.
707 3159 749 3223 Et
774 3183 850 3224 sane
870 3159 1039 3248 indignum
1062 3170 1118 3235 est,
1142 3160 1166 3222 si
1194 3157 1243 3221 illi
1268 3158 1407 3244 quidem

353 3243 415 3310 hoc
435 3247 667 3310 Atheniensium
694 3245 821 3324 factum,
838 3248 921 3332 quod
947 3251 1087 3310 honestae
1109 3243 1273 3330 petitionis
1297 3245 1409 3330 speeie

354 3331 486 3410 velatur,
504 3345 683 3416 suspectum
705 3334 864 3408 habentes,
881 3347 999 3416 praeter
1019 3332 1062 3409 id,
1078 3333 1163 3418 quod
1186 3331 1310 3394 rationi
1326 3353 1407 3396 con·

353 3433 537 3483 sentaneum
561 3418 696 3496 videtur,
712 3421 849 3503 sapiunt,
867 3441 921 3482 vos
943 3441 1028 3493 vero,
1045 3421 1098 3505 qui
1121 3417 1331 3481 occasionem
1359 3423 1408 3484 ra·

354 3505 433 3568 tioni
448 3519 690 3570 consentaneam
714 3506 847 3583 habetis,
864 3505 934 3569 illos
948 3505 1089 3592 quidem,
1105 3507 1159 3590 qui
1183 3516 1305 3567 natura
1329 3519 1409 3569 sunt

354 3590 1032 3678 lrostes‚juvarevultis;illosvero,quisel
1051 3589 1197 3654 multem
1243 3589 1251 3604 ‘
1283 3607 1411 3655 natura

352 3690 426 3740 sunt
441 3679 581 3766 cognati,
597 3701 748 3743 unacum
765 3679 988 3742 inimicissimis
1001 3675 1145 3741 funditus
1159 3697 1215 3762 per
1241 3695 1310 3741 ere.
1349 3681 1412 3741 At-

352 3763 409 3849 qui
424 3765 479 3828 hoe
493 3766 624 3830 minime
638 3787 767 3851 aequurn
783 3776 847 3829 est:
863 3765 918 3828 sed
927 3767 1034 3849 potius
1047 3783 1165 3847 cuquam
1179 3773 1233 3836 est,
1245 3782 1303 3826 nus
1318 3764 1413 3828 noba

353 3871 447 3934 opem
462 3850 554 3930 ferre,
572 3873 630 3916 nec
645 3852 786 3938 ipsorum
801 3863 987 3936 apparatum
1004 3849 1186 3914 formidare.
1213 3847 1288 3912 Nec
1304 3851 1412 3927 enim,

353 3973 575 4103 stlptddtlmm’
588 3979 613 4026 Is
630 3993 677 4025 non
695 3981 811 4026 humanm
831 3979 952 4026 facultatis
971 3977 1117 4025 desiderium
1129 3977 1177 4031 (vel
1194 3973 1296 4038 uotum)
1314 3985 1413 4040 spent.

428 4075 434 4088 .
486 4053 548 4088 trus.

356 4099 563 4217 llcatamltatls
585 4121 637 4154 sua
659 4109 734 4155 tedio
756 4115 802 4154 etc.
835 4107 909 4154 Valle.
943 4108 997 4156 Sais
1018 4107 1091 4154 malis
1109 4107 1194 4154 deletu
1214 4113 1263 4154 etc.
1291 4107 1415 4155 Andu-

368 4181 434 4218 nen.

356 4299 366 4343 1
387 4233 515 4284 kvicinis
539 4237 614 4285 Valle.
648 4239 738 4284 Verum
756 4235 805 4287 nis
821 4235 894 4289 riser
906 4235 1299 4292 vocsteoirlsamnicntsllbi.
1326 4237 1415 4298 seq-t.

370 4311 431 4346 orn.
