2990 4792
333 269 396 336 166
701 261 1006 328 THUct'Dlnls

236 443 296 494 nur
329 431 501 520 pellendos
550 433 635 498 Nam
657 456 699 500 ex
724 435 891 518 inopinato
916 451 1147 520 nonnunquam
1170 427 1313 506 adstans,
1333 449 1372 493 ac
1488 431 1490 498 l

226 509 306 570 '⁸¹⁰2
329 543 391 584 sese
406 517 548 607 offerens,
564 520 700 607 aliquem
717 520 766 586 vel
788 519 1020 584 infirmioribus
1043 519 1158 604 opibus
1181 518 1370 614 instructum
1489 531 1490 534 ’

217 576 316 700 81¹}ss
330 604 462 671 adducit
482 605 524 670 ad
546 606 809 690 periclitandum
831 619 863 672 et
885 606 1028 670 civitates
1050 607 1190 690 integras
1203 625 1244 666 eo
1257 622 1371 700 magis,

227 701 267 750 88·
281 701 303 764 l·
331 713 397 776 quo
411 690 452 756 de
466 692 639 777 majoribus
653 692 748 758 rebus
762 695 878 778 agitor,
889 692 930 757 de
943 690 1099 769 libertate,
1112 702 1169 756 aut
1182 689 1224 754 de
1239 689 1372 774 imperio

231 766 261 878 ξ·
275 771 303 816 ⁶·
331 779 366 842 in
380 776 462 842 alios
481 778 665 846 obtinendo.
687 791 720 844 et
741 779 816 866 quia
837 801 910 844 cum
933 779 1083 845 universa
1104 776 1231 841 civitate
1253 772 1372 857 singuli

240 846 302 960 32¹5
333 864 417 927 cives
432 877 549 928 temere
563 865 604 929 de
626 887 659 930 se
679 868 753 950 plus
770 887 865 952 aequo
879 864 1029 929 sentiunt.
1074 863 1225 949 Denique
1240 864 1372 945 (utrem

332 949 442 1034 paucis
468 949 674 1036 complectar)
702 951 765 1016 boc
789 951 859 1016 fieri
883 972 948 1014 non
975 961 1090 1035 potest,
1116 960 1148 1013 et
1174 968 1302 1034 magnae
1328 957 1374 1009 est

332 1035 485 1113 stultitiae,
498 1037 525 1102 si
540 1037 609 1123 quis
624 1039 793 1115 existimet,
807 1059 840 1102 se
851 1037 990 1122 aliquam
1003 1036 1159 1100 rationem
1172 1033 1300 1112 habere,
1312 1052 1375 1180 qltm

332 1120 477 1186 homiues
492 1145 511 1186 a
526 1125 664 1208 peccatis
678 1123 845 1200 deterreat,
861 1135 914 1188 aut
935 1123 1042 1210 legum
1060 1122 1102 1200 vi,
1117 1133 1175 1186 aut
1188 1119 1297 1205 aliquo
1312 1141 1329 1182 a
1344 1116 1376 1180 io
1489 1177 1490 1196 ,

333 1207 410 1272 nrali
445 1209 602 1296 gravioris
630 1221 729 1286 metu,
758 1231 830 1274 cum
866 1207 1008 1274 humana
1036 1222 1151 1272 natura
1180 1206 1219 1272 ad
1251 1203 1374 1290 aliquid

333 1294 505 1381 agendum,
522 1317 639 1382 magno
655 1295 775 1380 impetu
790 1295 918 1361 seratur.

377 1389 429 1446 46.
450 1379 593 1455 “Quare
607 1402 672 1444 non
687 1404 707 1444 ο
754 1393 814 1446 rtet
829 1403 887 1445 nos
902 1395 959 1445 aut
974 1380 1084 1446 mortis
1099 1401 1206 1465 poens,
1222 1393 1375 1464 tanquam

335 1465 494 1550 locuplete
508 1464 691 1552 fidejussore
705 1403 813 1546 ilites,
827 1467 947 1553 aliquid
971 1467 1100 1568 gravius
1122 1467 1164 1532 de
1179 1463 1377 1552 Mitylenaeis

333 1565 481 1628 statuere,
498 1565 552 1618 aut
567 1573 695 1618 omnem
711 1573 800 1638 spem
816 1552 927 1620 tollere
941 1552 1013 1631 itus,
1031 1553 1086 1638 qui
1100 1552 1285 1628 defecerint,
1297 1549 1375 1628 fore,

333 1649 370 1702 ut
393 1635 499 1702 nullus
522 1638 664 1723 ipsorum
687 1639 885 1723 poenitentis
911 1638 999 1704 locus
1024 1641 1128 1716 detur,
1153 1659 1257 1724 neque
1284 1657 1376 1700 suum

333 1735 499 1808 peccatum
515 1746 610 1808 quam
630 1723 787 1790 levissima
807 1747 906 1810 prena
928 1725 1004 1810 ipsis
1017 1724 1124 1790 eluere
1138 1723 1242 1788 liceat.
1289 1722 1377 1786 Con·

335 1808 472 1874 siderate
486 1811 583 1888 enim,
600 1810 687 1897 quod
703 1833 789 1876 natue
804 1811 944 1897 quidem,
961 1811 988 1874 si
1008 1833 1072 1895 qua
1086 1811 1196 1874 civitas
1209 1824 1377 1895 praetcrea,

334 1917 408 1982 quae
433 1895 642 1960 delectionem
669 1897 787 1975 fecerit,
814 1910 847 1960 et
872 1920 945 1983 quse
970 1897 1076 1962 adhuc
1102 1895 1260 1972 babuerit,
1293 1894 1378 1958 unde

334 1983 495 2066 impensas
518 1983 693 2060 restituere,
714 1997 745 2048 et
770 1983 925 2049 tributum
952 1984 984 2046 io
1012 1996 1175 2068 posterum
1198 1983 1381 2066 persolvere

333 2068 443 2152 possit,
468 2091 501 2132 se
523 2070 721 2153 superstitem
744 2069 812 2132 sore
833 2069 1029 2156 cognoverit,
1050 2068 1090 2132 ad
1113 2068 1377 2152 compositionem

335 2155 457 2218 veniet:
480 2166 513 2218 at
532 2154 587 2218 illo
601 2156 710 2232 modo,
726 2177 812 2240 quem
829 2156 924 2220 Cleon
935 2156 1121 2238 praescribit,
1137 2175 1231 2241 quem
1247 2151 1377 2218 tandem

334 2237 403 2303 sore
428 2242 557 2323 putatis,
580 2263 653 2326 quae
674 2263 738 2306 non
764 2240 894 2320 melius,
910 2263 1006 2326 quam
1029 2262 1116 2305 nnnc
1140 2243 1201 2306 ista
1218 2237 1314 2320 fecit,
1337 2239 1380 2302 ud

337 2325 442 2388 bellum
457 2347 490 2390 se
506 2326 650 2403 instruet,
665 2341 697 2391 et
716 2325 901 2392 diuturnam
922 2325 1120 2392 obsidionem
1136 2325 1176 2390 ad
1197 2337 1378 2390 extremum

338 2433 437 2496 usque
456 2409 610 2496 perferet:
633 2413 660 2477 si
680 2411 764 2476 idem
785 2412 879 2489 valet,
896 2435 966 2478 sero
986 2427 1018 2477 et
1036 2413 1100 2478 cito
1114 2412 1377 2496 compositionem

336 2496 450 2562 facere.
504 2497 607 2562 Nobis
635 2519 711 2566 vero
740 2498 902 2584 quomodo
931 2498 1123 2564 detrimento
1155 2519 1220 2562 non
1251 2499 1324 2577 erit,
1353 2495 1379 2558 si

337 2602 469 2668 propter
483 2584 638 2648 sublatam
658 2584 896 2667 compositionis
916 2582 1069 2650 faciendae
1083 2605 1182 2669 spem,
1199 2585 1231 2647 in
1247 2583 1378 2670 longam

337 2669 535 2734 obsidionem
553 2683 675 2734 sumtus
688 2669 791 2736 iacere
804 2693 969 2756 cogemur,
986 2684 1018 2735 et
1036 2670 1063 2734 si
1077 2669 1188 2735 urbem
1204 2669 1379 2754 capiamus,

337 2755 539 2838 profligatam
563 2756 763 2839 recipiamus,
779 2771 811 2821 et
826 2758 905 2822 vecti
949 2757 1045 2835 libus,
1061 2779 1134 2842 qua
1153 2777 1194 2820 ex
1216 2778 1254 2820 ea
1275 2755 1380 2841 perci·
1489 2835 1490 2842 ἵ

337 2839 452 2987 pimus,
478 2840 511 2904 iu
537 2855 699 2925 posterum
726 2843 889 2926 privemur
959 2843 1057 2927 Atqui
1082 2841 1143 2908 hac
1168 2865 1204 2907 re
1228 2842 1381 2907 adversus
1489 2879 1490 2884 κ

349 2939 443 2990 rostes
466 2925 614 2992 valemus.
660 2927 868 3014 Quapropter
894 2928 986 2992 nobis
1015 2951 1079 2994 non
1106 2945 1154 2994 est
1178 2929 1381 2993 committen-

337 3011 428 3093 dum,
453 3025 498 3089 ut,
526 3012 603 3078 dum
634 3013 772 3092 illorum,
799 3016 855 3101 qui
884 3013 1096 3100 deliquerunt,
1121 3015 1382 3101 judicassemus

337 3098 447 3175 severi,
468 3097 585 3162 exinde
607 3101 830 3166 detrimentum
876 3101 961 3165 otius
984 3093 1155 3185 capiamus,
1173 3123 1270 3184 quam
1295 3100 1380 3164 uide-

336 3207 436 3263 amus,
453 3207 592 3271 quonam
610 3187 706 3250 modo
721 3209 770 3251 eos
788 3123 951 3252 moderate
972 3185 1170 3264 mulctantes,
1185 3185 1378 3262 civitatibus,

337 3293 409 3356 quse
424 3271 630 3355 pecuniarum
646 3274 677 3336 vi
693 3272 826 3358 pollent,
843 3275 875 3336 in
892 3287 1053 3356 posterum
1068 3275 1115 3338 uti
1131 3273 1298 3357 possimus.
1339 3271 1381 3336 Et

335 3367 456 3439 oportet
478 3380 533 3423 nos
558 3359 752 3433 existimare,
778 3380 844 3423 non
870 3359 981 3442 legumv
1002 3359 1177 3440 atrocitate,
1202 3358 1259 3423 sed
1282 3358 1380 3423 officii

336 3443 437 3507 nostri
452 3442 619 3509 sedulitate
633 3467 686 3509 eus
700 3442 933 3522 custodiendas,
948 3455 979 3509 ct
993 3447 1026 3508 in
1042 3443 1151 3530 officio,
1161 3447 1293 3529 fideque
1310 3467 1381 3508 con·

337 3531 491 3593 tinentiae.
537 3531 605 3594 Nos
620 3543 725 3595 temen
744 3531 838 3612 longe
852 3530 944 3594 aliter
960 3553 1044 3598 nunc
1062 3531 1206 3596 iacimus.
1252 3531 1338 3596 Nam
1354 3529 1380 3594 si
1489 3595 1490 3600 ,

338 3635 433 3698 quem
450 3613 584 3678 liberum
607 3615 767 3681 hominem
785 3617 1014 3702 subegerimus,
1029 3617 1083 3681 sed
1098 3616 1228 3682 alterius
1244 3617 1380 3702 imperio

336 3712 481 3762 coactum
497 3721 620 3784 parere,
636 3723 674 3766 ac
688 3703 802 3768 merito
823 3703 1033 3778 deficientem,
1050 3717 1086 3767 ut
1105 3725 1137 3766 se
1155 3703 1187 3766 in
1212 3702 1380 3786 pristinam

336 3783 516 3848 libertatem
533 3786 717 3863 vindicaret,
735 3809 805 3852 eum
822 3788 982 3854 atrocibus
998 3788 1160 3874 suppliciis
1175 3787 1381 3854 afficiendum
1488 3819 1490 3848 ι

337 3890 510 3935 censemus.
565 3872 664 3958 Atqui
694 3872 809 3937 liberos
838 3873 982 3937 homines
1017 3875 1132 3939 acriter
1165 3877 1283 3960 punire
1313 3895 1378 3939 nou
1489 3881 1490 3890 ’

338 3969 476 4038 oportet,
493 3957 518 4022 si
542 3956 749 4023 defectionem
771 3960 914 4036 fecerint,
933 3960 987 4024 sed
1010 3982 1061 4024 cos
1082 3960 1252 4046 diligenter
1274 3975 1381 4026 custo·
1488 3969 1490 4040 ξ

338 4042 417 4118 dire,
432 4058 464 4106 et
485 4056 690 4120 antevertere,
711 4058 747 4108 ut
768 4047 862 4110 nain
885 4045 1111 4134 cogitationem
1133 4046 1262 4134 quidem
1286 4047 1381 4133 bu'ps
1488 4051 1490 4114 ἶ

339 4129 384 4191 rei
400 4130 544 4206 veniant3
568 4143 610 4210 et,
625 4132 649 4193 si
667 4153 720 4194 eos
736 4131 767 4194 in
783 4147 922 4196 nostram
946 4145 1133 4216 potestatem
1149 4133 1379 4222 redegerimus,

339 4216 444 4279 delicti
458 4215 583 4299 culpam
600 4238 695 4301 quam
713 4217 843 4281 minime
859 4219 933 4302 ipsis
948 4219 1100 4283 tribuere.
1252 4245 1253 4248 ¹
