2990 4792
382 262 745 366 nrsrorum'ara.
769 291 817 358 11.
1054 297 1117 358 res

102 465 124 532 si
143 487 200 552 que
219 463 320 532 horter
344 465 513 543 irruerent,
539 488 597 551 per
618 464 831 543 intervallum,
854 461 940 552 qood
963 485 1003 530 err
1042 485 1118 530 uum
1151 479 1214 528 asu.

101 566 169 632 erat,
182 552 256 636 ipsoe
269 565 388 637 praesto
401 564 507 620 essent
520 555 559 618 ed
575 554 774 638 eruptionem
791 552 825 615 in
841 573 894 616 eos
907 548 968 616 faci
1087 597 1096 616 .
1144 545 1225 658 ΜΞ·

139 645 186 704 84.
207 637 412 704 Athenienses
427 660 512 717 vcro,
528 660 602 704 cum
624 661 697 704 suae
718 661 814 704 nares
827 638 862 704 io
879 638 1057 725 longiorem
1071 661 1119 704 ee·
1134 615 1234 736 ἔξω

102 725 169 789 rien
182 724 418 809 disposuissent,
433 726 527 792 itaut
541 727 591 792 ain
618 725 678 790 nlae
692 725 833 813 singulae
843 725 994 811 deinceps
1007 747 1120 812 seque·
1144 741 1186 792 er.
1200 739 1225 788 t

103 823 207 890 rentur,
221 831 273 876 eos
287 813 426 898 undique
440 749 645 890 circumvehi,
661 827 693 878 et
707 811 741 876 io
753 823 922 896 angustum
932 811 1121 878 contrahere
1147 805 1219 920 332·

102 898 773 1071 ttffitb‘iitttttttt‘tttffl
816 919 1122 1071 {titittttt
1144 898 1221 988 ‘⁸¹⁴'

101 1072 269 1154 prebentes.
302 1070 366 1138 Sed
380 1069 535 1136 Phormio
550 1071 626 1156 ipsis
636 1085 711 1137 ante
724 1083 928 1156 preceperat,
941 1095 983 1138 ne
997 1071 1122 1138 hostem

122 1156 174 1222 rius
191 1156 449 1242 aggrederentur,
464 1178 559 1243 quam
575 1158 644 1244 ipse
665 1158 792 1246 signum
815 1158 960 1224 dedisset
1005 1159 1122 1243 Spere-

138 1244 237 1308 teoim
252 1242 341 1307 hunc
355 1244 495 1329 ipsorum
517 1244 661 1310 ordinem
677 1244 710 1308 in
726 1245 839 1310 eodem
857 1256 952 1322 statu,
966 1257 1006 1310 ut
1017 1245 1050 1308 in
1066 1267 1122 1330 pe·

101 1326 184 1394 destri
193 1351 309 1416 pagna,
323 1352 397 1418 que
407 1330 441 1394 in
455 1341 541 1396 terra
550 1330 771 1408 committitur,
784 1352 850 1398 noo
859 1353 1121 1416 permansuramr

101 1413 146 1478 ced
159 1437 246 1482 naves
259 1415 344 1482 inter
358 1439 392 1481 se
406 1437 627 1496 concursuras,
643 1429 676 1484 et
692 1439 797 1500 perun
812 1417 939 1503 navigia
956 1417 1123 1502 perturber

101 1499 202 1566 bouem
217 1505 281 1568 illis
295 1502 446 1568 allatura:
469 1516 625 1587 praeterea
638 1516 770 1568 rentum
785 1525 826 1568 ex
840 1503 911 1568 sinu
930 1505 1045 1570 Crirm
1059 1505 1123 1589 spi-

100 1597 237 1666 raturum,
252 1589 309 1675 qui
324 1588 383 1654 sub
397 1610 545 1654 auroram
555 1592 694 1674 quotidie
706 1589 784 1654 flere
798 1605 1014 1669 consueverat,
1027 1613 1123 1677 quem

99 1671 144 1736 ille
155 1688 334 1760 exspectans
348 1673 482 1740 naribus
491 1676 797 1754 circumvehebatur,
810 1686 898 1742 retes
909 1699 949 1740 ue
960 1693 1124 1742 momento

78 1758 211 1842 ,quidem
222 1762 376 1847 temporis
392 1759 635 1830 Corinthiorum
651 1785 746 1829 neree
760 1775 905 1829 staturas.
951 1763 1125 1830 Existima-

99 1843 145 1910 bat
156 1847 245 1914 etiem
261 1849 369 1933 ipsum
384 1846 492 1914 hostes
506 1849 679 1915 invadendi
701 1863 829 1934 tempus
844 1850 878 1914 in
899 1872 957 1916 sna
970 1862 1124 1935 potestate

98 1927 164 2010 iore,
186 1935 229 2000 ita
248 1948 287 2000 nt
304 1957 361 2000 eoa
386 1935 546 2000 arbitratu
565 1958 624 2001 ruo
646 1936 884 2086 eggrederetnn
903 1937 947 2002 ob
971 1937 1123 2022 majorem

99 2038 213 2086 suarum
226 2021 358 2086 navium
374 2020 578 2099 celeritatem,
588 2045 658 2110 qna
683 2043 766 2110 enge
777 2021 968 2107 prestabat:
990 2035 1022 2086 et
1036 2033 1123 2098 tune,

96 2124 172 2187 qaam
184 2118 290 2173 omncs
344 2110 430 2172 t'rnre
443 2111 594 2192 cepisset,
607 2108 833 2195 pulcerrimum
846 2110 943 2174 noeis
957 2109 1125 2174 adoriemt'

98 2193 281 2260 occasionem
326 2215 390 2258 ore.
436 2193 505 2262 Ubi
530 2208 636 2260 autem
661 2206 693 2260 et
719 2208 831 2260 ventus
856 2195 933 2260 flare
958 2193 1068 2280 caepit,
1093 2207 1126 2262 et

96 2297 180 2344 nerea
198 2281 266 2367 jam
287 2279 322 2344 in
344 2293 469 2346 arctum
488 2280 627 2348 redactae
647 2281 772 2347 duabus
795 2281 836 2347 de
858 2281 972 2358 musis,
992 2302 1066 2346 enm
1081 2281 1124 2346 ub

97 2379 223 2448 rentum,
238 2380 309 2433 tum
324 2367 419 2432 etiam
435 2367 523 2454 quod
539 2390 645 2451 perna
660 2368 787 2454 navigia
801 2367 895 2432 simul
909 2368 985 2453 ipsis
999 2368 1123 2433 iocum·

95 2447 204 2531 beent,
219 2453 343 2518 turbari
361 2467 541 2540 coepemnt,
556 2465 589 2519 et
611 2456 702 2518 navis
723 2475 797 2518 cum
813 2454 886 2518 navi
901 2455 1123 2536 concurrebat,

96 2548 124 2600 et
134 2537 187 2602 riri
202 2561 297 2605 nanee
310 2543 432 2606 aliem
446 2541 548 2604 contis
562 2564 584 2604 a
597 2543 662 2606 auia
675 2539 889 2626 repellebant3
909 2554 957 2622 et,
969 2539 1047 2627 quia
1059 2539 1124 2604 cla·

96 2642 189 2690 noros
207 2625 357 2706 edebant,
372 2640 404 2691 et
427 2625 564 2692 vicissim
587 2626 644 2692 elii
664 2627 799 2692 alierum
822 2647 1125 2713 normarumque

96 2723 230 2776 motuum
244 2734 439 2777 concursum
454 2714 554 2778 vitare
563 2713 771 2790 conabantur,
787 2723 819 2778 et
830 2712 981 2778 conviciis
991 2713 1124 2778 uteban-

94 2805 149 2873 tur,
167 2817 227 2862 nec
250 2821 300 2876 ea,
325 2819 400 2884 qum
420 2799 699 2884 precipiebantur,
721 2819 782 2864 nec
805 2798 1007 2864 hortatorem
1032 2820 1125 2864 rooea

93 2883 235 2950 exaudire
248 2893 411 2969 poterant.
457 2883 621 2960 Quoniam
635 2897 741 2950 autern
757 2885 902 2950 homines
919 2884 1060 2970 imperiti
1074 2907 1124 2950 reh

93 2987 154 3034 mos
167 2969 200 3034 in
213 2970 315 3036 maria
328 2969 440 3059 agitati
453 2971 603 3036 fluctibus
616 2971 760 3038 attollere
775 2992 839 3036 non
899 2984 1013 3051 terant,
1029 2993 1125 3036 nara

93 3055 354 3140 gibematoribus
375 3057 480 3122 minoe
505 3057 761 3143 obtemperantes
785 2993 983 3142 proebhbent.
1028 3057 1125 3122 Tunc

94 3162 162 3208 vero
176 3143 337 3220 Phemio,
352 3141 415 3208 hoc
428 3143 499 3227 ipso
513 3143 666 3230 temporis
679 3143 826 3222 articulo,
837 3146 902 3209 nris
911 3143 967 3210 dat
982 3144 1123 3232 signumt
1222 3153 1225 3156 '

92 3237 121 3292 et
134 3228 353 3308 Athenienses,
370 3227 455 3294 sacta
475 3229 692 3315 impressione,
714 3231 855 3315 primunr
875 3229 1003 3314 quidem
1028 3249 1125 3294 unam

93 3334 128 3380 ex
139 3316 300 3400 pretoriis
315 3315 451 3382 naribus
464 3313 666 3402 deprimunt:
688 3315 802 3382 deinde
811 3335 886 3382 vero
900 3327 932 3382 et
945 3315 1030 3392 alias,
1070 3337 1126 3380 oa·

90 3421 213 3488 cunque
224 3401 414 3480 transibant,
430 3401 687 3486 corrumpebant.
718 3401 764 3468 Et
773 3401 956 3481 effecerunt,
967 3415 1005 3466 ut
1018 3337 1126 3466 ullius

89 3485 238 3641 {w
259 3487 1027 3661 ditetiiitfit‘stltibitt‘*
1048 3509 1126 3640 ⁰⁰¹²?

90 3658 294 3728 Athenienses
307 3682 385 3728 vero
402 3661 474 3728 illos
487 3660 682 3750 persequuti,
698 3659 862 3747 captisque
885 3595 1126 3727 dnodecldrnda-

90 3745 187 3832 vibus,
201 3761 235 3814 et
250 3747 367 3814 ‘occisa
381 3748 523 3814 maxima
536 3760 626 3834 parte
639 3746 818 3826 hominum,
829 3747 885 3833 qui
899 3749 933 3812 in
948 3747 1125 3825 illiserunt,

92 3959 162 4012 Vallo.
196 3963 230 4010 iit
241 3963 272 4009 ad
282 3961 375 4009 mbltca
385 3973 456 4010 came
472 3963 632 4022 incursusque
650 3961 758 4008 hoedum
777 3963 947 4010 incunctanter
956 3961 1047 4023 uirique
1057 3961 1127 4009 ader-

88 4029 274 4140 quilii?
299 4027 501 4140 Hmmim
511 4095 580 4152 parte
596 4089 735 4145 hominnm,
747 4092 790 4152 qui
798 4093 825 4140 in
833 4093 882 4140 illis
891 4098 969 4144 eruut¹
980 4094 1003 4136 et
1010 4090 1125 4140 emera

89 4156 112 4202 r's
122 4171 174 4204 raes
184 4170 264 4212 mnu,
275 4158 307 4204 ad
349 4157 380 4202 ol.
393 4163 440 4206 etc.
462 4155 544 4202 Potest
554 4156 625 4202 ettam
640 4153 694 4201 erret
705 4155 766 4202 altar
776 4170 869 4203 semare
888 4167 947 4203 curn
963 4155 1125 4215 suscepissent
1216 4203 1226 4216 ,

88 4220 211 4332 mue
225 4223 257 4269 da
266 4221 327 4280 nris,
339 4221 383 4282 qui
392 4221 456 4268 inter
466 4219 628 4282 preliandum
640 4219 777 4267 ceciderant
788 4221 814 4267 in
826 4233 894 4268 mare
910 4227 958 4266 etc.
974 4217 1015 4266 Αἰ.
1028 4219 1124 4266 Portus.
