2964 4786
445 301 693 372 HlsTOR1AE
716 303 805 372 LIB.
829 301 887 369 VI.
1107 313 1169 376 373

4 513 7 524 ·
141 484 227 560 atquc
240 473 348 541 omnis
361 473 421 558 ipsi
434 475 625 541 videbantur
639 497 678 539 eo
688 475 821 542 consilio
835 473 975 554 iactant
988 473 1171 542 dominatus
1202 495 1265 548 net.

14 597 17 605 ·
140 581 317 644 pancorum,
333 561 382 624 rel
395 581 517 648 regum,
534 562 736 647 aconJuratis
747 563 1002 628 constitueretur.
1040 561 1168 629 Etcum
1194 559 1277 624 P⁸¹⁰e

22 715 23 718 ,
139 646 202 730 ipae
210 648 339 730 popalus
352 645 395 711 ob
411 647 492 712 banc
507 669 574 712 rem
589 647 790 724 irasceretur,
801 647 930 724 multos,
1017 669 1056 714 ne
1066 647 1170 715 claros
1186 627 1287 754 affl

139 731 217 796 riroa
231 734 265 796 in
286 753 445 798 carcerem
464 734 530 819 jam
552 734 739 820 conjecerat.
785 732 947 798 Necdum
1038 745 1088 800 tus
1102 757 1169 802 ease
1200 755 1281 803 s1.1.

139 817 314 894 ridebatnr3
340 818 418 884 “sed
439 819 471 882 in
496 819 563 884 dies
586 819 689 905 magis
712 821 746 882 in
771 819 893 884 saevitia
914 818 1115 904 proficiebat,
1136 835 1169 886 et
1199 817 1270 930 μ

137 900 186 968 lon
246 903 366 988 plures,
382 925 472 987 qaam
497 914 582 982 ante,
597 902 899 988 comprehendebat.
945 905 1169 974 intereavero
1209 897 1272 1000 ὦ·

137 985 188 1073 qui
209 1011 260 1056 am
283 1011 325 1054 ex
339 987 388 1065 iis,
404 989 459 1076 qui
475 1011 547 1056 oum
562 989 632 1056 aliis
654 989 688 1052 in
710 988 848 1054 vinculis
866 1001 945 1065 erat,
960 991 1100 1068 cnidum,
1115 993 1171 1079 qni
1208 983 1217 1000 ‘

135 1071 304 1140 incarcere
318 1086 396 1152 erat,
413 1075 514 1160 etqui
530 1073 671 1142 maxime
690 1073 794 1143 affinis
812 1074 939 1140 crimini
960 1097 1027 1140 esse
1041 1077 1172 1144 videba-

134 1169 194 1238 tur,
216 1163 382 1246 persuasit,
407 1174 530 1226 utrem
553 1160 720 1241 indicaret,
734 1160 800 1226 sive
822 1183 908 1238 vera,
922 1161 988 1226 sire
1010 1183 1074 1228 non
1098 1183 1174 1230 vera

134 1258 220 1324 esset,
236 1251 326 1331 (nam
349 1247 498 1333 utrinque
520 1259 596 1312 sunt
609 1248 819 1333 conjecturae:
842 1245 924 1312 nihil
938 1247 1023 1312 enim
1038 1248 1119 1313 certi
1132 1248 1174 1316 de

15 1364 17 1372 ·
132 1330 213 1398 illias
225 1331 375 1398 facinoris
390 1332 573 1398 auctoribus
594 1344 649 1398 aut
674 1347 752 1398 tnnc
774 1345 831 1398 ant
852 1343 963 1416 postea
978 1357 997 1396 a
1011 1353 1172 1422 quoquam

7 1499 8 1503 Ἰ
132 1417 236 1482 afferri
260 1419 389 1502 potuit.)
436 1418 598 1485 Persuasit
622 1431 729 1484 autem
749 1418 869 1495 dicens,
884 1433 1034 1503 oportere
1057 1420 1173 1504 ipsum,

131 1504 272 1590 quamvis
285 1506 341 1570 loc
348 1505 481 1589 facinus
496 1525 560 1568 non
575 1515 797 1590 perpetrasset,
813 1515 915 1570 tamen
931 1505 1100 1589 impetrata
1113 1506 1175 1572 im·

131 1590 284 1672 punitate,
300 1611 374 1656 cunr
390 1613 424 1656 se
437 1591 543 1676 ipsum
557 1611 693 1669 servare,
708 1603 778 1656 tum
796 1591 893 1655 etiam
913 1591 1074 1656 civitatem
1089 1613 1175 1677 proe·

0 1676 1 1693 ³
129 1677 210 1742 senti
219 1675 399 1762 suspicione
411 1675 558 1740 liberare.
604 1676 746 1742 Salutem
760 1676 844 1741 enim
857 1677 918 1760 ipsi
929 1676 1097 1742 certiorem
1106 1677 1175 1743 iore

1 1767 2 1770 ’
128 1759 266 1843 dicebat,
280 1763 317 1842 si,
333 1762 524 1862 impunitate
545 1762 726 1846 impetrata,
742 1784 806 1826 rem
820 1760 921 1827 fassus
935 1762 1058 1843 suisset,
1078 1785 1174 1849 quam

0 1848 7 1869 ''
128 1847 154 1912 si
174 1869 298 1936 negans
318 1850 474 1934 judicium
500 1847 656 1912 subiisset.
702 1846 925 1922 Quamobrem
947 1845 1175 1914 hicetoontra

128 1955 171 2012 se,
188 1947 222 2000 et
236 1946 350 2000 contra
365 1934 455 2011 alios,
471 1931 626 1998 indicium
650 1932 809 2016 protessus
823 1945 871 1995 est
884 1932 927 1998 de
941 1935 1068 1998 violatis
1083 1932 1174 1998 Mer·

126 2021 206 2085 curii
221 2020 408 2086 simulacris.
452 2019 596 2104 Populus
611 2040 687 2084 vero
703 2016 920 2093 Atheniensis,
935 2017 1084 2084 lubenter
1098 2039 1175 2106 cog·

0 2106 1 2131 ¹
123 2105 194 2171 nita
216 2111 277 2256 [lut
296 2106 366 2192 ipse
387 2105 534 2190 putabat)
560 2107 609 2170 rei
636 2104 776 2182 veritate,
800 2125 873 2170 cum
903 2103 994 2187 prius
1016 2101 1174 2192 indignis·

1 2219 2 2226 ¹
124 2191 206 2258 rime
230 2207 324 2270 erret,
339 2193 366 2258 si
381 2213 447 2268 eoa,
462 2191 515 2276 qui
531 2213 598 2256 sure
621 2189 817 2256 multitudini
839 2189 1085 2266 insidiabantur,
1097 2212 1174 2279 cog-

1 2295 2 2304 ¹
122 2299 257 2344 noscere
270 2301 334 2344 non
350 2290 467 2364 posset,
483 2275 648 2342 confestim
671 2276 788 2342 dimisit
810 2287 843 2340 et
856 2277 960 2363 ipsum
975 2275 1126 2355 indicem,
1140 2289 1175 2344 et

5 2381 6 2384 ’
122 2378 271 2443 caeteros,
286 2365 340 2452 qni
364 2385 437 2430 cum
459 2364 530 2450 ipso
550 2373 650 2439 erant,
666 2373 698 2426 et
720 2383 801 2447 quos
823 2360 877 2436 ille
897 2383 964 2427 non
986 2376 1174 2430 accusasset.

0 2462 15 2480 ‘¹
120 2449 262 2517 Illorum
283 2473 369 2528 vero,
391 2451 447 2536 qui
468 2460 541 2516 tnnc
565 2449 606 2512 ab
629 2450 689 2512 isto
709 2447 805 2512 delati
825 2445 966 2524 fuerunt,
993 2447 1174 2515 constitutis

114 2537 263 2622 judiciis,
286 2547 316 2602 et
337 2559 430 2602 aaran
451 2538 586 2620 cognita,
609 2533 688 2598 alios
711 2532 841 2618 quidem
863 2533 992 2614 occidit,
1014 2547 1174 2620 quotquot

0 2645 2 2648 ’
118 2623 350 2711 comprehensi
382 2620 528 2697 fuerant3
559 2619 637 2686 alios
666 2639 753 2696 vero,
783 2618 861 2702 suga
877 2618 1039 2703 dilapsos,
1069 2631 1173 2688 morte

118 2711 299 2787 damnarit,
311 2721 344 2774 et
357 2731 414 2794 per
428 2705 588 2792 praeconis
602 2725 710 2770 vocem
728 2704 863 2788 praemia
876 2706 1046 2791 proposuit
1059 2705 1100 2782 ei,
1116 2705 1172 2792 qui

0 2803 16 2828 ”
116 2797 288 2862 demtos
301 2794 517 2860 interfecisset.
561 2789 688 2858 Interea
703 2811 777 2856 vero
792 2811 857 2856 non
872 2790 1047 2868 constabat,
1063 2804 1171 2858 utrum

8 2905 14 2916 ·
116 2881 152 2960 ii,
178 2884 240 2970 qui
261 2881 388 2966 capitali
411 2879 568 2964 supplicio
588 2876 716 2942 fuerant
744 2875 859 2954 affecti,
870 2876 957 2962 jure,
980 2899 1023 2942 aa
1044 2877 1170 2963 injuria,

1 2991 3 3000 ¹
115 2968 284 3054 supplicio
305 2967 411 3032 affecti
432 2966 573 3031 luissent.
619 2962 757 3048 Reliqua
777 2975 884 3026 temen
907 2963 1016 3028 civitas
1033 2964 1066 3028 in
1089 2985 1172 3049 prar-

113 3057 227 3121 sentia
241 3053 445 3120 commodum
461 3075 499 3116 er
512 3052 619 3116 lacre
634 3047 799 3114 manifeste
813 3049 966 3132 percepit.

162 3149 223 3208 61.
247 3141 302 3206 De
333 3138 499 3205 Alcibiade
521 3157 607 3212 vero,
630 3132 856 3220 instigantibus
886 3132 1021 3198 inimicis
1052 3134 1171 3211 iisdenr,

80 3226 88 3241 ’
112 3226 189 3314 qui,
206 3227 258 3291 val
272 3226 458 3312 priusquam
479 3221 534 3288 ille
555 3218 739 3296 discederet,
753 3218 899 3306 aggressi
916 3217 1051 3294 fuerant,
1068 3217 1171 3284 Athe-

112 3313 251 3378 nienses
279 3314 464 3376 delationem
486 3307 574 3373 iratis
599 3306 713 3372 animis
738 3302 947 3390 accipiebant.
993 3302 1169 3388 Postquam

110 3411 232 3465 eutem
248 3398 298 3463 'de
311 3398 435 3463 uiolatis
449 3391 608 3462 Mercurii
630 3389 806 3457 simulacris
828 3410 897 3454 rem
919 3401 1117 3473 compertam
1136 3411 1170 3455 se

110 3484 244 3551 habere
265 3483 501 3558 existimarunt,
517 3491 594 3546 tunc
607 3499 684 3543 vero
705 3475 808 3544 mtdto
827 3497 878 3540 ms
902 3474 928 3540 is
941 3475 1036 3541 etiam
1052 3495 1084 3538 m
1107 3485 1169 3542 ste-

6 3623 11 3640 .
108 3572 176 3650 ria,
194 3571 241 3636 de
262 3570 378 3658 quibus
394 3569 527 3652 pollutis
548 3563 765 3640 accusabatur,
789 3560 830 3628 ab
853 3562 862 3626 i
930 3559 1054 3646 polluta
1109 3560 1170 3628 isse

108 3657 328 3740 videbantur,
350 3655 464 3722 eodem
490 3651 632 3728 consilio,
656 3662 689 3715 et
714 3669 786 3714 cum
811 3647 993 3734 conjuratis,
1018 3645 1172 3716 adversus

106 3756 241 3811 statum
260 3741 462 3830 popularem.
507 3738 592 3805 Nam
615 3735 745 3823 quidam
767 3755 834 3799 non
857 3753 992 3820 magnus
1015 3732 1170 3800 Laceda-

2 3837 10 3907 ἕ
105 3832 308 3896 munierum
331 3828 488 3894 exercitus
508 3846 568 3910 per
587 3821 650 3888 hoc
671 3823 775 3908 ipsum
798 3833 933 3905 tempus,
955 3840 1021 3904 quo
1035 3819 1169 3886 Atheni·

4 3925 11 3991 ἶ
104 3939 206 3984 enses
221 3917 254 3982 in
266 3917 341 3982 urbe
353 3926 485 4002 propter
498 3913 572 3976 istas
586 3931 637 3975 res
656 3906 938 3994 pmturbabantur,
952 3904 995 3970 ad
1009 3903 1168 3972 Isthmum

105 4025 226 4092 usqne
248 4023 434 4088 progressus
458 4012 516 4076 est,
536 3995 644 4062 nescio
666 3994 743 4079 quid
770 3993 920 4059 adversus
941 3991 1074 4058 Bmotos
1097 4011 1167 4056 nro·

139 4223 157 4265 a
170 4215 223 4268 Aa
232 4217 335 4278 uerum,
347 4217 394 4265 Sed
410 4215 518 4276 qnotidie
538 4213 714 4275 promombant
732 4211 763 4258 erl
781 4207 903 4258 avitiam
914 4211 939 4253 et
950 4205 980 4254 ad
992 4205 1074 4266 plures
1084 4206 1164 4254 adhuc

4 4310 7 4318 =
97 4284 386 4346 comprehendendum.
403 4281 541 4342 septam
569 4277 684 4404 ³:⁹13·ss
