3004 4768
386 298 632 370 merorum
656 299 745 370 nm.
770 299 850 368 vn.
1082 309 1147 374 nr
1239 401 1242 406 Ι

149 480 202 537 88.
225 470 310 538 Cum
324 470 423 560 igitur
438 472 598 560 Gylippus
617 486 649 538 et
665 473 858 560 Syracusani
879 471 1030 562 sociique,
1045 484 1149 540 toturn
1180 485 1244 534 neu

105 555 190 622 diem
208 558 348 644 nudique
363 560 432 624 telis
445 561 554 624 bostem
569 571 721 644 petentes,
735 557 1029 634 animadvertissent
1048 558 1149 624 Atha·
1165 549 1255 661 ἑξῆς*

6 683 7 686 =
106 643 230 710 aienses
258 644 423 730 sociosque
451 644 635 710 vulneribus
663 666 701 710 ac
729 644 800 710 aliis
828 647 980 710 aerumnis
1010 646 1149 732 graviter
1163 643 1290 739 otyuqi‘

107 727 250 808 afflictos,
266 751 323 813 per
344 731 504 815 praeconis
519 751 629 796 vocem
647 730 828 808 edixerunt,
850 731 992 816 primum
1009 731 1148 816 quidem,
1176 740 1250 790 ans

106 814 217 902 siquis
229 838 271 880 ex
290 815 465 882 insularum
481 816 592 881 incolis
606 815 648 881 sd
670 836 706 881 se
720 817 855 882 transire
869 817 972 894 vellet,
987 839 1025 882 es
1038 815 1149 881 condi-
1173 805 1246 917 {lu}

106 899 204 978 tione,
220 914 256 966 ut
269 900 351 968 liber
365 915 457 968 esset.
503 900 663 979 Quasdam
684 915 802 980 autem,
817 923 883 967 non
906 903 1016 968 multae
1031 914 1148 980 tamen,
1183 899 1248 983 341:

105 986 245 1052 civitates
259 989 303 1052 od
322 990 401 1070 ipsos
415 989 618 1054 transierunt.
664 985 782 1053 Postea
796 1007 871 1052 rero
885 1001 917 1052 et
938 1009 1012 1052 eum
1027 987 1151 1054 caeteris

104 1071 263 1150 omnibus,
280 1073 335 1159 qui
351 1095 423 1139 cum
446 1072 669 1138 Demosthene
683 1085 784 1151 erant,
800 1073 990 1157 compositio
1003 1072 1086 1139 fecta
1102 1085 1151 1140 est

105 1178 143 1222 ea
156 1156 236 1260 lege,
253 1169 289 1222 ut
303 1179 394 1224 arms
407 1159 581 1238 traderent,
597 1171 628 1223 et
643 1181 744 1224 emam
759 1158 866 1234 nullus
887 1169 1022 1224 mortem
1045 1157 1150 1224 obiret

104 1254 161 1308 aut
175 1243 356 1323 violentam,
372 1257 428 1310 sut
444 1245 476 1308 in
492 1243 637 1322 vinculis,
653 1256 708 1309 aut
722 1245 831 1330 inopia
844 1266 951 1310 rerum
971 1243 1013 1308 ad
1029 1246 1149 1308 victum

105 1329 361 1394 necessariarum.
404 1327 572 1396 'Universi
592 1343 711 1406 autem,
728 1331 783 1416 qui
798 1352 831 1394 se
847 1331 931 1415 ipsos
945 1327 1148 1407 dediderunt,

104 1427 198 1480 erant
218 1436 354 1480 numero
368 1438 425 1480 sex
447 1417 601 1480 hominum
624 1415 733 1493 millis,
756 1437 948 1500 omnemque
969 1415 1148 1500 pecuniam,

104 1521 201 1586 quem
214 1499 385 1579 habebant,
394 1499 622 1586 deposuerunt,
633 1523 698 1564 eam
710 1502 741 1564 in
755 1503 869 1586 supina
882 1513 970 1566 scuta
981 1501 1150 1586 conjicien-

105 1599 162 1664 tes,
177 1599 210 1651 et
223 1599 361 1674 quatuor
375 1599 464 1652 senta
474 1585 687 1672 repleverunt.
720 1589 826 1673 Atque
840 1586 899 1652 bos
915 1586 1043 1672 quidem
1054 1589 1150 1672 Syro·

103 1674 215 1736 cusom'
227 1672 393 1738 confestim
404 1673 437 1738 in
452 1672 564 1737 urbem
589 1671 804 1736 abduxerunt.
848 1672 957 1736 Nicias
972 1694 1045 1738 vero
1066 1674 1149 1758 ejus·

105 1779 170 1844 que
191 1757 307 1824 milites
321 1758 432 1824 eodem
456 1757 508 1822 die
530 1755 572 1822 ad
586 1756 718 1821 fluvium
743 1756 900 1822 Erineum
926 1770 1150 1842 pervenerunt,

104 1865 209 1929 eoque
223 1845 365 1931 trajecto,
380 1844 414 1908 in
428 1844 514 1910 edito
528 1842 667 1931 quodem
683 1842 754 1908 loco
767 1842 874 1928 copias
888 1852 918 1908 et
934 1853 1035 1908 carno
1050 1842 1149 1908 collo-

102 1932 199 1995 cavit.

150 2025 204 2081 88.
229 2015 389 2084 Postridie
413 2038 488 2084 vero
515 2016 716 2104 Syracusani,
742 2037 815 2082 enm
842 2013 959 2099 adepti,
988 2016 1262 2094 discrepasset·

103 2097 334 2168 Demosthenis
348 2103 464 2169 milites
479 2125 545 2168 sese
563 2101 730 2180 dedidisse,
745 2113 778 2166 et
798 2101 811 2164 i
847 2123 901 2166 um
922 2123 1049 2188 quoqne
1063 2099 1152 2166 idern

103 2186 211 2253 facere
227 2187 401 2275 jusserunt.
445 2189 506 2254 Ille
525 2209 610 2265 vero,
626 2187 713 2274 quod
738 2185 788 2252 his
825 2186 898 2252 dem
919 2208 986 2252 non
1007 2185 1150 2269 baberet,

103 2272 244 2340 induciis
258 2295 323 2339 eum
337 2277 422 2340 hoste
434 2272 535 2353 iactis,
550 2275 688 2361 equitem
703 2272 799 2351 misit,
811 2273 867 2359 qui
880 2295 942 2338 rem
956 2274 1150 2358 exploraret.

106 2359 193 2425 Cum
215 2372 322 2426 autern
344 2383 433 2446 eques
453 2383 596 2426 resersus
619 2359 830 2425 renuntiasset
851 2357 1017 2438 dedidisse,
1036 2359 1150 2424 Nicias

102 2467 164 2532 per
187 2447 427 2513 caduceatorem
451 2445 594 2532 Gylippo
620 2444 888 2531 Syracusanisque
911 2443 1087 2530 respondit,
1114 2467 1149 2510 se

102 2544 253 2618 paratum
268 2555 336 2602 esse
351 2531 393 2597 ad
407 2531 649 2618 transigendum
665 2553 725 2615 pro
739 2530 995 2608 Atheniensibus,
1011 2542 1056 2608 ut,
1068 2551 1149 2616 quos

101 2629 228 2684 sumtus
242 2619 275 2683 in
298 2618 417 2684 bellum
442 2618 633 2705 Syracusani
646 2616 801 2693 fecissent,
817 2615 877 2682 bos
899 2616 1088 2694 restitueret,
1111 2638 1149 2680 ea

102 2704 302 2787 conditione,
317 2717 352 2770 ut
368 2703 428 2789 ipsi
456 2707 585 2790 scapnam
601 2714 630 2768 et
648 2724 740 2769 suum
755 2702 927 2768 exercitum
942 2701 1150 2768 dimitterent.

104 2791 224 2857 Donec
244 2803 350 2856 autem
373 2789 508 2876 munia
529 2789 770 2874 persolveretur,
793 2811 826 2854 se
850 2787 1001 2854 daturum
1022 2785 1149 2854 obsides

102 2898 148 2942 ex
175 2876 432 2954 Atheniensibus,
460 2875 611 2963 ‘singulis
635 2875 762 2940 talentis
787 2875 819 2938 in
846 2874 972 2960 singula
1000 2871 1148 2939 obsidum

102 2961 212 3046 capita
225 2963 354 3028 taxads.
397 2964 441 3029 At
457 2960 646 3047 Syracusani
660 2972 693 3024 et
707 2958 868 3046 Gylippus
883 2959 940 3024 bas
951 2959 1150 3026 conditiones

103 3069 174 3112 noo
196 3059 397 3133 acceperunt,
416 3047 473 3112 sed
494 3046 702 3132 impressione
722 3047 758 3109 ia
773 3067 822 3111 eos
840 3044 934 3122 fecta,
957 3057 988 3110 et
1009 3043 1152 3132 undique

102 3133 359 3211 circumstantes,
374 3133 433 3199 lios
447 3134 542 3198 etiarn
558 3131 601 3196 ad
612 3152 778 3216 vesperum
793 3152 892 3217 usqpe
900 3130 971 3196 telis
1022 3131 1149 3196 tierunt.

103 3217 163 3286 Ob
178 3234 373 3286 commeatus
388 3229 493 3284 autem
505 3231 537 3283 et
552 3239 659 3283 rerum
674 3217 808 3282 aliarum
820 3217 960 3301 inopiam
1001 3215 1011 3280 i
1045 3237 1152 3302 uoque

103 3303 191 3370 male
209 3327 242 3368 se
263 3303 435 3371 habebant.
481 3302 545 3370 Sed
560 3315 676 3379 tamem
700 3301 869 3366 observato
891 3301 992 3368 noctis
1013 3239 1150 3378 silentio,

102 3389 271 3456 discedere
293 3401 480 3457 statuerant.
525 3390 744 3467 Quamobrem
768 3409 858 3453 arma
872 3399 1069 3454 sumserunt:
1095 3385 1150 3452 sed

105 3477 301 3562 Syracusani
331 3479 385 3542 lroe
420 3486 593 3552 senserunt,
626 3487 659 3538 et
694 3471 735 3540 ad
772 3496 863 3540 arms
898 3473 1151 3539 conclamarunt.

102 3559 320 3628 Athenienses
336 3583 421 3639 vero,
436 3583 510 3626 cum
532 3560 763 3648 cognovissent,
778 3583 811 3624 se
835 3581 902 3624 non
918 3562 1015 3624 latere
1028 3559 1150 3638 bosran,

102 3669 218 3712 rursus
231 3671 321 3712 arnse
335 3649 562 3732 deposuerunt,
573 3645 713 3731 exceptis
727 3644 793 3710 fere
803 3646 961 3710 trecentis.
995 3645 1051 3710 lsti
1064 3642 1150 3709 enim

104 3729 168 3822 per
181 3736 284 3798 media
297 3735 557 3820 spasmeam
572 3731 720 3817 praesidia
734 3744 986 3817 perrumpentes,
1001 3752 1059 3824 per
1074 3751 1151 3796 noc-

102 3833 172 3888 tem
188 3821 431 3898 contenderunt,
448 3840 510 3904 qua
525 3830 708 3903 potuerunt.

151 3915 207 3972 84.
230 3903 340 3971 Nicias
355 3927 437 3982 vero,
453 3923 526 3968 cum
542 3902 609 3968 dies
623 3903 791 3981 illuxisset,
803 3903 977 3968 exercitum
993 3901 1151 3968 abducere
1160 3915 1227 3976 Sept.
1237 3915 1261 3964 s.

102 3993 217 4079 coepit.
263 3991 455 4078 Syracusani
471 4012 546 4054 vero
567 4002 601 4053 et
621 3989 698 4054 socii
726 3988 881 4076 urgebant
906 3987 1016 4054 eodem
1042 3987 1149 4066 modo,

139 4221 149 4248 ¹
163 4219 247 4276 Atque
257 4215 293 4261 ita
302 4215 414 4261 dedidere
425 4213 515 4274 seipsos
526 4213 617 4268 cuncti,
629 4225 732 4260 numero
741 4225 785 4260 sex
795 4211 873 4258 millia
884 4216 930 4258 etc.
952 4208 1024 4254 Vallo.
1128 4264 1134 4274 „

139 4279 148 4313 ί
162 4280 277 4340 Singulos
289 4292 333 4340 pro
343 4279 451 4340 quolibet
463 4279 561 4326 telento.
577 4276 686 4324 Aeacius.
