3004 4768
361 283 426 344 stt
736 269 1044 340 THUGYDlDlS

267 457 330 509 nat
363 467 436 512 rom
454 443 624 512 dominatu
645 457 844 545 regerentur,
865 443 953 534 quod
974 465 1016 510 ne
1030 442 1091 544 ipsi
1111 439 1243 529 quidem
1258 435 1393 535 ampliat

258 523 342 612 remp
362 533 395 598 in
410 530 592 617 reipublice
614 530 888 598 administratione
905 529 1054 617 populari
1075 542 1159 596 statu
1174 538 1280 594 essent
1295 523 1393 601 usuri)

247 587 348 712 δί’,ξοῇ
360 619 499 698 dicebat,
514 639 548 683 se
560 617 662 703 probe
676 618 768 694 scire,
784 638 843 682 nec
857 616 937 695 illes,
952 639 1026 703 quse
1045 614 1243 690 defecissent,
1257 611 1292 676 in
1306 630 1393 676 suam

259 715 299 762 θλ
313 717 337 766 t.
363 717 547 789 potestatem
560 727 590 768 m
635 703 643 718 ‘
668 713 835 787 propteroa
846 703 1012 781 redituras,
1027 723 1087 768 nec
1100 699 1179 778 illas,
1194 721 1268 786 quae
1278 705 1394 772 esseni·

260 780 331 888 3⁰·
360 789 590 858 constantiores
647 802 745 854 turea.
790 789 948 854 Futurum
969 789 1067 867 enim,
1082 787 1197 866 aiebat,
1212 798 1250 850 ut
1271 783 1392 884 illanc!

261 857 333 959 'aa'
359 877 443 943 circs
468 875 589 942 nollent
613 873 674 942 sub
700 894 875 960 paucorum
901 874 1077 952 dominatu,
1104 871 1153 938 rel
1183 873 1216 936 in
1245 867 1393 962 populari

358 975 453 1039 steht,
479 962 660 1028 servitutem
684 961 790 1046 potius
815 962 892 1046 pati,
919 982 1014 1046 quam
1034 961 1180 1025 libertate
1204 956 1281 1035 frui,
1308 951 1391 1056 appd

358 1059 590 1134 utrumcunque
603 1046 717 1114 harum
728 1047 866 1132 partium
876 1045 1099 1132 hsncadipieci
1111 1056 1250 1130 possent
1290 1041 1393 1120 Qum-

357 1135 453 1203 etism
471 1155 535 1212 eos,
557 1134 614 1222 qui
634 1131 759 1198 honesti
785 1131 941 1234 probique
963 1133 1022 1197 riri
1043 1145 1208 1209 vocantur,
1231 1127 1393 1194 existima-

349 1233 456 1298 turos,
483 1223 542 1286 hos
570 1239 635 1284 non
665 1219 770 1283 minus
793 1221 923 1304 nepotc,
946 1240 1041 1304 quam
1068 1217 1171 1303 ipsum
1201 1213 1391 1301 popularem

354 1319 483 1384 statum,
508 1305 569 1372 sibi
597 1303 808 1381 exhibituros,
825 1305 908 1406 Aqui
937 1305 1034 1370 duces
1059 1326 1097 1370 ac
1118 1315 1268 1370 auctores
1295 1299 1391 1366 firtnri

354 1405 460 1494 essent
487 1390 702 1493 calamitatum
733 1390 927 1492 reipubhcas.
954 1413 997 1456 ex
1021 1389 1137 1491 quibus
1150 1388 1391 1493 'calamitatibus

352 1498 690 1650 tumlti..
703 1475 1391 1647 lllfflllllltllnlss

351 1648 499 1750 imperio,
514 1669 549 1714 se
562 1649 613 1714 vel
626 1649 746 1716 indicta
760 1671 854 1714 osuts
867 1663 900 1714 et
908 1649 1068 1716 crudelius
1082 1661 1184 1714 morte
1198 1646 1389 1748 mulctatum

346 1735 745 1889 'inhibitum
763 1747 892 1908 'llll
915 1757 1015 1907 :llll
1038 1733 1391 1920 {zmilis

349 1907 478 1988 dicebm,
493 1907 636 1974 civitates
645 1907 712 1992 ipso
727 1907 924 1993 experientia
934 1907 1065 1974 edoctus
1078 1907 1119 1974 de
1133 1905 1183 1972 his
1197 1907 1243 1972 ita
1258 1919 1388 1970 sentire.

351 1991 463 2082 Neque
489 2015 562 2060 uam
578 1995 673 2082 igitur
687 1993 856 2082 quicquam
872 2015 994 2072 eorum,
1010 2017 1083 2082 qum
1097 1991 1146 2058 vel
1161 1993 1195 2058 in
1215 1991 1388 2078 praesentia

344 2080 389 2144 ab
404 2079 477 2146 Alci
501 2077 572 2146 iade
584 2092 781 2170 gererentur,
796 2080 856 2145 sibi
869 2079 1005 2166 placere.

391 2174 445 2233 49.
478 2165 545 2231 Sed
574 2165 629 2252 qui
657 2187 699 2232 ex
729 2165 950 2251 conjurationis
974 2166 1067 2234 sociis
1097 2189 1131 2232 eo
1158 2177 1385 2243 convenerant,

347 2250 429 2316 sicut
441 2263 474 2316 et
495 2251 587 2316 initio
608 2273 713 2316 mcum
737 2252 797 2336 ipsi
809 2253 1058 2331 'constituerant
1073 2268 1106 2318 et
1126 2263 1302 2338 praesentes
1315 2274 1385 2316 con·

348 2337 483 2402 ditiones
504 2338 544 2402 ol
565 2337 728 2404 Alcibiade
749 2337 869 2405 oblatas
889 2351 1090 2425 acceperunt,
1111 2351 1143 2404 et
1168 2337 1291 2426 legatos
1310 2360 1384 2402 cum

347 2423 437 2499 elios,
449 2437 517 2488 tum
534 2423 629 2488 ctiam
648 2423 850 2502 Pisandrum,
863 2425 1007 2490 Athenas
1021 2425 1148 2492 mittere
1161 2424 1265 2510 parati
1281 2437 1384 2504 erant,
1483 2423 1484 2436 ¹

347 2519 384 2572 ut
402 2521 434 2574 et
453 2509 495 2574 de
516 2507 685 2574 Alcibiade
704 2511 738 2574 in
752 2512 893 2594 putrium
916 2511 1098 2578 reducendo
1119 2524 1262 2598 agerent,
1285 2521 1320 2574 et
1343 2509 1385 2574 de
1483 2555 1484 2580 l

345 2593 488 2660 tollendo
508 2594 592 2661 illius
608 2594 792 2681 reipublicae
805 2595 952 2682 populari
967 2610 1061 2676 statu,
1077 2613 1175 2685 utque
1190 2595 1385 2684 Tissapher·

340 2679 394 2744 nis
407 2681 581 2746 amicitiam
598 2681 1073 2752 Athentnsibusooncilnrent
1483 2691 1484 2696 ’

387 2774 439 2832 50.
465 2766 665 2854 Phrynichus
687 2782 804 2847 autem,
819 2789 891 2834 oum
914 2769 1018 2849 sciret,
1034 2769 1133 2836 verba
1147 2767 1189 2834 de
1210 2769 1381 2836 Alcibiade
1482 2815 1484 2836 .

343 2851 524 2918 reducendo
538 2852 655 2919 factum
671 2853 721 2930 iri,
736 2853 869 2941 haeeque
881 2853 922 2920 ab
937 2854 1187 2922 Atheniensibus
1201 2855 1379 2922 admissum

343 2937 392 3014 iri,
407 2938 536 3015 teritus,
552 2961 593 3004 ne
608 2953 738 3025 propter
751 2961 799 3016 ea,
814 2961 887 3026 quse
908 2964 929 3006 a
942 2942 1023 3006 sein
1043 2943 1235 3008 contrariam
1252 2955 1381 3008 senten·

342 3023 419 3088 tiam
433 3023 520 3090 dicta
532 3024 674 3101 fuissent,
686 3025 711 3088 si
728 3027 762 3090 irs
772 3029 913 3108 potr-ium
935 3049 1077 3094 reversus
1093 3025 1210 3104 fuisset,
1226 3050 1259 3094 se
1282 3031 1381 3094 male·

340 3107 414 3174 licio
435 3110 584 3189 afficeret,
606 3111 692 3197 quod
708 3113 806 3194 ipsius
826 3114 957 3178 reditum
972 3112 1197 3199 impedivisset,
1212 3114 1379 3201 quoddam

335 3193 522 3261 bu'usmodi
551 3211 743 3284 stratagema
771 3197 1036 3282 comminiscitur:
1074 3199 1172 3265 mittit
1206 3201 1249 3265 ed
1282 3203 1378 3286 Asty-

337 3303 360 3344 o
405 3303 468 3360 um,
494 3281 810 3348 Lscedmmoniorum
831 3281 1037 3367 navarcbum‚
1051 3287 1137 3352 circa
1151 3285 1306 3352 Miletum
1319 3288 1378 3353 sd-

337 3365 401 3432 huc
434 3385 592 3456 agentem,
623 3368 834 3436 clandestinas
864 3369 979 3449 literas,
1014 3371 1130 3459 quibus
1159 3373 1375 3460 significabat,

339 3452 537 3520 Alcibiadem
565 3477 616 3518 res
651 3454 779 3520 illorum
808 3476 1028 3540 corrumpere,
1057 3459 1113 3544 qui
1147 3457 1376 3545 Tissaphernis

336 3537 510 3604 amicitiam
542 3539 790 3607 Atheniensibus
825 3542 1020 3608 conciliaret.
1080 3543 1124 3610 Et
1150 3541 1229 3610 alias
1262 3551 1378 3614 mauce

335 3625 439 3690 resin
453 3627 502 3690 lsis
523 3639 631 3711 nperte
652 3626 830 3712 scripserat.
876 3627 1010 3694 Veniam
1026 3645 1134 3696 autern
1148 3630 1208 3696 sibi
1229 3631 1373 3698 dandam

334 3712 543 3788 medicetur,
559 3713 615 3797 qui
629 3712 679 3778 vel
700 3733 773 3778 cum
788 3713 993 3780 incommodo
1013 3737 1077 3782 ruae
1091 3716 1226 3783 civitatis
1248 3719 1372 3808 aliquid

332 3793 408 3859 mali
437 3795 470 3859 in
503 3795 605 3863 hostis
635 3799 805 3881 perniciem
841 3801 1017 3866 moliretur.
1076 3803 1258 3889 Astyochus
1294 3829 1373 3872 vero

331 3879 532 3984 Alcibiadem
545 3883 695 3984 cuidem,
718 3886 908 3985 presertim,
931 3908 1004 3952 cum
1025 3907 1091 3953 uon
1111 3889 1372 4041 simplicemque,

329 3989 369 4031 cc
379 3990 476 4050 prms,
492 3989 525 4032 tn
540 3991 633 4051 spritu
648 3991 760 4036 manus
773 3985 905 4049 veniret,
921 3993 962 4038 ne
978 3973 1087 4040 ulcisci
1123 3977 1155 4042 ui
1178 3999 1230 4042 em
1245 3981 1369 4048 statuit.

332 4052 396 4119 Sed
411 4055 569 4141 adipsum
586 4053 787 4144 Mognesiem
802 4056 971 4144 profectus,
987 4073 1020 4124 et
1040 4061 1082 4126 ed
1101 3999 1367 4149 9l'istsphernem,

586 4243 651 4302 ¹Qui
661 4250 830 4312 largitionibus
841 4257 968 4301 uterentur
977 4259 1023 4301 etc.
1045 4254 1119 4304 Valla·
1183 4303 1187 4312 ,
