3004 4768
387 232 633 304 HISTORIAE
657 235 747 304 LIB.
764 231 870 306 'an
1079 246 1144 320 477

113 407 234 492 argila
246 406 424 494 persolvere
438 407 574 488 solebat,
586 408 690 476 donec
700 399 814 498 regem
823 399 1043 479 consuluisset.¹
1083 414 1146 481 Di·
1178 421 1241 480 ssu

113 493 196 558 cebet
209 507 324 572 autem,
338 517 374 581 se
388 496 528 582 integrus
553 496 721 561 drachmas
745 499 877 583 singrdis
895 501 1143 585 persoluturum,
1168 493 1252 557 ΜΨ

16 641 17 646 ,
112 579 136 641 si
149 601 202 643 res·
215 580 364 666 jussisset,
409 581 528 646 Verum
545 581 761 648 Hermocrate
777 584 1047 670 Syracusanorum
1063 585 1145 653 duce
1161 559 1260 686 ssffig',

111 667 349 745 contradicente,
366 665 597 752 (Theramenes
618 669 714 744 enim,
731 670 818 754 quod
834 673 900 754 ipse
913 693 978 736 non
994 685 1075 738 esset
1088 695 1145 738 na·
1169 689 1210 736 ss.
1228 687 1252 736 1.

112 751 249 830 rarchus,
262 753 316 818 sed
328 753 369 818 ad
382 753 569 818 tradendam
580 754 747 840 Astyoche
758 754 887 821 classem
900 779 975 823 cunr
988 758 1049 824 illis
1059 761 1146 824 nari·
1173 751 1205 800 ⁰·
1216 751 1246 799 ⁰·

108 849 204 923 garet,
219 837 252 902 in
272 838 422 925 stipendii
447 840 616 926 exactione
641 842 803 904 remissior
828 844 910 924 erat)
933 856 1041 909 tamen
1064 845 1147 911 inter
1177 816 1249 929 §ff

111 943 161 986 eos
181 925 339 1002 convenit,
356 937 402 1002 ut,
424 938 545 1010 praeter
565 925 708 1012 quinque
729 948 835 1004 naves,
850 928 923 1015 plus
944 951 1039 1016 quam
1065 933 1147 996 terni

113 1007 195 1074 oboli
215 1011 331 1076 viritim
358 1011 623 1096 persolverentur.
668 1009 753 1076 Nam
776 1015 918 1099 quinque
939 1027 972 1080 et
993 1017 1151 1102 quinqua-

16 1175 17 1182 *
107 1097 193 1180 ginta
208 1096 342 1162 naribus
355 1109 448 1161 terna
461 1097 582 1162 talenta
595 1099 629 1160 in
644 1097 788 1186 singulos
807 1121 932 1164 meuses
946 1101 1062 1167 dabat:
1086 1123 1149 1166 cre·

107 1180 241 1268 terisque
264 1183 410 1260 naribus,
426 1203 499 1270 quae
513 1185 598 1248 ultra
613 1185 700 1249 hunc
711 1207 880 1250 numerum
895 1199 997 1269 erant,
1009 1189 1049 1252 sd
1066 1187 1149 1254 hanc

107 1267 205 1351 ipsam
219 1269 376 1334 rationem
387 1291 449 1353 pro
459 1280 533 1336 rata
543 1270 688 1353 portiom
702 1271 894 1337 solvebatur.

148 1362 201 1418 80.
224 1354 301 1419 Hac
323 1355 434 1420 eadem
458 1355 583 1441 hyeme,
602 1355 821 1436 Athenienses,
837 1359 892 1445 qui
913 1359 999 1446 apud
1016 1361 1147 1426 Samum

106 1439 253 1526 agebant,
277 1441 332 1526 (ad
355 1463 409 1506 eos
434 1442 519 1505 enirn
544 1441 643 1505 domo
666 1455 822 1528 praterea
844 1459 1008 1524 venerant,
1024 1459 1056 1512 et
1078 1447 1149 1512 aliae

104 1525 245 1676 gprinque
266 1540 299 1592 et
322 1528 453 1616 triginta
478 1549 586 1604 naves,
601 1542 634 1591 et
656 1549 760 1593 eonem
784 1530 891 1608 duces,
909 1531 1103 1597 Charminus
1117 1546 1149 1598 et

143 1613 358 1678 rombichides
381 1627 414 1678 et
437 1614 633 1695 Euctemon)
655 1616 805 1680 omuibus
826 1617 971 1699 navibus,
987 1631 1053 1696 tam
1076 1618 1148 1696 illis,

102 1718 175 1782 quaa
189 1721 233 1764 ex
252 1698 347 1776 Chio,
363 1721 460 1784 quam
475 1699 555 1776 aliis,
571 1721 645 1785 quae
668 1700 796 1770 aliunde
818 1716 981 1782 venerant,
997 1705 1031 1767 in
1048 1725 1146 1768 unum

101 1785 286 1864 connectis,
302 1784 375 1850 belli
383 1787 562 1870 prouincias
576 1785 660 1849 inter
671 1808 705 1850 se
719 1787 832 1865 sortiti,
850 1787 1001 1868 Miletum
1018 1790 1146 1874 quidem

101 1870 270 1936 navalibus
284 1871 384 1956 copiis
396 1891 597 1972 oppugnare,
607 1873 660 1938 sed
676 1871 827 1938 adsersus
839 1873 957 1939 Chium
974 1886 1006 1939 et
1022 1875 1148 1940 navales

100 1968 132 2020 ct
146 1958 312 2040 pedestres
327 1958 435 2042 copias
455 1971 581 2022 mittere
603 1969 790 2024 statuerunt.
836 1959 934 2035 Quod
950 1961 1045 2026 stiam
1065 1960 1145 2024 fece·

99 2056 187 2109 rant.
235 2043 321 2109 Nam
339 2043 590 2109 Strombichides
612 2043 740 2128 quidem
756 2061 788 2110 et
804 2045 997 2112 Onomacles
1012 2059 1045 2111 et
1060 2045 1147 2112 Enc-

98 2141 222 2210 temon,
238 2152 313 2195 curn
329 2129 462 2218 triginta
475 2128 620 2207 navibus,
662 2151 717 2194 uas
733 2130 903 2209 habebant,
919 2144 1040 2198 etcum
1056 2145 1147 2218 parte

16 2253 17 2278 r
96 2215 208 2302 gravis
230 2228 402 2280 armaturae
426 2215 562 2281 militum
584 2215 625 2280 ad
685 2215 794 2300 ilerum
817 2217 1044 2302 proiectorum,
1067 2239 1147 2305 quos

43 2298 49 2313 “
97 2323 209 2366 secum
223 2301 386 2368 ducebant
405 2301 437 2365 in
453 2302 602 2366 actuariis
617 2302 761 2389 navigiis,
780 2306 811 2366 in
830 2303 948 2368 Chium
965 2307 1078 2370 sortito
1092 2326 1149 2370 na·

95 2387 264 2478 rigarunt.
310 2387 428 2453 Caeteri
449 2409 524 2452 vero
546 2390 680 2472 ipsorum
702 2391 825 2474 collegae
846 2387 932 2474 apud
950 2391 1081 2455 Samum
1097 2413 1148 2455 re·

97 2487 278 2553 manentes,
293 2495 368 2540 cum
383 2486 521 2564 quatuor
542 2495 579 2539 sc
601 2485 711 2560 septus
737 2475 803 2541 'nte
817 2475 950 2540 navibus
964 2498 1053 2556 mare
1066 2477 1148 2540 obti-

16 2591 17 2610 t
93 2560 234 2639 nebant,
250 2572 283 2626 et
296 2559 404 2626 classis
421 2560 654 2626 incursionibus
669 2559 720 2626 Mi
734 2573 821 2628 etum
837 2561 1038 2626 infestabant.

16 2679 18 2716 ι
141 2657 199 2715 81.
224 2647 404 2734 Astyochus
417 2667 505 2728 vero,
527 2659 563 2712 ut
584 2668 642 2732 per
657 2646 690 2710 id
705 2659 830 2733 tempus
849 2648 935 2733 apud
956 2647 1074 2724 Chium
1090 2647 1147 2712 ob·

16 2765 18 2774 v
95 2733 184 2798 sides
199 2745 334 2819 propter
348 2732 538 2819 proditionis
561 2748 681 2797 metum
704 2731 875 2822 deligebat,
887 2734 929 2798 ab
944 2736 1003 2798 hac
1016 2732 1146 2821 quidem

95 2843 131 2884 ra
145 2819 318 2898 abstinuit,
334 2829 504 2905 postquam
527 2819 693 2898 intellexit,
708 2820 838 2884 classem
859 2841 932 2885 cum
947 2821 1147 2886 Theramene

16 2937 17 2970 1
96 2907 226 2984 venire,
249 2918 281 2969 et
308 2927 360 2969 res
384 2905 543 2969 sociorum
572 2905 607 2968 in
635 2904 748 2969 melius
776 2906 943 2990 prolicere.
990 2907 1147 2974 Assumtis

94 3007 212 3058 autern
237 2989 346 3056 dacem
366 2990 643 3075 Peloponnesiacis
664 2991 808 3068 naribus,
827 2993 1025 3078 totidemque·
1045 2991 1147 3070 Chiis,

92 3078 130 3142 iu
145 3079 255 3145 altum
269 3076 338 3141 vela
352 3076 438 3142 fecit.
484 3075 567 3140 Cum
592 3087 695 3140 autem
715 3076 858 3141 Pteleum
879 3078 1012 3142 adortus
1027 3077 1149 3155 fuisset,

92 3187 158 3230 nec
174 3175 404 3250 expugnasset,
422 3160 629 3227 Clazomenas
644 3163 784 3226 tra'ecit:
808 3176 840 3227 et
850 3165 944 3249 jussit
954 3185 1021 3244 eos,
1037 3163 1093 3248 qui
1107 3183 1148 3227 ex

91 3252 176 3338 ipsis
189 3251 402 3315 Cluacarrerrr'r's
415 3269 489 3312 cum
503 3185 749 3312 Atheniensibus
764 3248 950 3327 sentiebant,
967 3249 1150 3334 Daphnun-

93 3350 178 3417 tem,
191 3337 229 3400 irs
245 3335 560 3414 loca'medr'terrcnea,
572 3334 720 3421 migrare,
736 3333 824 3399 etad
840 3357 912 3400 suas
928 3347 1032 3420 partes
1047 3348 1150 3400 trans·

90 3425 158 3491 ire.
210 3420 335 3486 Tamus
349 3421 456 3498 etiam,
469 3418 571 3484 Ioniae
583 3431 712 3506 praetor,
724 3419 808 3486 idem
821 3421 959 3486 ‘ubebat
999 3421 1062 3487 Sed
1075 3439 1149 3484 cum

90 3512 150 3576 uti
174 3509 339 3592 imperata
360 3505 464 3572 facere
486 3505 618 3584 nollent,
634 3505 748 3570 urbem
772 3507 867 3570 nulia
888 3508 987 3572 muris
1011 3507 1149 3571 cinctam

90 3597 251 3670 adortus,
262 3614 335 3658 cum
351 3592 419 3658 'eant
432 3589 694 3677 'expugnarenon
710 3605 824 3676 posset,
836 3595 903 3678 ipss
917 3593 1044 3679 quidem
1059 3591 1149 3657 Pho-

90 3703 206 3748 eoeam
224 3686 257 3744 et
272 3678 410 3743 Cumar'n
426 3678 547 3765 ingenti
560 3691 654 3743 vento
669 3676 792 3743 delatus
806 3679 914 3763 petiit:
937 3691 1063 3744 caeterae
1074 3699 1151 3744 vero

90 3791 205 3835 naves
222 3765 264 3831 ad
277 3763 509 3841 Marathusam,
526 3763 635 3842 Pelen,
648 3777 680 3828 et
690 3764 889 3850 Drimyssam
905 3765 1024 3831 insulas
1036 3765 1150 3830 Clazo-

89 3854 213 3922 menis
229 3851 406 3937 sdjacentes
425 3850 627 3935 appulerunt.
671 3851 753 3916 Cum
775 3863 880 3916 autem
894 3851 963 3916 dies
977 3863 1060 3929 octo,
1075 3871 1151 3936 pro-

87 3956 175 4030 pter
200 3939 377 4002 contrarios
389 3949 500 4002 ventos
514 3935 586 4000 illic
592 3937 707 4001 morati
722 3935 864 4020 luissent,
874 3959 924 4004 res
937 3958 1046 4016 omrres,
1062 3958 1151 4022 quse-

89 4046 241 4114 cunque
263 4024 330 4088 r'llr'c
343 4033 435 4088 erant
449 4023 611 4108 expositae,
627 4043 701 4109 quae
716 4023 757 4086 ad
773 4022 991 4089 Clazomenios
1012 4023 1151 4107 pertine-

86 4119 195 4191 bant,
215 4108 333 4196 psrtim
356 4107 483 4199 quidem
504 4108 706 4195 diripuerunt
719 4121 752 4178 et
766 4125 1018 4188 consumserunt,
1033 4107 1149 4196 purtim
