2996 4782
423 317 668 386 HISTORIAE
694 319 782 386 LIB.
808 319 833 386 1.
1112 329 1154 388 οδ

106 509 183 554 uero
199 493 295 574 (tunc
308 491 395 555 e'nim
409 489 491 556 forte
505 513 577 556 cum
592 492 740 558 ducentis
751 491 897 572 neribus,
912 503 979 560 turn
995 494 1071 570 suis,
1086 505 1154 560 tum

106 577 285 660 sociorum,
306 576 425 642 beilum
442 577 553 664 Cypno
566 578 754 660 intulerant)
776 579 888 664 Cypro
903 579 1012 648 relicta
1033 601 1068 644 eo
1089 579 1155 644 ive-

108 678 195 742 runt,
211 679 302 728 etex
320 665 401 728 meri
419 663 529 730 Nilum
547 665 688 754 ingressi,
703 680 736 732 et
750 667 882 732 flumine
896 668 968 750 ipso
982 677 1014 732 et
1028 665 1155 734 duabus

110 749 315 836 Memphidis
325 751 470 836 pertibus
479 751 585 836 potiti,
597 751 639 818 ed
650 751 776 817 tertium
786 764 922 838 partem,
933 775 1007 840 quoe
1020 751 1156 820 Murus·

110 835 203 901 albus
236 837 429 922 appelletur,
454 836 573 903 bellum
603 839 766 924 gerebant.
827 839 877 904 lbi
903 852 1010 906 autem
1031 839 1156 906 inerunt

112 923 231 1002 Persoe,
243 936 276 988 et
289 923 392 1004 Medi,
429 922 613 990 uieoeonfu
637 939 737 1000 eruut,
753 937 785 990 et
804 938 962 1013 quotquot
976 926 1018 992 de
1029 925 1156 1014 AEgyp·

111 1010 164 1074 tiis
178 1033 199 1076 a
216 1011 306 1096 Rege
314 1031 388 1075 cum
403 947 473 1075 dtis
485 1031 549 1075 non
563 947 754 1078 deficerent.

159 1105 232 1163 105.
255 1095 465 1162 Athenienses
478 1118 557 1161 vero
571 1097 706 1163 navibus
721 1098 763 1164 ed
779 1097 895 1164 Helias
914 1100 1044 1186 egressi,
1068 1120 1158 1184 proe·

110 1181 190 1247 lium
206 1204 281 1248 cnm
298 1183 474 1248 Corinthiis
494 1196 527 1249 et
541 1183 726 1269 Epidauriis
739 1185 978 1262 commiserunt,
993 1198 1026 1250 et
1042 1185 1158 1250 Corin·

113 1268 239 1334 thii‘eos
253 1271 406 1336 vicerunt.
454 1269 632 1357 Posteaque
645 1269 855 1338 Athenienses
865 1270 970 1338 navali
985 1290 1094 1358 pugne
1116 1273 1157 1336 ed

113 1354 369 1442 Cecrypheleem
390 1377 463 1422 cnm
484 1355 792 1442 Peloponnesiorum
813 1357 912 1425 classe
934 1358 1157 1436 conflixerunt,

111 1455 145 1506 et
157 1453 232 1506 tuere
247 1441 460 1508 Athenienses
474 1443 609 1508 victores
623 1445 761 1510 metunt
809 1446 927 1510 Postea
940 1457 1058 1524 entem,
1074 1443 1159 1510 bello

112 1527 266 1594 adversm
288 1527 455 1616 AEginetes
476 1529 518 1594 nh
539 1529 791 1597 Atheniensibus
811 1544 912 1611 moto,
926 1553 1080 1617 maguum
1103 1553 1159 1596 na·

112 1615 183 1680 veie
199 1614 352 1700 proelium
372 1615 413 1681 ed
434 1615 586 1704 AEginem
604 1616 688 1682 inter
706 1616 874 1705 AEginetes
896 1630 929 1684 et
948 1616 1159 1684 Athenienses

112 1702 319 1766 commissum
329 1710 387 1780 est,
402 1712 435 1766 et
450 1705 485 1768 in
499 1725 535 1768 eo
549 1703 627 1768 socii
638 1705 782 1790 utrisque
795 1703 978 1770 adfuerunt.
1024 1704 1160 1771 Atheni·

112 1791 206 1852 enses
221 1809 297 1852 vero
312 1788 483 1874 AEgieetos
494 1789 648 1868 vicerunt,
661 1792 825 1877 captisque
836 1789 964 1856 illorum
976 1791 1161 1878 septuagin-

113 1885 147 1938 tn
161 1873 308 1955 navibus,
321 1874 356 1940 in
366 1887 484 1941 terram
500 1873 744 1956 descenderunt,
754 1891 785 1942 et
794 1877 877 1942 duce
888 1877 1044 1944 Leocrete
1056 1878 1160 1944 Stroe·

113 1961 146 2026 bi
155 1962 238 2044 filio
262 1962 365 2026 urbem
387 1961 534 2028 obsidere
551 1976 733 2048 coeperunt.
778 1962 907 2031 Deinde
930 1961 1161 2049 Peloponnesii,

112 2068 189 2112 enm
206 2069 305 2134 opem
330 2046 491 2136 AEgiuetis
513 2049 596 2114 ferre
619 2048 745 2128 vellent,
762 2061 918 2115 trecentos
934 2051 1040 2138 grevia
1057 2071 1162 2116 ermu-

113 2147 197 2198 tures
218 2134 346 2211 milites,
387 2136 421 2199 ui
445 2134 621 2202 Corinthiis
642 2149 675 2200 et
702 2133 886 2221 Epidauriis
907 2136 1066 2202 auxilium
1087 2149 1163 2202 ente

115 2219 265 2300 tulerunt,
288 2220 323 2284 in
414 2221 499 2286 ‘nom
523 2222 776 2300 transmiserunt,
799 2235 832 2288 et
859 2222 1016 2290 Geranee
1030 2245 1163 2292 ,summa

109 2299 198 2394 jugn'
208 2320 423 2391 occuparunt.
466 2306 629 2374 Corinthii
638 2331 716 2375 vero
724 2331 798 2376 curn
807 2309 943 2376 sociisin
960 2331 1074 2396 agrum
1089 2308 1163 2376 Me-

113 2415 282 2481 garensem
304 2393 549 2474 descenderunt,
564 2395 652 2482 quod
672 2395 885 2464 Athenienses
899 2408 1031 2482 propter
1050 2395 1163 2466 absen-

113 2482 600 2656 ffimgcnfflgggm.
617 2541 619 2546 ’
639 2481 1163 2655 {eiiiihmop‘ffiinitffli

564 2611 574 2645 9

114 2674 210 2738 pone
222 2653 461 2718 existimarent:
484 2667 526 2733 et,
543 2656 570 2719 si
585 2675 679 2740 opem
695 2653 758 2720 illie
778 2653 908 2732 ferrent,
933 2675 966 2720 ee
985 2676 1027 2720 ex
1041 2654 1088 2722 AE
1110 2655 1165 2722 ina

115 2739 213 2804 motis
223 2739 335 2804 cestris
348 2739 552 2806 dhmssums.
598 2739 663 2808 Sed
678 2739 889 2810 Athenienses
898 2741 1008 2826 copies
1022 2743 1075 2826 qui
1100 2763 1163 2821 em,

116 2847 196 2928 qum
206 2825 248 2892 ed
262 2819 535 2928 Qum-erant,
551 2849 610 2892 sno
632 2826 706 2892 loco
719 2849 791 2928 non·
800 2839 990 2894 moverunt:
1014 2843 1048 2929 pt
1058 2849 1100 2930 ex
1114 2849 1165 2896 re·

115 2913 1165 3100 neuutsuttsuuuuusentius

117 3084 231 3152 Marte
246 3105 320 3152 eum
345 3085 523 3152 Corinthus
544 3087 722 3164 commisse,
738 3086 831 3156 elteri
852 3085 894 3152 ab
909 3085 1016 3152 ulteris
1038 3087 1165 3154 diremti

115 3185 202 3250 sunt,
218 3185 251 3237 et
264 3173 394 3258 utrique
407 3195 473 3238 non
488 3174 646 3240 deteriore
664 3172 849 3242 conditione
864 3195 932 3240 rent
946 3172 980 3238 in
1002 3172 1119 3258 proelio
1143 3196 1163 3238 e

114 3271 303 3410 nutet
312 3259 561 3412 „itti-¹:¹53
570 3258 1166 3432 eiiciiiffleiiig‘ffidffi

115 3452 190 3496 ores
203 3430 344 3514 fuerant)
359 3445 434 3518 poet
446 3431 688 3498 Corinthiorum
700 3429 872 3498 discessum
881 3443 1039 3517 tropoeum
1049 3445 1166 3497 statue·

117 3532 205 3584 runt.
252 3517 416 3584 Corinthii
441 3541 517 3584 vero
539 3519 687 3605 increpiti
709 3540 729 3581 e
748 3517 937 3600 senioribus,
952 3518 1008 3603 qui
1030 3518 1064 3584 iu
1079 3517 1167 3586 ,urbe

1 3661 2 3706 ἐ
115 3616 221 3686 munt,
242 3603 412 3670 duodecim
433 3605 532 3672 ferme
552 3605 663 3672 diebus
678 3617 751 3689 post
769 3604 917 3670 instructi
939 3617 1107 3683 venerunt,
1133 3619 1165 3670 et

116 3703 279 3777 tropoeum
295 3715 314 3756 e
402 3713 465 3756 one
486 3694 617 3758 ulterius
635 3691 697 3777 ipsi
711 3707 839 3778 quoque
860 3705 1013 3776 tanquam
1030 3691 1166 3758 victores

117 3789 274 3844 meunt,
401 3776 624 3856 Athenienses,
640 3777 780 3844 elamore
794 3776 931 3855 sublato,
947 3791 980 3844 et
997 3777 1166 3863 eruptione

118 3864 268 3954 Megaris
282 3863 376 3944 fecte,
396 3877 429 3929 et
448 3863 532 3943 illos,
548 3865 605 3951 qni
624 3877 781 3951 tropeum
803 3863 977 3952 erigebant,
1001 3863 1169 3930 interteces

117 3963 206 4030 runt,
221 3963 344 4016 etcum
359 3951 482 4018 caeteris
496 3952 671 4040 congressi,
691 3973 741 4017 eos
754 3966 958 4036 supererunt.

165 4047 240 4106 106.
263 4037 317 4103 lili
340 4061 426 4121 vero,
450 4039 590 4124 superati
616 4037 848 4104 discesseruntt
886 4036 1034 4125 quaedem
1059 4048 1166 4105 sotem
1190 4103 1192 4110 ,

117 4145 231 4192 eornm
256 4145 323 4192 non
337 4125 456 4216 exigue
473 4147 559 4212 pars,
575 4147 648 4213 qum
669 4124 711 4191 eb
725 4123 819 4190 hoste
833 4125 1018 4210 insequente
1040 4142 1166 4210 prense-

241 4323 255 4350 θ
267 4317 346 4368 Pereo
358 4325 483 4368 momento
494 4319 630 4381 superiores
646 4320 750 4366 tuerent.
785 4317 893 4366 Aradus.
929 4315 1018 4364 Hnns.

618 4391 673 4446 ns
