2982 4786
362 301 426 360 seo
668 331 672 340 -
717 283 1021 375 rnucromrjs

267 477 326 528 ssu
361 465 437 551 quid
453 464 675 548 conjectarent.
708 461 839 526 Deinde
849 477 925 528 veru
938 481 1011 525 cum
1026 471 1059 525 et
1072 461 1119 524 illi
1134 460 1403 546 seserecepirsent

256 541 340 653 “¹⁰2
360 573 398 616 sc
412 548 619 624 sbtlidissent;
643 546 703 631 ipsi
717 567 793 612 vero
808 543 1015 634 quiescerent
1030 567 1090 612 nec
1107 547 1177 612 illos
1199 547 1402 634 insequeren-

240 609 345 732 ’ὃῗρὲμ
362 651 428 702 tur:
451 650 529 700 tunc
543 655 619 698 vero
633 654 706 698 suos
720 633 817 698 duces
832 655 941 698 rursus
957 632 1103 696 incusare
1117 647 1301 716 coeperunt,
1317 633 1402 718 quod

259 735 392 786 suaet
414 720 499 805 prius
523 718 768 795 Lscedaemonii,
784 720 838 806 qui
861 740 963 803 prope
980 719 1085 805 Argos
1106 731 1290 804 opportune
1312 730 1402 782 erent

259 864 283 908 V

259 799 290 848 ⁰·
302 801 329 847 ⁰·
360 806 537 890 intercepti,
553 805 672 870 dimissi
684 801 825 869 ,fuissent
833 827 843 881 ;
866 815 898 869 et
912 825 998 868 nuuc
1012 802 1209 890 susugientes
1230 804 1340 868 nullus
1353 805 1401 868 io-

244 937 248 950 .
266 878 331 976 332¹
360 905 554 978 sequeretur,
565 890 620 954 sed
636 911 694 974 per
708 890 808 954 otium
825 888 870 952 illi
885 889 1015 974 quidem
1030 889 1205 954 incolumes
1218 887 1400 967 evaderent,

359 979 420 1062 ipsi
435 999 511 1042 vero
531 976 754 1061 proderentur.
798 975 907 1040 Duces
921 996 997 1038 vero
1018 975 1157 1058 primum
1180 973 1313 1060 quidem
1335 989 1401 1040 tur·

359 1063 426 1128 bati
440 1076 524 1141 sunt,
539 1060 744 1128 deindevero
766 1061 851 1145 ipsos
865 1083 884 1125 s
899 1059 980 1125 colle
1000 1059 1214 1136 abduxerunt,
1229 1072 1264 1124 et
1278 1061 1311 1124 in
1334 1063 1401 1146 ple·

359 1149 470 1250 pitiem
499 1147 667 1235 progressi,
697 1157 800 1210 cestre
830 1148 897 1210 illic
926 1159 1112 1230 posuerunt,
1141 1156 1178 1211 ut
1205 1146 1241 1208 in
1275 1145 1399 1212 hostm

359 1247 456 1386 liudi.
481 1317 640 1384 Postridie
661 1329 768 1384 sutem
793 1319 915 1408 Argivi,
935 1339 1110 1402 eorumque
1130 1317 1207 1382 socii
1230 1318 1333 1382 eciem
1354 1321 1397 1383 in·

359 1415 554 1479 struxerunt,
566 1416 602 1469 ut
616 1427 680 1470 mn
694 1407 779 1470 hoste
792 1403 976 1492 pugnaturi,
989 1405 1015 1468 si
1031 1407 1065 1467 in
1078 1405 1191 1468 hostem
1206 1404 1400 1470 incidissent.

237 1547 240 1552 ,
360 1489 597 1555 Lccedoemonii
613 1511 698 1567 vero,
714 1491 792 1556 dum
806 1493 946 1575 absque
967 1511 1075 1554 rursus
1090 1489 1131 1554 ad
1148 1488 1304 1554 Herculis
1321 1501 1399 1554 tem·

358 1576 448 1660 plum
464 1576 497 1638 in
511 1575 621 1640 eedem
637 1589 740 1641 cestra
763 1589 1008 1652 reverterentur,
1024 1575 1223 1640 sdversarius
1244 1575 1338 1640 brevi
1353 1579 1399 1640 iu·

358 1663 489 1727 ter-callo
502 1683 523 1724 a
538 1683 570 1726 se
583 1665 745 1741 distantes,
759 1681 932 1750 omnesque
954 1663 1016 1726 'em
1036 1660 1069 1724 in
1085 1661 1152 1726 scie
1165 1672 1296 1737 utentes,
1313 1675 1398 1726 etex

359 1747 440 1811 colle
462 1767 644 1832 progressos
666 1747 875 1831 conspiciunt.
954 1768 1017 1811 unc
1038 1747 1138 1834 igitur
1160 1746 1398 1811 Lscedoemooii

358 1844 450 1934 tento
465 1833 578 1932 timore
594 1833 728 1918 perculsi
744 1832 882 1932 fuerunt
897 1844 1017 1918 quanto
1033 1853 1195 1932 nusquam
1209 1845 1298 1932 eme,
1315 1833 1400 1934 quod

358 1931 1400 2089 iidiiiiiiililliddiiiliiiiiffifflfflill‘i

359 2090 477 2176 quique
491 2091 636 2156 ordinem
652 2089 815 2154 confestim
831 2113 864 2154 se
878 2102 1075 2174 receperunt,
1089 2089 1196 2176 Agids
1209 2091 1321 2156 omnis
1336 2091 1400 2155 lm·

359 2176 514 2261 peratoris
537 2176 647 2240 munis
665 2176 813 2253 obeunte,
831 2188 867 2240 ut
885 2175 936 2240 lex
952 2174 1056 2260 jubet.
1100 2174 1211 2251 Quum
1228 2177 1315 2240 enim
1332 2176 1401 2242 Rex

359 2263 522 2326 exercitum
543 2260 642 2338 ducit,
663 2261 772 2327 omnia
791 2261 834 2326 eb
856 2261 911 2326 illo
932 2273 1105 2348 regnotum
1127 2273 1159 2324 et
1180 2261 1249 2346 ipse
1271 2261 1400 2345 quidem

361 2345 580 2411 Polemsrchis
608 2346 802 2428 indicates,
828 2369 902 2432 quae
930 2363 1007 2412 sunt
1033 2345 1190 2412 faciende.
1236 2345 1400 2423 illinere,

361 2431 532 2519 Lochugis.
575 2432 622 2497 At
646 2431 789 2519 Lochegi
815 2431 1140 2496 Pentecontsteribus.
1186 2432 1313 2497 Rursus
1338 2433 1401 2510 isti,

275 2533 282 2541 ‘
361 2517 618 2583 Enomoturchis.
664 2517 911 2582 Enomotsrchoe
930 2540 1016 2594 ver-o,
1033 2539 1096 2582 suae
1117 2517 1312 2582 Enomotiae.
1359 2517 1403 2583 Et

359 2601 505 2752 {imper-is,
528 2603 742 2704 siquidlreges
759 2603 968 2754 fierimqlelint,
990 2603 1102 2752 eodetm
1129 2603 1242 2753 {idme
1268 2625 1402 2691 progre-

362 2701 1093 2850 ..tt‘tttttttttttttnpssssttt.
1115 2709 1402 2860 ..iitimgiiiii

362 2858 546 2958 sunt-duces
560 2859 690 2937 ducum,
707 2873 739 2924 et
760 2881 866 2924 rerum
888 2860 1098 2948 gerendarum
1121 2881 1198 2925 curs
1217 2860 1256 2924 sd
1281 2860 1402 2925 multos

362 2957 577 3100 peiiine'tl'unc
598 3045 703 3098 autern
723 3036 753 3098 in
769 3036 895 3100 sinistro
911 3035 1038 3121 quidem
1061 3036 1202 3118 ipsorum
1217 3057 1317 3099 cornu
1335 3035 1404 3100 col·

362 3117 457 3182 locuti
472 3133 564 3184 erunt
579 3119 714 3197 Seniue,
731 3121 785 3204 qui
800 3121 859 3185 soli
873 3143 914 3185 ex
932 3121 1184 3186 Lacedaemoniis
1206 3120 1293 3185 hunc
1312 3121 1404 3185 ordi·

362 3224 437 3269 uem
459 3225 516 3288 per
538 3227 582 3282 se,
605 3227 667 3268 non
685 3209 838 3288 permisti
853 3207 941 3281 aliis,
957 3227 1080 3290 semper
1101 3205 1256 3270 obtinent.
1299 3205 1406 3270 Juxta

362 3289 431 3367 hos,
459 3291 639 3355 Brasidisni
663 3291 778 3356 milites
803 3315 843 3356 ex
868 3291 1007 3358 Thracis
1033 3291 1159 3368 reversi,
1181 3305 1213 3356 et
1237 3313 1310 3356 cum
1341 3291 1405 3374 illis

364 3375 599 3442 Neodsmodes.
642 3375 773 3441 Deinde
796 3379 864 3463 jum
895 3377 955 3464 ipsi
984 3377 1222 3452 Lacedaemonii
1249 3376 1407 3464 deinceps

364 3460 493 3526 Locbos
508 3463 753 3540 constituebant,
770 3477 802 3526 et
817 3465 912 3550 juxta
930 3463 1027 3547 ipsos,
1042 3485 1083 3528 ex
1099 3463 1277 3528 Arcadibus
1292 3464 1334 3543 ii,
1351 3467 1408 3548 qui

363 3559 510 3612 wcantur
525 3549 724 3613 Heroeensss.
771 3548 849 3613 Post
862 3548 936 3626 bos,
955 3547 1111 3632 Maenalii.
1158 3549 1221 3614 Sed
1237 3549 1269 3612 in
1283 3547 1408 3616 dextro

364 3653 464 3696 cornu
481 3633 644 3720 Tegeetoe,
659 3647 692 3698 et
705 3635 798 3718 pauci
814 3633 1143 3713 Lacedaemoniorum,
1157 3637 1210 3720 qui
1225 3647 1407 3700 extremum

363 3717 427 3800 (jus
449 3729 571 3800 partem
601 3720 763 3800 tenebunt,
786 3732 819 3784 et
847 3721 987 3804 ipsorum
1017 3722 1175 3807 equitatus
1204 3721 1237 3784 in
1263 3733 1409 3809 utroque

363 3825 462 3868 cornu
488 3802 660 3868 collocatus
686 3807 763 3870 erst.
810 3807 916 3893 Atque
940 3807 1173 3873 Lacedaemonii
1198 3807 1332 3892 quidem
1362 3809 1410 3874 sic

362 3905 453 3954 erent
467 3891 625 3954 instructi.
672 3891 823 3956 Hostium
833 3895 915 3976 ivero
929 3894 1004 3977 ipsis
1018 3894 1410 3978 oppositorumdextrum

362 3974 489 4060 quidem
512 3997 612 4040 cornu
636 3975 795 4078 Msntipei
815 3978 977 4056 tenebunt,
993 3978 1081 4080 quod
1103 3979 1136 4044 in
1158 3979 1299 4081 ipsorum
1326 4003 1411 4082 agro

361 4064 934 4236 tntillilittttttl
949 4065 1413 4234 ⁸iii.i⁸·lii⁸.ll⁸.l.¹‘.'ii.·⁰i¹.3

363 4234 397 4296 iu
411 4234 497 4299 rebus
512 4235 627 4302 bellicis
638 4236 882 4324 seseerercendi
898 4173 1271 4322 ficiltatemlpraebebat.
1295 4235 1415 4332 Prope
