2994 4788
369 287 617 360 HISTORIAE
640 289 729 358 LlB.
754 289 815 358 lv.
1046 299 1113 360 249

105 463 372 542 omnimodorum,
388 466 442 550 qui
458 465 491 529 in
503 463 558 531 illa
567 464 698 552 regione
708 475 808 540 erant,
818 461 1115 542 auxiliaevoaeeset,
1149 487 1211 538 asu.

103 549 231 615 adversus
246 549 444 638 Salyuthiurn
457 563 490 616 et
500 551 636 638 Agraeos
650 551 788 635 primum
803 572 876 615 cum
887 552 1028 616 exercitu
1043 572 1117 636 pro-
1138 553 1221 616 retop.

104 635 199 714 lectus,
214 639 390 724 caeterisque
404 639 498 716 rebus
518 639 550 701 in
572 659 661 702 suam
683 649 869 722 potestatem
892 637 1035 715 redeatis,
1051 659 1119 702 sese
1132 617 1230 744 8¹¹3„ss

104 725 291 806 preparabat,
307 737 354 804 ut,
369 723 499 811 quando
513 745 595 810 opus
616 735 708 802 esset,
723 722 764 788 ad
789 723 905 809 Siphas
915 727 984 790 suis
1006 745 1118 788 oecur-
1144 745 1184 794 aa.
1196 747 1220 794 1.

103 822 181 874 reret.
1144 803 1218 860 uc.

140 901 186 964 78.
208 895 354 962 Brasidss
368 909 474 961 autem
490 917 548 981 per
561 895 624 960 hoe
645 896 749 981 ipsum
765 897 882 961 aestatis
897 910 1030 984 tempus,
1046 919 1118 962 cum
1145 875 1217 990 *Q*

102 982 177 1047 mille
189 996 217 1048 et
232 983 438 1068 septingentis
452 983 558 1070 gravis
573 995 742 1047 armaturea
756 982 908 1048 militibus
926 982 984 1048 ¹ad
999 985 1120 1048 obeun-

104 1066 152 1132 das
172 1091 217 1133 res
238 1067 388 1133 Thracias
410 1090 555 1155 pergens,
579 1069 634 1133 ubi
657 1068 801 1154 pervenit
826 1068 1028 1145 Heracleam,
1047 1091 1121 1154 quae

103 1167 143 1218 est
154 1154 183 1217 iu
194 1177 269 1242 agro
285 1155 473 1231 Trachinia,
488 1155 545 1219 ubi
559 1155 653 1219 etiam
673 1154 837 1233 Panaerus,
852 1154 972 1231 Dorus,
990 1154 1122 1239 Hippo-

102 1238 236 1320 loebidas,
253 1239 424 1328 Torylaus,
440 1254 471 1305 et
496 1241 694 1326 Strophacus
719 1239 974 1306 Chalcidensium
996 1243 1120 1325 hospes,

101 1329 138 1390 ad
148 1349 207 1392 eum
220 1327 260 1393 ad
278 1325 436 1392 Melitiam
453 1325 587 1392 Achaiae
601 1329 747 1409 oppidum
762 1340 924 1404 venerunt,
941 1328 1026 1411 (ipse
1036 1329 1122 1391 enim

102 1414 232 1478 nuntium
254 1412 294 1478 ad
316 1435 389 1478 suos
409 1415 606 1478 necessarios
630 1411 818 1478 Pharsalum
845 1414 1051 1498 praemiserat,
1074 1435 1123 1478 eos

103 1519 214 1585 rogans,
238 1513 273 1565 ut
294 1521 328 1563 se
348 1521 482 1586 suasque
502 1500 609 1584 copias
626 1521 688 1582 per
699 1499 896 1576 jTtessatiam
915 1499 1122 1580 deducerent)

102 1582 141 1647 ita
152 1584 271 1650 demum
296 1598 372 1650 tunc
393 1586 439 1649 ire
484 1586 611 1652 errexit.
658 1584 751 1648 Illum
772 1606 848 1650 vero
868 1586 1029 1652 deducunt
1051 1607 1122 1650 cum

102 1669 147 1732 alii
161 1671 311 1750 Thessali,
327 1684 395 1736 tum
410 1695 448 1737 ex
495 1672 593 1736 arisss
616 1670 790 1734 Niconidas
814 1672 976 1737 Perdiecae
995 1671 1124 1738 amicus.

103 1755 210 1842 alioqui
229 1760 314 1823 enirn
338 1757 535 1823 Thessaliam
561 1757 629 1822 siue
654 1757 744 1835 duce,
768 1757 927 1842 praecipue
952 1779 1125 1822 varocum

102 1845 194 1920 muria
210 1844 384 1929 petransire
399 1843 526 1909 difficile
541 1856 620 1908 erat.
665 1846 771 1928 Atque
790 1842 870 1907 adeo
885 1845 1002 1928 pariter
1023 1846 1125 1908 omni·

102 1926 153 1991 bus
173 1931 292 1996 Graecis
313 1953 363 1995 rea
384 1945 452 1996 erat
474 1942 629 2016 suspecta,
650 1949 707 2013 per
729 1927 938 1992 finitimorum
964 1930 1124 2015 regionem

102 2015 254 2082 renianon
269 2018 441 2101 impetrata
461 2017 605 2080 transire.
652 2013 875 2100 Perpetuoque
897 2014 1125 2080 Thessalorum

102 2099 180 2180 plebs
199 2102 445 2168 Atheniensibus
466 2116 534 2167 erut
559 2101 722 2166 benevola.
767 2099 877 2177 Quare
899 2101 959 2164 nisi
982 2099 1127 2166 Thessali

101 2187 194 2268 patrio
221 2190 376 2266 instituto,
400 2211 569 2272 peucmum
598 2187 763 2252 dominatu
792 2186 1027 2274 potiusquam
1048 2187 1128 2272 juris

100 2273 303 2358 aequabilitate
316 2276 366 2340 usi
380 2273 520 2354 fuissent,
535 2276 691 2340 Brasidas
703 2271 840 2356 proficio
861 2295 1024 2361 nunquam
1047 2271 1129 2339 ulte·

101 2359 157 2422 rius
170 2382 353 2450 progressus
368 2361 483 2426 fuisses
530 2359 692 2446 Siquidem
710 2359 756 2424 vel
781 2372 859 2426 tune
873 2360 945 2424 alioe
958 2359 1127 2426 contrariae

100 2441 233 2514 factionis
253 2450 394 2514 Thessali
408 2448 436 2512 ei
459 2446 519 2512 iter
532 2445 658 2510 facienti
680 2444 722 2509 ad
744 2446 865 2511 flumen
887 2447 1047 2547 Enipeum
1070 2447 1128 2508 ob·

100 2530 173 2595 riam
195 2534 331 2610 iverunt,
347 2555 483 2619 eumque
504 2534 640 2596 transire
660 2531 884 2617 prohibebant,
900 2545 932 2596 et
953 2533 1067 2619 injuste
1083 2529 1128 2594 f·

100 2635 163 2682 cere
181 2619 342 2698 dicebant,
365 2620 451 2704 quod
474 2619 542 2682 sine
560 2617 688 2701 publiea
710 2619 806 2684 totius
831 2619 935 2707 gentis
959 2616 1130 2682 autoritate

99 2707 245 2771 hundret.
293 2706 347 2772 Illi
362 2727 447 2782 vero,
462 2705 518 2791 qui
532 2703 743 2781 deducebant,
760 2705 919 2779 dixerunt,
935 2726 967 2769 se
981 2725 1041 2770 nec
1052 2704 1130 2789 ipsis

100 2787 197 2856 inritis
211 2815 286 2858 eum
303 2791 525 2857 traducturus:
549 2789 614 2867 sed,
630 2811 703 2854 cum
726 2790 767 2856 ed
789 2813 822 2856 se
842 2803 971 2876 repente
985 2789 1130 2855 advenie-

99 2889 151 2954 set,
164 2900 197 2943 se
215 2902 277 2966 pro
301 2879 428 2964 hospitii
449 2876 688 2953 necessitudine,
704 2899 777 2963 quoe
796 2877 855 2943 sibi
874 2899 947 2944 oum
972 2899 1010 2940 eo
1032 2877 1131 2941 inter·

100 2962 226 3043 cederet,
241 2988 317 3030 eum
340 2965 505 3029 deducere.
551 2962 735 3038 Quinetiam
751 2967 817 3050 ipse
839 2986 965 3051 quoque
981 2960 1130 3030 Brasidas

99 3048 224 3134 dicebat,
236 3075 270 3116 se
286 3049 514 3116 Thessalorum
571 3071 618 3126 ro,
635 3048 773 3135 ipsisque
787 3052 922 3115 amioum
939 3052 1014 3114 illac
1027 3061 1132 3112 trans-

98 3133 149 3212 ire,
164 3151 194 3202 et
209 3137 458 3204 Atheniensibus
472 3072 617 3200 haedibus
631 3135 704 3213 suis,
720 3157 785 3200 non
801 3149 907 3200 autern
922 3135 999 3219 ipsis
1013 3133 1130 3197 bellurn

98 3219 226 3308 inferre:
250 3245 313 3288 nec
328 3222 407 3287 ullas
428 3223 509 3287 sciis
530 3223 615 3286 inter
631 3219 800 3292 Thessalos
821 3234 854 3287 et
871 3219 1132 3286 Lacedaemonios

97 3305 282 3387 inimicitias,
299 3331 372 3395 quoe
394 3308 593 3394 impedirent,
610 3327 651 3370 ue
671 3306 761 3372 alteri
779 3308 950 3372 alterorum
973 3305 1042 3370 solo
1064 3315 1132 3369 ute·

96 3409 211 3460 rentur.
245 3417 346 3483 sequa
368 3395 443 3480 ipsis
466 3393 572 3458 inritis
597 3414 683 3457 nuno
705 3414 769 3457 non
790 3413 1052 3482 progressurumr
1076 3413 1134 3456 neo

97 3482 175 3545 euim
190 3505 306 3568 posse:
331 3493 535 3546 veruntamen
552 3500 654 3555 orare,
665 3501 705 3544 ne
714 3479 944 3566 prohiberetur.
990 3476 1043 3541 Illi
1057 3497 1133 3542 vero

96 3563 142 3630 his
156 3569 273 3636 auditis
297 3567 454 3633 abierunt.
501 3564 653 3631 Brasidas
675 3580 792 3647 autem,
807 3566 937 3630 hortatu
952 3563 1133 3642 ductorum,
1222 3571 1223 3574 ’

97 3666 165 3718 ante
178 3677 277 3741 quam
294 3654 404 3740 plures
419 3652 461 3718 ad
485 3650 720 3737 prohibendum
743 3653 959 3728 convenirent,
976 3671 1133 3737 nusquam

97 3739 265 3807 subsistens
281 3762 376 3805 cursu
386 3741 533 3824 perrexit.
580 3735 621 3800 Et
637 3737 747 3802 eodem
772 3737 833 3816 die,
849 3759 914 3823 qun
929 3734 1056 3801 Malitia
1069 3737 1133 3800 dis-

95 3842 237 3906 cesserat,
256 3825 445 3892 Pharsalum
463 3824 615 3908 pervenit,
631 3824 718 3888 etad
733 3823 850 3889 flumen
864 3821 1048 3906 Apidanum
1064 3841 1133 3886 casa

96 3923 144 3977 tra
156 3915 278 4000 posuit.
326 3911 419 3976 Illinc
434 3932 509 3973 vero
524 3908 564 3974 ad
582 3908 747 3984 Phacium,
763 3925 796 3974 et
817 3908 891 3974 inde
905 3909 938 3973 in
956 3908 1132 3973 Peroebiam

95 3999 161 4066 ivit.
206 3999 368 4084 Illincque
376 3999 444 4083 jam
459 3996 490 4060 'I'
492 3994 684 4061 hessalorum
707 3995 835 4083 quidem
855 3994 1003 4060 ductores
1017 3996 1133 4058 danum

95 4098 305 4152 reverterunt.
350 4081 474 4148 Peraebi
483 4104 569 4158 vero,
581 4081 635 4166 qui
645 4083 785 4168 ipsorum
797 4080 1021 4146 'Ihessalorutn
1034 4080 1133 4163 impe·

336 4267 344 4308 ¹
356 4272 386 4318 In
397 4271 527 4320 Thraciam
539 4283 642 4334 pergens
653 4274 699 4317 ete.
716 4267 776 4316 Atti.
812 4265 898 4314 Heus.
