2994 4788
341 289 406 350 224
695 277 997 346 THUCYDIDIS

245 471 306 522 usu,
340 451 549 528 moastratat,·
573 463 605 517 et
624 450 665 518 ad
685 473 754 518 sam
776 450 989 516 invadendam
1011 459 1052 514 se'
1064 449 1275 537 proepursbut,
1290 451 1375 515 soci·

233 537 317 597 Peion
340 540 404 606 ales
419 539 526 624 oopiss
540 559 581 604 ex
594 539 671 604 locis
686 538 796 604 vicinis
813 559 981 614 accersens,
997 550 1030 600 et
1042 543 1167 602 caetem'
1177 557 1376 622 praepanms.

227 603 325 727 3ζῶ
342 626 442 692 Cleon
458 625 554 712 igitur
573 626 687 690 nuntio
706 624 746 689 ad
766 623 854 689 illum
875 623 1052 707 premisso,
1066 643 1124 708 per
1140 643 1234 707 quem
1249 622 1296 687 illi
1310 625 1376 709 sig-

240 731 316 785 ΒΜ
340 713 483 778 nificaret
504 734 539 776 se
562 724 742 787 venturum,
761 731 834 776 cum
856 709 966 793 copiis.
989 731 1067 794 qnss
1090 711 1232 794 petierat,
1258 707 1376 794 Pylum

240 797 311 846 Μ·
341 801 492 885 pervenit.
545 796 588 861 Et
616 819 689 860 cum
718 796 752 860 in
780 817 879 860 unum
909 795 1015 860 locum
1043 795 1272 871 convenissent,
1302 806 1379 859 ante

239 863 309 976 ζξζ·
341 885 449 950 omnis
465 881 704 948 caduceatorem
724 882 765 947 sd
785 881 924 946 hostium
945 892 1048 946 csstm
1067 885 1100 944 in
1119 881 1301 946 continente
1316 901 1377 964 po-

341 973 402 1036 sita
426 970 590 1046 miserunt,
613 982 671 1033 ‘ut
692 967 763 1032 illos
787 977 1009 1052 provocarent,
1031 968 1058 1031 si
1080 966 1194 1031 vellent
1217 966 1378 1051 imperare

342 1059 406 1122 suis
420 1056 573 1120 militibus
587 1055 619 1119 in
635 1053 737 1118 insula
751 1053 941 1138 interceptis,
955 1067 990 1117 ut
1003 1053 1070 1117 sine
1084 1051 1225 1137 periculo
1239 1068 1272 1115 et
1286 1073 1379 1116 arma

342 1157 374 1208 at
388 1165 421 1207 se
434 1143 519 1226 ipsos
533 1141 592 1206 sibi
607 1139 778 1215 truderent,
794 1137 1037 1216 (reconditione,
1053 1152 1090 1204 ut
1104 1138 1247 1204 custodia
1261 1137 1381 1202 toleru-

342 1227 399 1292 bili
410 1239 620 1307 servarentur,
629 1226 733 1290 dcnec
744 1224 864 1310 aliquid
878 1224 921 1289 de
931 1245 1038 1288 rerum
1048 1246 1170 1289 summu
1180 1235 1377 1290 transactum

342 1328 431 1380 esset.

386 1410 440 1466 31.
464 1399 527 1464 Sed
553 1419 627 1464 cum
656 1398 700 1462 illi
727 1397 941 1464 conditionem
967 1398 1059 1463 istum
1084 1419 1148 1462 non
1174 1397 1378 1482 accepissent,

342 1505 443 1550 unum
463 1483 592 1570 quidem
613 1483 696 1550 diem
717 1483 980 1569 supersederuntr
1004 1483 1154 1570 postridie
1175 1505 1261 1562 vero,
1277 1495 1378 1547 noctu

343 1571 472 1656 quidam
495 1569 716 1652 discesserunt,
738 1570 887 1635 omnibus
909 1569 1060 1635 militibus
1082 1571 1114 1632 in
1138 1591 1255 1654 paucas
1281 1589 1379 1632 naves

344 1655 515 1740 impositis:
550 1669 583 1721 at
611 1656 708 1740 paulo
735 1668 809 1720 ante
837 1677 997 1734 auroram,
1026 1655 1067 1720 ab
1102 1667 1235 1742 utreque
1263 1653 1379 1719 insula

344 1755 445 1828 parts,
460 1755 493 1805 et
511 1763 531 1805 a
551 1741 674 1827 pelago,
692 1755 725 1805 et
745 1765 763 1804 a
785 1754 890 1824 portu,
913 1763 954 1806 ex
974 1744 1105 1806 nasibus
1126 1742 1158 1805 in
1181 1757 1299 1806 terram
1320 1740 1379 1805 ds-

345 1827 542 1904 scenderunt,
568 1826 682 1892 milites
707 1829 833 1892 circiter
857 1829 1040 1914 octingenti.
1065 1849 1222 1915 cursuque
1245 1827 1286 1892 sd
1312 1828 1380 1912 pri·

344 1935 432 1978 mum
458 1913 597 1977 bostium
627 1914 811 1998 praesidiurn
840 1915 874 1976 in
903 1913 1007 1978 insula
1034 1913 1381 1978 wuontumconten-

344 1999 472 2066 derunt.
513 2000 566 2064 Sic
580 2001 664 2064 enim
679 2001 980 2064 lacedemoniorum
994 2001 1106 2064 milites
1118 2011 1209 2064 erant
1221 1999 1380 2084 dispositi.

345 2086 385 2153 In
416 2085 477 2150 hoc
506 2085 611 2170 primo
639 2083 788 2170 praesidio
817 2083 932 2150 milites
960 2095 1051 2150 erant
1075 2086 1200 2150 circiter
1228 2086 1379 2172 triginta:

344 2171 527 2257 proesidium
554 2193 629 2236 sero
654 2173 687 2235 in
711 2171 815 2236 media
838 2184 870 2236 et
895 2171 1076 2256 planissima
1099 2184 1201 2256 perte,
1221 2186 1254 2235 et
1278 2191 1381 2256 prope

346 2279 460 2342 uquam
490 2255 689 2332 collocutum,
715 2256 842 2322 illorum
870 2256 1012 2342 plerique
1035 2277 1107 2322 oum
1134 2256 1273 2341 Epitudu
1297 2258 1382 2320 duce

347 2342 508 2408 tenebant.
552 2341 709 2417 Quoedam
725 2363 799 2407 vero
818 2343 915 2427 ipsius
929 2344 1081 2426 Epitudae
1100 2364 1296 2430 nonmagna
1310 2363 1381 2406 ms-

347 2449 407 2492 nus
436 2426 632 2493 custodiebat
660 2439 833 2494 extremam
863 2427 974 2492 insulse
999 2441 1132 2514 partem,
1159 2450 1233 2513 quse
1262 2427 1380 2514 Pylum

347 2513 526 2599 spectabat;
550 2535 624 2600 quae
640 2536 720 2597 pars
740 2527 773 2578 et
793 2537 813 2578 a
833 2513 914 2578 muri
932 2527 1095 2600 praerupta
1114 2529 1192 2591 eret,
1207 2530 1240 2579 et
1261 2539 1281 2578 a
1294 2529 1381 2578 terre

347 2599 477 2664 minime
506 2601 685 2687 oppugnari
714 2611 849 2685 poterat.
873 2621 948 2664 nam
972 2613 1005 2664 st
1029 2601 1192 2666 castellum
1217 2600 1380 2750 pucddam

348 2699 506 2750 vetustum
529 2707 572 2750 ex
597 2687 682 2750 saxis
705 2687 822 2771 passim
848 2684 937 2750 lectis
962 2699 1179 2751 constructum
1206 2687 1217 2748 i
1242 2687 1272 2750 ic
1293 2701 1381 2752 erat:

348 2770 435 2856 quod
458 2771 517 2834 sibi
539 2769 738 2852 profuturum
760 2772 926 2856 putabant,
945 2771 973 2834 si
995 2793 1058 2922 pua
1077 2773 1196 2858 majore
1220 2772 1252 2836 ri
1276 2795 1311 2837 se
1332 2792 1381 2834 re·

348 2857 454 2940 cipere
468 2877 506 2921 co
548 2870 666 2922 rentur.
688 2870 784 2942 atque
796 2859 842 2922 ita
854 2856 983 2943 quidem

392 2945 495 3006 aas
533 2942 673 3008 enienses
693 2965 779 3019 vero,
794 2943 952 3020 custodes,
968 2965 1048 3028 quos
1067 2944 1101 3008 in
1145 2944 1226 3008 rima
1245 2945 1383 3010 statione

348 3027 519 3092 collocatos
533 3047 628 3094 cursu
643 3029 835 3106 invaserunt,
850 3026 1014 3094 confestim
1035 2966 1270 3108 interiectum,
1284 3051 1334 3095 eos
1347 3029 1381 3092 in

349 3113 505 3179 cubilibus
520 3125 552 3178 et
566 3114 670 3180 sdlruc
687 3137 775 3180 anns
795 3115 955 3200 capientes
975 3118 1070 3180 nacti.
1117 3116 1200 3182 Nem
1216 3117 1249 3180 in
1265 3127 1382 3180 terram

348 3219 391 3265 ex
411 3199 545 3266 nasibus
563 3199 645 3265 olam
667 3201 903 3277 descenderant,
919 3199 981 3266 illis
1003 3201 1206 3286 opinantibus
1227 3223 1322 3266 naves
1339 3221 1382 3264 ex

348 3285 576 3352 consuetudine
594 3287 635 3352 ad
659 3288 824 3354 stationem
843 3297 940 3350 noctu
960 3308 1158 3354 commeasse.
1205 3286 1270 3354 Sed
1288 3283 1382 3350 simul

348 3383 444 3458 atque
460 3371 528 3438 dies
549 3371 665 3452 illuxit,
680 3372 820 3458 reliquus
838 3372 933 3436 etlam
956 3374 1112 3438 exercitus
1132 3373 1165 3438 in
1186 3386 1305 3438 terram
1325 3371 1382 3436 de·

349 3458 480 3534 scendit,
501 3469 533 3522 et
555 3479 597 3522 ex
618 3458 750 3522 nasibus
770 3458 866 3542 paulo
884 3457 1030 3542 pluribus
1051 3479 1145 3544 quom
1168 3458 1380 3545 septuaginta,

349 3565 468 3620 omnes,
494 3557 610 3626 prester
635 3544 831 3618 Thalamos,
856 3543 969 3608 armati
988 3546 1195 3625 prodieruntr
1225 3557 1258 3610 et
1280 3543 1382 3609 octin-

348 3628 437 3712 genti
451 3630 614 3711 sagittarii,
626 3642 658 3694 et
673 3630 815 3714 peltastae
828 3629 879 3694 his
893 3649 958 3692 nou
970 3629 1149 3714 paucioresr
1171 3643 1204 3695 et
1219 3629 1383 3706 Messenii,

350 3713 406 3864 poi
431 3713 584 3778 auxilium
612 3715 759 3792 tulerant,
784 3728 816 3782 et
840 3715 946 3780 essuri
971 3735 1097 3792 omnes,-
1115 3728 1274 3803 quotquot
1297 3717 1383 3782 ciros

378 3797 467 3884 ylum
490 3801 598 3882 aliqua
623 3803 692 3864 loca
712 3799 873 3878 tenebunt,
894 3799 1035 3884 exceptis
1055 3801 1252 3880 custodibus,
1278 3808 1332 3883 qni
1346 3803 1382 3866 in

349 3883 578 3950 munitionibus
598 3899 698 3952 ersnt.
741 3885 812 3953 *Hi
832 3897 936 3952 nutem
957 3910 977 3951 a
995 3886 1213 3954 Demosthene
1234 3890 1324 3953 variis
1346 3888 1382 3951 in

1019 2857 1141 2943 iupositi
1154 2871 1257 2924 mant.

250 4157 253 4164 ι
324 4081 326 4086 ’
381 4101 745 4160 tSeiscitatum,siselintetc.
768 4105 877 4153 Amisa
912 4107 997 4156 liuns.

383 4164 442 4212 hili
452 4180 467 4211 a
479 4167 642 4216 Dernnsthene
659 4169 778 4228 dispositi,
790 4170 854 4216 inter
871 4185 897 4218 ss
913 4171 1036 4220 dlstsbsm
1051 4175 1149 4229 duceni,
1161 4175 1324 4236 deomant,
1334 4174 1383 4218 sli-

350 4231 405 4280 cubi
416 4232 550 4291 pauciores,
561 4233 684 4292 occupatis
693 4233 802 4280 locorum
814 4236 990 4292 cacuminibus,
1002 4245 1029 4284 ut
1040 4239 1121 4286 hostes
1131 4245 1179 4286 etc.
1200 4239 1270 4286 Vultu.
1297 4237 1383 4284 tonsu.
