2994 4788
400 295 645 392 merorum
669 297 760 366 tra.
784 297 842 366 rv.
1084 313 1151 378 aa:

108 470 1023 560 decreverunt,etcaeterisCytheriispnmittcre‚atsuum
1038 498 1151 566 agrum
1184 495 1248 544 nen.

107 559 260 640 colentes,
288 558 456 638 tributum,
486 575 639 646 quaterna
675 560 796 626 talenta
832 561 1023 644 penderent:
1060 565 1152 652 AEgi-
1174 561 1257 622 ”¹⁰⁹-

108 660 197 711 netas
213 667 289 710 vero
310 668 430 724 omnes,
446 658 606 732 quotquot
627 647 711 731 cepti
732 646 869 724 fuerant,
888 648 1068 715 interlicere
1087 663 1151 716 sta·
1165 627 1265 752 (iffi

107 741 241 811 tucmnt,
257 745 390 818 propter
403 732 544 820 priorem
561 746 814 820 perpetuamque
827 733 1040 802 simultatem:
1064 737 1152 802 Tan·
1173 753 1213 800 ss
1230 753 1256 801 a

107 819 206 884 talum
223 841 299 885 cero
313 833 431 904 proeter
445 832 577 884 caeteros
593 819 856 885 Lacedaemonios
870 821 904 885 in
919 821 1024 886 insula
1035 822 1152 908 sparo
1176 818 1207 930 ε·
1223 821 1252 867 ⁰·

107 909 189 970 teria
203 915 310 990 captos
324 907 357 969 in
373 905 501 970 vincula
514 905 750 992 conjiciendum
764 920 966 973 censuerunt.
1174 919 1178 928 ’
1185 897 1251 996 332⁹

148 999 202 1058 58.
228 991 350 1058 Eadem
365 1005 476 1056 aestste
492 993 525 1056 in
544 992 653 1058 Sicilia
674 992 811 1058 inducie
835 993 918 1060 inter
934 995 1151 1064 Camurinoeos
1163 1003 1264 1078 sun.

106 1092 138 1143 et
153 1077 277 1144 Geloos
293 1079 435 1164 primum
458 1080 548 1143 inita:
570 1093 654 1144 sunt.
701 1077 786 1144 Mox
809 1080 904 1144 etiam
927 1083 1036 1146 caetsri
1052 1084 1153 1150 Sindi

105 1176 135 1230 et
158 1165 338 1231 Sicilienses
360 1164 475 1230 Gelam
501 1178 729 1244 convenerunt,
749 1178 782 1230 et
802 1165 916 1268 legatis
937 1191 979 1232 ex
999 1169 1150 1236 omuibus

108 1252 228 1316 Sicilioe
251 1250 435 1317 civitatibus
456 1273 495 1316 so
519 1253 633 1332 missis,
657 1252 690 1315 in
710 1251 905 1337 colloquium
930 1269 1150 1333 venerantes

105 1338 188 1403 inter
203 1361 236 1402 se
250 1360 346 1426 agere
360 1352 539 1424 creperum,
552 1338 656 1424 siquo
671 1337 769 1404 modo
783 1339 816 1402 ia
832 1340 1000 1426 pristinam
1013 1343 1149 1428 gratiam

105 1425 210 1489 redire
224 1438 363 1511 possent.
410 1425 540 1489 Etcum
553 1425 664 1490 mults:
674 1423 746 1494 alie
760 1427 926 1491 sententiae
936 1427 971 1492 in
983 1440 1150 1516 utramque

104 1525 229 1596 partam
250 1511 346 1577 dictoe
368 1523 442 1576 sunt
463 1511 505 1576 ab
525 1511 599 1591 illis,
615 1512 671 1599 qui
693 1511 929 1591 dissentiebant,
944 1526 977 1579 et
998 1515 1150 1599 petebant

102 1621 150 1677 ea,
174 1598 290 1686 quibus
319 1621 353 1663 se
379 1598 515 1684 quisque
533 1597 575 1662 ab
595 1601 696 1663 altero
719 1597 901 1664 fraudatum
925 1601 1147 1668 existimabat:

104 1701 173 1752 tum
207 1686 301 1750 etiam
332 1685 562 1751 Hermocrates
593 1684 771 1751 Hermonis
804 1684 889 1750 filins
920 1687 1148 1772 Syracusanus,

101 1772 178 1860 ⁸qui
207 1771 304 1836 etiam
331 1772 497 1857 praecipue
525 1773 610 1856 ipsos
639 1772 750 1850 movit,
774 1771 814 1836 sd
841 1771 962 1871 legatos
984 1797 1004 1838 a
1028 1775 1150 1840 Sicilia:

101 1859 266 1925 communi
283 1859 405 1935 missos,
420 1856 610 1946 hujusmodl
619 1857 716 1922 verba
730 1869 808 1922 tuno
821 1855 903 1923 fecit.

146 1955 202 2012 59.
224 1953 247 1988 ‘⁶
259 1944 341 2010 Nou
356 1967 397 2010 ex
418 1967 457 2010 ea
477 1944 691 2022 civitatatum
707 1943 897 2022 Sicilienses,
913 1967 987 2032 qum
1007 1962 1065 2013 aut
1086 1949 1146 2014 mi-

102 2033 191 2097 nima
212 2031 263 2108 sit,
286 2046 342 2097 aut
363 2030 447 2096 bello
471 2030 614 2096 maxime
636 2021 769 2112 laboret,
783 2053 845 2118 ego
867 2043 965 2108 onus,
981 2033 1079 2098 verba
1099 2033 1146 2100 is·

102 2117 203 2183 ciam:
226 2117 280 2182 sed
303 2117 492 2183 sententiam
515 2118 629 2197 dicam,
644 2138 717 2204 quoe
739 2117 773 2181 in
795 2118 893 2182 totius
916 2118 1035 2184 Sicilire
1057 2142 1147 2186 com·

101 2227 199 2270 mune
222 2204 342 2270 bonum
362 2204 485 2290 optima
506 2225 574 2269 esse
593 2203 674 2268 mihi
687 2202 823 2269 videtur.
867 2206 919 2268 Ac
940 2204 1057 2270 bellum
1075 2207 1147 2294 qui·

100 2291 174 2357 dem
189 2313 312 2394 gerere,
324 2312 419 2376 quarn
435 2289 535 2356 tristis
550 2289 591 2355 sit
605 2311 666 2368 res,
682 2311 740 2356 cur
754 2312 829 2356 nam
840 2289 913 2378 quis
928 2291 1037 2357 omnia
1048 2297 1144 2373 main,

100 2399 174 2466 quae
196 2399 230 2442 m
250 2401 290 2442 eo
303 2378 487 2465 contingere
506 2377 619 2455 solent,
634 2377 719 2464 apud
734 2375 879 2442 homines
899 2399 1007 2444 rerum
1025 2401 1145 2468 gnaros

99 2465 265 2554 colligens,
279 2465 424 2530 oratione
435 2463 564 2550 prolixa
576 2462 708 2529 utatur?
731 2463 836 2528 Nemo
847 2463 931 2529 enim
942 2478 1001 2529 aut
1010 2481 1147 2552 propter

98 2552 275 2616 bellicomm
301 2553 554 2616 incommodorum
580 2550 773 2634 imperitiam
800 2551 861 2614 hoc
886 2573 982 2638 agere
1006 2553 1143 2640 cogitur,

99 2650 156 2704 aut
170 2651 257 2704 metu
272 2637 462 2715 deterretur,
477 2637 503 2702 si
518 2635 595 2724 quid
616 2635 754 2722 amplius
776 2657 810 2702 se
823 2635 1016 2723 adepturum
1031 2654 1144 2724 speret.

99 2725 155 2790 sed
172 2747 231 2790 usu
245 2725 341 2804 venit,
357 2736 394 2790 ut
410 2725 462 2789 his
476 2723 608 2810 quidem
630 2722 721 2788 lucra
744 2723 877 2809 majora,
892 2745 988 2810 quam
1003 2726 1146 2810 pericula

98 2833 168 2877 esse
189 2811 377 2877 videantur:
399 2809 445 2875 illi
467 2831 543 2876 vero
565 2810 700 2896 quodvis
714 2808 892 2894 'discrimen
921 2809 1022 2891 adire,
1047 2835 1144 2904 quam

98 2898 198 2963 ullam
219 2900 378 2985 jacturam
404 2899 437 2962 in
461 2897 632 2984 prasentia
660 2895 764 2962 lacera
788 2896 912 2962 malint.
957 2899 1022 2962 Sed
1044 2921 1143 2985 quum

98 2984 171 3050 haee
192 2985 262 3070 ipss
280 2984 388 3050 neutri
409 2997 591 3070 opportune
611 2981 743 3060 faciunt,
758 2993 831 3048 taric
848 2981 1082 3050 admonitiones
1103 2987 1145 3051 de

95 3070 245 3136 facienda
280 3072 394 3158 gratiss
430 3070 688 3136 reconciliatione
724 3081 799 3134 sunt
827 3069 930 3134 utiles.
974 3069 1026 3148 Id,
1056 3073 1145 3158 quod

95 3157 192 3222 nobis
207 3158 301 3223 etism
317 3159 349 3222 in
364 3157 537 3244 prmssntis
550 3155 682 3241 plurimi
696 3155 878 3220 iaciendum
893 3155 963 3232 erit,
979 3157 1005 3220 si
1020 3179 1142 3222 monen-

94 3245 180 3310 tibus
202 3266 378 3330 pareamus.
425 3242 524 3319 Quod
552 3242 637 3311 enim
668 3241 885 3328 unusquisque
913 3251 1049 3308 nomm
1076 3245 1144 3310 suis

95 3331 196 3396 rebus
211 3331 358 3417 privatim
373 3330 456 3395 bene
469 3328 635 3395 consulere
650 3327 754 3406 veliet,
771 3326 887 3408 bellurn
911 3339 990 3394 tuno
1002 3329 1143 3414 primunr

92 3417 310 3504 suscepimus:
349 3437 436 3481 nunc
465 3439 541 3481 vero
569 3415 654 3480 inter
684 3436 745 3479 nos
772 3413 982 3500 disceptando
1010 3435 1142 3499 operam

94 3503 220 3581 cimus,
242 3517 279 3569 ut
300 3505 333 3567 in
355 3503 521 3589 pristinam
543 3501 678 3591 gratiam
700 3499 879 3568 mamus.
925 3499 969 3566 Et
990 3501 1051 3566 nisi
1072 3525 1143 3568 suo·

91 3591 236 3669 cesserit,
252 3605 289 3655 ut
303 3591 520 3678 unusquisque
536 3601 682 3654 nostrum
699 3609 791 3653 suum
809 3587 863 3671 jus
877 3585 1030 3666 obtineat,
1046 3599 1143 3675 atque

91 3680 139 3743 ita
156 3678 233 3743 hinc
247 3676 400 3755 discedat,
417 3678 529 3741 iterum
546 3675 587 3740 ad
602 3696 691 3742 arms
705 3673 891 3740 redibimus.

136 3773 192 3831 60.
217 3763 446 3850 “Quanquam
461 3761 525 3826 hoc
539 3761 632 3826 nobis
651 3773 700 3828 est
713 3760 887 3839 sciendum,
901 3781 970 3826 uon
984 3760 1086 3828 solum
1101 3763 1143 3830 de

78 3851 228 3938 ,privatis
254 3850 349 3915 rebus
364 3851 402 3934 (si
428 3849 581 3934 sapimus)
608 3861 755 3914 coactum
777 3869 846 3912 esse
866 3847 1056 3914 concilium:
1084 3850 1142 3916 sed

91 3940 193 4004 etiam
207 3951 246 4003 ut
259 3936 485 4013 consultemus,
499 3957 542 4002 an
563 3935 742 4000 universam
760 3933 913 4010 siciliam,
928 3955 1001 4020 quae
1016 3939 1066 4018 (ut
1080 3957 1143 4022 ego

85 4026 218 4113 judico)
234 4021 480 4091 Atheniensium
495 4021 619 4086 insidiis
641 4021 812 4107 appetitur,
828 4017 935 4086 adhuc
955 4041 1143 4086 conservare

91 4256 141 4365 H*
152 4251 201 4307 Qui
212 4251 337 4315 precipua
347 4262 389 4300 eos
399 4251 431 4300 ad
440 4262 573 4300 commune
580 4249 674 4298 bonum
684 4245 838 4306 honautuc,
846 4239 988 4306 hujusmodl
999 4246 1048 4291 etc·
1067 4237 1142 4286 Valla.

71 4341 76 4350 .
122 4329 183 4367 m
762 4357 765 4364 Ι
