2990 4792
445 307 695 378 HlSTOlllAE
718 305 807 376 LIB.
832 305 878 374 11.
1148 318 1190 376 8⁵

145 495 240 548 crum
253 479 370 548 babere
379 479 448 546 auri
461 479 622 566 purissimi
630 479 757 568 pondus
767 479 978 567 quodraginta
988 481 1191 564 talentorum,
1226 497 1288 546 aut.

145 583 318 669 totumque
334 567 431 634 eximi
445 589 559 653 posses
582 579 614 632 et
629 579 795 668 postquam
815 566 925 668 salutis
938 589 1033 634 causa
1047 569 1097 671 usi
1116 567 1193 636 fais·
1218 563 1298 676 {ff

53 688 55 692 ⁴
145 669 229 733 seut,
244 655 373 720 dicebat
395 667 544 742 oportere
566 675 633 720 non
653 675 758 720 minus
782 675 852 722 eurr
870 654 998 740 pondm
1018 667 1194 724 restituere.
1208 692 1308 752 mm,

148 741 249 819 Quod
264 741 365 826 igitur
379 741 419 806 ad
440 740 592 826 pecunias
606 741 731 818 attinet,
745 739 819 806 illos
838 739 901 808 boc
920 740 1019 810 modo
1031 741 1194 810 ¹conlidem
1217 758 1260 808 er.
1274 755 1299 818 t.

142 827 291 915 iubebat.
337 827 500 894 Praetem
518 849 584 893 esse
606 827 758 894 tredecim
782 827 883 894 millia
902 829 1009 917 gravis
1022 841 1194 896 artuum
1223 825 1251 872 υ·
1264 821 1292 869 ⁰·

146 914 300 992 militum,
316 927 433 998 praeter
451 913 533 993 illos,
549 914 605 1000 qui
620 912 654 980 in
669 912 828 1000 presidiis
842 927 874 980 et
889 913 923 979 in
967 916 1194 1004 repugnaculis
1220 889 1293 1014 ζῖῗ,

148 1015 254 1080 erant,
264 1000 321 1088 qui
332 1021 468 1066 numero
476 1013 569 1069 erant
577 999 738 1068 sexdecim
754 999 863 1068 millia.
908 937 990 1090 l'lpot
1004 1005 1090 1068 enim
1100 1003 1195 1070 initio

149 1089 366 1166 monhaut,
390 1107 490 1173 quum
516 1086 623 1152 hostes
640 1087 852 1172 irruptionem
876 1087 1031 1168 iecerunt,
1052 1111 1127 1156 caat
1153 1113 1194 1158 ex

146 1174 338 1253 senioribus,
353 1186 422 1239 tum
436 1193 479 1240 ex
490 1172 671 1260 junioribus
684 1186 718 1240 et
732 1173 907 1261 inquilinis,
923 1187 1080 1263 quotquot
1101 1190 1195 1242 erant

148 1262 278 1327 armati.
322 1263 408 1326 Nam
432 1259 591 1326 Phalerici
616 1261 701 1326 muri
724 1261 894 1350 longitudo
915 1275 984 1328 erat
1010 1263 1143 1364 triginta
1161 1275 1195 1330 et

148 1349 293 1500 illinque
306 1346 480 1500 senff
502 1347 999 1500 ”tzitt‘ltltlll⁵tt“‘zt‘
1013 1350 1111 1501 “²5¹¹''
1125 1371 1194 1502 ‘t

148 1455 529 1588 sladioilmprlm'llamcgt
549 1457 699 1608 qusedatd
718 1479 791 1608 ’ejus
820 1543 895 1608 pars
922 1457 1195 1590 nullllucrlllgoldiis

149 1607 346 1685 servabatur,
357 1608 416 1672 illa
430 1609 583 1686 videlieet,
599 1629 672 1694 quae
683 1607 768 1674 inter
782 1607 913 1710 longum
928 1631 1045 1675 musam
1058 1623 1092 1676 et
1110 1607 1194 1676 Pbs·

150 1694 286 1762 laticum
306 1709 374 1760 erat
388 1693 506 1761 media.
551 1693 658 1783 Longi
673 1716 749 1759 vero
765 1715 848 1762 mun
863 1695 904 1760 ad
921 1694 1078 1766 Piraeeum
1096 1719 1195 1784 usque

150 1780 366 1869 quadraginta
392 1779 567 1846 stadiorum
591 1780 825 1868 longitudinem
852 1781 1024 1862 habebant,
1054 1805 1193 1870 quorum

8 1882 16 1892 ·
149 1889 305 1934 mun
317 1879 463 1934 externae
500 1880 583 1932 artes
596 1867 869 1934 custodiebantur.
893 1867 937 1933 Et
951 1869 1051 1954 ipsius
1065 1870 1193 1957 quidem

152 1954 272 2020 Pireei
293 1975 359 2020 nna
378 1971 453 2020 cum
473 1887 654 2040 liunynbia
673 1955 839 2020 universus
860 1955 999 2021 ambitus
1020 1973 1088 2026 erat
1103 1979 1195 2022 sexa

174 2041 244 2108 'ote
258 2041 452 2106 stadiorum:
475 2061 550 2125 pars
564 2063 651 2120 sero,
667 2063 742 2128 quae
755 2041 1000 2122 custodiebatur,
1016 2042 1112 2130 hujus
1126 2056 1196 2111 erat
1239 2071 1248 2078 ·

149 2063 351 2206 ilnteium.)
394 2127 646 2194 Demonstrabat
667 2129 763 2193 etiarn
786 2150 852 2193 esse
872 2127 960 2192 mille
983 2144 1016 2194 et
1040 2129 1196 2196 ducentos

149 2214 283 2302 equites,
297 2235 372 2278 curn
387 2213 585 2300 equestribus
599 2214 779 2302 sagittariis,
796 2229 951 2298 preterea
971 2216 1109 2284 mille·‘et
1124 2239 1195 2284 sex·

150 2313 263 2367 centos
271 2302 430 2384 pedestres
442 2301 632 2388 sagittarios,
648 2313 680 2366 et
693 2301 1026 2387 trecentassxpeditas
1037 2306 1195 2371 triremes.

152 2386 241 2452 Haec
254 2387 339 2452 enim
354 2387 474 2464 omnia,
486 2399 592 2452 etnon
605 2389 758 2472 pauciora
771 2385 888 2452 borum
902 2388 1040 2476 singula,
1058 2392 1194 2459 Atheni.

147 2473 276 2540 ensibus
296 2495 332 2540 su
396 2472 517 2552 tebsut,
536 2495 610 2540 curn
631 2473 856 2559 Peloponnesii
880 2476 1021 2559 primum
1042 2477 1195 2565 irruptio·

150 2581 224 2626 rtem
240 2495 470 2637 erantpssturt
487 2573 519 2625 et
532 2583 623 2646 ¹quam
637 2559 756 2626 bellum
768 2574 984 2647 susceperunt.
1028 2563 1100 2628 Alis
1113 2585 1194 2652 quo—

151 2669 216 2733 que
244 2645 383 2712 Pericles
402 2647 598 2726 recensebat,
621 2645 891 2735 quemadmodum
915 2663 1132 2729 consueverat,
1159 2667 1195 2718 ut

150 2731 355 2802 Athenienses
369 2732 454 2798 bello
469 2733 648 2818 superiores
662 2728 730 2800 fore
744 2733 989 2803 demonstraret.

199 2828 252 2887 lt.
274 2819 485 2886 Athenienses
496 2843 582 2899 vero,
593 2820 642 2886 bis
653 2820 779 2900 auditis,
789 2823 855 2908 ejus
866 2824 1056 2888 sententiam
1069 2826 1194 2911 sequuti

153 2921 240 2986 sunt,
256 2919 288 2972 et
309 2907 342 2972 in
365 2907 478 2974 urbem
499 2928 542 2973 ex
562 2907 649 2996 agris
669 2921 913 2992 comportarunt
929 2908 1058 2988 liberos,
1083 2913 1194 2998 eonju'·

152 3017 218 3080 ges,
231 3007 265 3059 et
277 2993 432 3080 reliquam
448 2993 688 3079 supellectilem,
700 3015 765 3081 que
778 2995 866 3060 domi
882 2993 1055 3062 utebantur
1067 3022 1076 3075 ;
1101 2999 1195 3085 quin·

151 3082 249 3148 etiem
272 3080 342 3166 ipsa
354 3079 567 3147 aedificiorum
582 3081 819 3146 destructorum
834 3082 923 3170 tigna
946 3083 1195 3169 absportarunte

150 3187 271 3321 tte
282 3165 1195 3343 iiiiiiffiilaffigitiffiiljlili

150 3340 372 3418 laste-eccidit,
386 3351 561 3426 propterea
573 3339 661 3428 quod
680 3340 825 3429 plerique
846 3343 879 3406 in
900 3342 985 3430 agris
999 3365 1124 3430 sernpe*
1137 3343 1194 3410 de·

150 3439 483 3582 geleulol'lzvdblnedl
495 3513 695 3584 coawctudo
710 3513 761 3578 sel
772 3513 990 3601 apervetastis
1000 3537 1100 3604 usque
1114 3530 1195 3584 tear·

216 3602 224 3618 ‘
305 3601 409 3690 magis
430 3602 517 3688 apud
538 3599 762 3678 Athenienses,
783 3623 878 3688 mam
903 3601 982 3667 alica
1003 3603 1195 3670 invaluerat.

187 3709 240 3758 am
257 3687 317 3755 snb
333 3689 489 3774 Cecrope,
504 3687 628 3774 illisque
643 3688 755 3774 priscis
773 3689 814 3754 ad
834 3687 996 3754 Theseum
1011 3708 1114 3778 usqne
1130 3692 1195 3758 lte·
1220 3715 1232 3732 ⁵

153 3775 258 3862 gibus,
276 3776 385 3840 Attica
398 3797 521 3862 semper
536 3774 715 3861 oppidatim
731 3775 939 3854 incolebatur,
952 3777 1057 3842 curias
1071 3792 1104 3843 et
1120 3777 1196 3847 Ma·

151 3861 455 3951 gisnatusbabensr
475 3875 520 3942 et,
537 3883 636 3949 quum
652 3859 732 3926 nihil
747 3862 913 3942 timebant,
930 3863 972 3927 sd
989 3863 1111 3952 Regem
1128 3884 1195 3930 non

152 3948 395 4027 convoeiebsut,
411 3952 450 4015 de
464 3949 637 4034 Βῳυὸἱιὶα
647 3948 876 4016 consulteturi:
899 3950 954 4015 sed
969 3951 1198 4040 persequique

152 4057 243 4104 snm
257 4035 502 4123 Rempnblicam
511 4035 787 4117 administrabant,
795 4050 828 4103 et
836 4035 1068 4104 consultabant.
1088 4037 1198 4117 Quiri-

152 4125 249 4190 etisn
271 4142 383 4190 eorum
397 4123 557 4205 nmnulli,
572 4135 609 4188 ut
623 4119 790 4206 Eleusinii,
804 4147 877 4190 cum
892 4124 1056 4210 Eumolpo
1078 4125 1198 4191 bellum

151 4210 306 4278 sdmsus
320 4209 537 4278 Fcecbtheum
552 4208 628 4275 olim
639 4225 817 4298 munt.
849 4210 994 4278 Theseus
1007 4233 1094 4291 vero,
1109 4224 1198 4299 post·

153 4321 252 4386 quun
266 4319 401 4388 regnare
415 4299 528 4385 erepit,
542 4319 616 4368 cem
632 4298 770 4364 matur
782 4319 847 4366 non
862 4298 963 4364 solun
976 4297 1128 4386 prudens,
1141 4299 1197 4366 sed

645 4404 668 4449 G
678 4395 697 4450 3
