2994 4788
416 313 664 380 Hlsrotttffl
686 313 776 381 LlB.
799 315 865 382 lll.
1095 323 1159 388 179

109 499 218 552 rantes
240 496 368 572 patrum
390 500 569 553 vascorum
587 487 759 572 sepulcra,
783 509 938 575 suamque
952 487 1156 558 solitudinem
1189 509 1251 558 retr.

108 572 324 659 deplorantes.
366 573 439 638 Nos
453 575 539 640 enim
548 587 660 640 eontra
674 574 879 654 affirmamus,
889 588 1029 642 nostram
1040 578 1155 664 juven·
1179 573 1265 636 raop.

107 671 224 736 tutem,
251 681 325 748 quas
351 660 392 725 sb
416 661 487 725 istis
508 661 668 727 trucidata
689 661 759 739 luit,
783 661 867 726 mala
887 662 984 752 longe
1007 666 1155 752 graviora
1171 637 1258 750 &aa

107 765 254 832 parsurm
279 748 368 812 cn'ns
382 761 498 833 patres,
513 748 641 834 partim,
658 748 736 813 dum
748 748 912 814 Boeotiam
928 751 968 815 ad
984 772 1040 814 vos
1055 751 1155 817 addu·
1179 717 1259 818 admi.

107 845 231 910 cerent,
246 832 288 898 ad
354 855 485 899 roneam
503 833 670 912 obierunt3
694 837 809 920 partim
820 857 906 913 vero,
923 837 957 900 in
980 839 1067 902 senio
1082 837 1155 905 liliis
1181 833 1210 944 g·
1230 834 1258 882 ⁰·

108 919 227 998 orbati,
241 931 275 986 et
295 920 330 984 in
350 919 474 986 sedibus
495 920 645 987 desolatis
670 920 782 1000 relicti,
805 944 861 986 vos
882 923 1031 1007 precibus
1051 924 1155 990 multo
1189 911 1252 1010 ᾖξ’

102 1005 297 1092 justioribus
332 1007 510 1085 obsecrant,
549 1020 584 1073 ut
612 1007 654 1072 de
681 1009 750 1072 istis
783 1008 973 1094 supplicium
1011 1012 1153 1076 sumatis.

109 1091 274 1161 Homines
295 1094 392 1171 enim,
415 1095 472 1181 qni
497 1094 615 1159 malum
641 1093 771 1181 aliquod
795 1094 953 1159 immerito
976 1097 1152 1183 patiuntur,

107 1179 329 1250 misericordia
348 1193 422 1246 sunt
435 1180 615 1269 digniorem
638 1181 741 1266 atqui
758 1183 872 1246 merito
886 1182 981 1266 (sicut
995 1183 1060 1265 isti)
1075 1205 1154 1248 con-

108 1279 159 1330 tra
184 1267 343 1351 digniores
367 1278 446 1342 runt,
470 1288 607 1354 quorum
638 1265 729 1331 malis
758 1289 868 1332 omncs
892 1269 1063 1357 gaudeant.
1109 1268 1154 1336 Et

107 1365 300 1436 praesentem
323 1353 525 1456 solitudinem
553 1377 611 1418 sua
634 1355 775 1440 ipsorum
797 1352 893 1438 culpa
918 1354 1047 1420 habent.
1076 1377 1153 1420 nam
1293 1387 1298 1393 ·

105 1451 297 1604 tritt?
304 1440 1153 1612 ,tritt„tltttlttttrrrliuttffittttt?

105 1613 185 1676 odio
206 1613 325 1698 potius,
346 1635 442 1699 quam
463 1613 538 1700 jure
553 1611 710 1697 judicium
734 1613 892 1690 iacientes,
916 1635 1020 1700 neque
1040 1637 1152 1700 parem

104 1700 171 1764 raia
185 1700 347 1764 sceleribus
355 1721 483 1785 poenam
494 1701 563 1785 jam
578 1699 796 1784 rependentes.
812 1720 885 1762 nam
896 1701 1019 1785 justum
1032 1701 1152 1788 suppli·

105 1784 194 1850 cium
210 1787 383 1871 patientur,
401 1807 459 1852 nec
480 1807 521 1850 ex
542 1785 660 1870 proelio
682 1805 796 1848 manus
811 1785 901 1849 vobis
923 1786 1099 1864 tendentes,
1115 1800 1153 1854 ut

105 1873 219 1950 siunt3
243 1872 299 1936 sed
314 1893 356 1936 ex
377 1872 608 1957 compositione
629 1893 663 1935 se
677 1871 762 1956 ipsos
776 1870 818 1935 ad
833 1891 960 1936 cauum
982 1871 1151 1937 dicendam

104 1957 270 2024 dedentes.
318 1959 502 2024 Succurrite
521 1958 630 2046 igitur,
647 1957 897 2035 Lacedaemonii,
920 1973 953 2022 et
972 1957 1035 2060 legi
1058 1959 1152 2022 Grae·

104 2065 221 2110 corum
236 2045 276 2110 ab
298 2045 365 2110 istis
379 2044 516 2126 violatae,
531 2057 563 2108 et
584 2043 686 2122 nobis,
709 2044 765 2130 qui
787 2055 905 2128 praeter
925 2043 978 2129 jus
1001 2045 1151 2130 injuriam

105 2132 193 2216 passi
207 2153 330 2209 sumus,
346 2131 485 2211 debitam
496 2132 632 2219 gratiam
648 2128 762 2195 referte
776 2151 837 2216 pro
858 2129 975 2208 studio,
998 2143 1030 2196 et
1052 2132 1151 2195 animi
1219 2169 1226 2176 -

106 2217 281 2295 alacritate,
297 2239 394 2304 quarn
409 2239 486 2305 erga
499 2239 555 2281 vos
574 2217 877 2281 demonstravimus:
899 2237 1003 2303 neque
1018 2231 1152 2303 propter

105 2303 243 2369 istorum
259 2304 436 2369 orationem
459 2303 546 2388 apud
569 2325 624 2368 vos
646 2304 806 2388 repulsam
828 2302 977 2368 feramus.
1024 2304 1151 2370 Graecis

104 2405 214 2456 antem
237 2390 419 2475 exemplum
442 2389 592 2475 prebete,
616 2411 681 2474 quo
702 2389 879 2466 declaretis,
902 2411 959 2455 ros
985 2411 1051 2455 non
1077 2412 1149 2455 uer·

105 2479 236 2554 borum,
252 2477 307 2542 sed
321 2476 477 2542 factorum
499 2478 673 2541 conamina
686 2475 762 2560 ipsis
775 2475 1010 2560 proposituros:
1034 2497 1108 2562 quoe
1122 2479 1149 2540 si

29 2637 34 2648 ,
105 2562 194 2628 bona
217 2564 422 2641 snut'breris
444 2585 542 2628 eorrrrn
564 2561 827 2627 commemoratio
848 2562 923 2626 satis
945 2573 1011 2630 estr
1044 2561 1148 2627 sedai

104 2661 242 2737 propter
261 2650 387 2736 peccati
400 2649 511 2714 vitium
535 2663 610 2714 sunt
632 2647 726 2725 mala,
741 2647 796 2712 lou
822 2672 841 2712 a
861 2649 964 2713 oratio
978 2649 1149 2716 verborum

102 2749 225 2814 ornatu
240 2735 377 2812 exculta,
392 2737 468 2820 ipsis
481 2735 658 2802 velamenta
676 2671 857 2820 pretendit.
902 2733 1023 2800 Verum
1038 2734 1065 2800 si
1079 2757 1148 2814 vos,

102 2845 205 2910 penes
219 2845 299 2910 quos
320 2822 499 2899 arbitrium,
515 2835 547 2888 et
567 2833 707 2908 potestas
722 2843 809 2886 nunc
831 2833 888 2899 est,
908 2821 997 2886 brevi
1011 2823 1148 2888 interro·

147 2912 237 2976 tione
253 2909 311 2988 usi,
327 2910 422 2974 rebus
442 2909 578 2996 cognitis
592 2909 782 2973 sententiam
803 2907 951 2973 adversus
972 2930 1083 2973 omnes
1098 2920 1149 2974 tu·

102 2933 217 3074 deficitis,
232 2996 378 3061 homines
392 2997 568 3061 orationem
584 2995 770 3080 speciosam,
786 3016 850 3080 qua
870 3015 926 3059 sna
941 2996 1058 3082 injusta
1071 2995 1149 3059 faci-

102 3105 187 3150 nora
203 3082 317 3161 velent,
333 3083 437 3147 ruinas
452 3095 607 3168 quaerent.

147 3179 207 3238 68.
230 3171 335 3256 Atque
360 3167 509 3234 Thebani
538 3167 667 3254 quidem
693 3167 763 3231 lroec
788 3165 949 3230 dixerunt
995 3166 1148 3232 Lacedae·

100 3258 210 3322 monii
234 3277 311 3322 vero
334 3255 468 3344 jndices,
498 3253 716 3319 existimantes
745 3273 835 3317 suam
864 3251 1148 3340 interrogationem

100 3345 166 3410 sibi
180 3355 268 3409 recte
280 3363 509 3428 processuram,
525 3363 566 3405 an
588 3339 780 3405 beneficium
801 3337 932 3424 aliquod
954 3339 996 3402 ab
1016 3339 1091 3424 ipsis
1113 3340 1148 3404 in

99 3431 168 3496 hoc
183 3429 270 3496 bello
291 3429 484 3514 accepissent
499 3428 664 3514 (quoniam
678 3437 711 3490 et
732 3424 887 3510 superiori
904 3435 1048 3510 tempore
1062 3425 1148 3512 ipsos

97 3527 306 3606 rogaverant,
322 3529 359 3580 ut
372 3537 411 3580 ex
426 3514 523 3579 veteri
546 3512 724 3589 Pausania,
740 3521 814 3595 post
833 3510 952 3576 bellurn
970 3511 1146 3592 Medicum,

98 3603 229 3670 foedere
243 3604 455 3690 quiescerent3
483 3613 578 3687 atque
591 3600 686 3665 etiam
710 3597 918 3674 conditiones,
934 3620 1012 3686 quas
1026 3613 1148 3684 postca,

97 3705 277 3775 antequam
300 3687 625 3768 circumvallarentur,
640 3686 717 3772 ipsis
738 3684 933 3766 obtulerant,
948 3697 985 3750 ut
1000 3687 1149 3752 videlicet

95 3801 147 3845 ex
159 3775 247 3842 illius
261 3774 540 3842 soederistormula
554 3794 740 3839 communes
754 3783 866 3849 essent,
879 3771 1023 3857 accipere
1037 3774 1148 3838 nolue-

97 3867 191 3948 rant)
207 3864 280 3943 rati‚
296 3885 329 3928 se
350 3877 482 3948 propter
500 3883 558 3926 sua
576 3861 663 3945 justa
676 3861 837 3945 postulata
851 3859 893 3922 ch
916 3860 981 3924 illia
1002 3861 1148 3946 neglecta,

87 3955 169 4042 jam
185 3965 223 4017 nt
245 3951 351 4016 hostes
368 3949 495 4015 foederis
517 3958 663 4032 expertes
685 3945 726 4010 ab
748 3945 809 4010 illis
831 3944 981 4010 violatos:
1008 3945 1149 4033 singulos

94 4061 209 4106 ecrurr
231 4038 416 4124 productos,
432 4048 463 4100 et
485 4035 598 4100 eodem
620 4032 717 4098 modo
737 4053 847 4098 rursus
867 4032 1091 4120 interrogatos,
1107 4051 1150 4096 sn

94 4125 145 4191 ali
172 4148 215 4190 uo
238 4124 391 4190 beneficio
414 4119 690 4196 Lacsdaemonios,
705 4139 882 4206 eorumque
904 4119 1006 4183 socios
1030 4119 1064 4182 in
1087 4120 1150 4182 hoc

94 4149 192 4280 bello
205 4211 394 4288 affecissent,
410 4231 484 4274 cum
500 4207 547 4273 illi
563 4205 803 4294 responderent,
819 4204 943 4270 nullum
959 4203 1149 4269 beneficium

91 4325 124 4368 a
138 4321 173 4365 se
192 4299 226 4364 in
249 4302 334 4387 ipsos
359 4295 522 4376 collatum,
546 4293 634 4358 illinc
660 4291 814 4360 abductos
835 4290 1086 4366 interficiebautr
1117 4300 1151 4356 et

602 4386 662 4444 nt
