2990 4792
338 299 379 358 es
700 293 1009 366 THUcYmDrs
1063 307 1067 312 ·

240 479 301 538 seu
336 487 374 532 oc
388 465 605 554 aggredimur,
621 489 658 531 aa
674 472 806 534 maniae
826 468 1076 534 consideremus.
1098 466 1184 555 qued
1199 466 1270 532 aliis
1284 467 1387 534 aaa

231 541 315 661 '⁶¹⁰3‘
335 555 429 618 tolet.-
451 576 524 618 nasa
539 554 698 657 imperitia
712 555 855 641 (pridem,
870 553 1055 632 amasiam
1077 552 1292 620 considertllO
1306 575 1385 618 ΜΟ

230 623 270 658 {tl-

221 673 321 790 ‘tau

336 642 371 724 ds
440 662 441 666 ¹
465 651 545 706 ntem
560 664 598 707 ac
619 642 1087 726 parentemn-cunctationem
1102 651 1133 706 at
1146 651 1256 706 mmm
1279 639 1385 706 atera

335 725 386 792 lli
416 741 523 792 autem
547 729 621 814 jare
650 726 813 794 fortissimi
842 741 917 796 suut
946 727 1097 805 habendi,
1123 727 1195 814 qai-
1210 741 1324 812 aapera
1347 740 1384 794 et

234 803 266 916 g·
277 807 308 874 ‚0-
329 813 475 900 jucunda
490 814 740 882 manifestissime
759 827 970 903 cognoscunt,
984 837 1044 880 nec
1059 827 1164 879 tamen
1180 825 1350 899 propterea
1365 835 1386 880 a

335 901 946 1074 unns,trutinatum
967 899 1385 1073 tutassent

335 1074 535 1159 accipientes,
551 1075 608 1142 sed
621 1075 733 1140 dantes
747 1075 948 1152 beneficium,
964 1077 1081 1140 amicos
1104 1073 1197 1138 nobis
1217 1095 1384 1160 compara·

338 1179 416 1226 mus.
464 1161 496 1226 Is
511 1177 628 1240 sutem,
640 1163 696 1249 qui
708 1162 765 1229 dat
774 1161 976 1240 beneficium,
987 1161 1107 1228 amicus
1118 1173 1165 1226 est
1175 1161 1385 1238 consuetius,

336 1263 372 1314 nt
400 1247 541 1314 debitam
569 1249 632 1316 sibi
656 1252 808 1334 gratiam,
833 1252 867 1315 in
893 1271 929 1314 eo
958 1261 1096 1322 tueatur,
1127 1247 1178 1312 cui
1208 1248 1384 1332 beneficiatas

335 1335 559 1401 benivolentiae
579 1357 675 1402 causa
696 1335 796 1404 dedit.
843 1336 907 1402 Sed
927 1335 983 1422 qui
1004 1357 1065 1421 pro
1083 1333 1240 1400 beneficio
1259 1344 1387 1418 accepto

331 1424 472 1508 gratiam
494 1423 613 1509 referre
626 1421 731 1500 debet,
747 1436 795 1488 ast
811 1425 845 1486 in
860 1443 964 1488 amore
979 1421 1142 1497 hebetior3
1176 1421 1327 1506 quiescit
1348 1436 1384 1486 se

336 1508 526 1574 beneficium
549 1531 614 1574 non
629 1509 793 1586 daturum,
811 1509 866 1574 sed
889 1529 956 1574 rem
977 1507 1118 1574 debitam
1133 1506 1384 1593 persoluturum.

338 1594 406 1660 Nos
428 1595 524 1662 etiam
547 1596 609 1660 soli
633 1619 697 1661 ιιοιι
721 1597 824 1684 magis
846 1595 957 1660 habita
979 1609 1119 1682 quamtus
1133 1595 1269 1673 ratione,
1284 1615 1386 1680 quam

336 1696 423 1748 certa
435 1681 624 1748 liberalitate
638 1681 722 1760 freti,
739 1681 897 1770 quoslibet
912 1682 1083 1770 magnifice
1092 1683 1251 1767 juvamus

380 1776 432 1834 tt.
450 1770 598 1856 “Atque
625 1783 660 1834 ut
686 1791 754 1834 rem
778 1769 887 1855 paucis
916 1769 1097 1854 expediam,
1119 1768 1193 1832 dico
1223 1781 1254 1832 st
1284 1779 1383 1832 totam

337 1856 427 1922 istam
451 1857 610 1922 civitatem
634 1877 703 1922 asse
725 1856 865 1923 Groecioe
887 1856 1083 1943 magistram,
1098 1867 1130 1920 ct
1152 1852 1294 1940 singulos
1316 1854 1387 1940 ejus

336 1943 429 2019 cives,
456 1956 553 2028 atque
580 1943 708 2008 eosdem
740 1944 885 2008 homines
914 1942 999 2028 apud
1027 1963 1086 2006 nos
1112 1941 1189 2004 mihi
1214 1940 1316 2006 sideri
1340 1941 1383 2004 ad

336 2028 475 2114 plurima
489 2051 596 2095 return
611 2051 738 2113 genera,
754 2043 787 2096 et
800 2049 873 2096 cum
891 2028 1033 2094 maxima
1073 2029 1161 2106 ratis,
1177 2027 1388 2112 maxirnaque

336 2129 500 2182 venustate
514 2135 580 2180 sese
600 2115 732 2181 idoneos
749 2115 912 2182 exhibere.
969 2051 1069 2192 Quod
1087 2125 1193 2180 sutem
1212 2113 1294 2194 haec,
1309 2135 1387 2199 quse

337 2202 369 2265 in
380 2202 721 2288 presentiadicuntar,
733 2225 798 2268 non
812 2201 1091 2291 magisverborum
1102 2202 1189 2266 inani
1196 2201 1382 2287 jactatione,

338 2309 433 2374 quam
457 2309 563 2354 rerum
591 2289 723 2354 veritate
752 2291 905 2368 nitantur,
927 2289 998 2354 haec
1023 2287 1208 2373 reipublicae
1229 2289 1383 2372 potentia,

338 2393 434 2462 quam
460 2375 511 2440 his
535 2375 646 2440 studiis
672 2376 864 2461 paradmus,
882 2374 986 2458 sutile
1014 2375 1144 2440 indicat.
1191 2373 1267 2440 Sola
1297 2374 1383 2440 enim

337 2464 469 2528 omnium
491 2483 703 2550 eorumquae
723 2483 811 2528 nunc
831 2475 973 2540 exstant,
989 2461 1105 2528 lamam
1128 2482 1292 2546 superans,
1307 2461 1386 2526 dato

336 2546 531 2617 documento
552 2549 774 2636 cognoscitnr3
796 2549 927 2637 solaque
948 2571 989 2613 no
1011 2547 1155 2614 hostibus
1177 2545 1306 2636 quidem
1322 2543 1382 2612 sibi

337 2633 454 2700 bellum
486 2633 694 2702 inferentibus
730 2637 983 2724 indignationem
1019 2634 1121 2711 affert,
1153 2635 1242 2722 quasi
1277 2634 1384 2700 clades

336 2721 495 2806 accipiant
510 2746 528 2785 a
543 2722 679 2797 civitate,
695 2745 769 2809 quae
784 2724 940 2788 minorem
956 2735 989 2788 et
1008 2723 1182 2810 potentiam
1198 2735 1230 2786 et
1242 2721 1384 2811 diguita-

337 2823 400 2870 tem
415 2807 550 2884 habeat3
575 2828 676 2895 neque
691 2809 819 2894 populis
827 2809 975 2896 subjectis
984 2805 1200 2896 conquerendi
1216 2810 1383 2874 materiam

336 2894 469 2979 praebet,
497 2895 588 2981 quasi
617 2896 692 2960 vitis
721 2897 858 2982 imperio
888 2896 1026 2983 indignis
1054 2907 1197 2982 pareunt.
1253 2895 1385 2981 Magnis

336 2995 442 3046 autem
472 2981 627 3067 exensplis
654 2983 829 3067 potentiam
860 2982 1073 3070 relinquentes
1103 2993 1386 3060 concessumst

337 3081 456 3133 nostrae
477 3069 580 3134 aetatis
602 3067 795 3145 hominibus,
812 3082 845 3134 st
865 3071 1001 3154 posteris
1021 3069 1226 3134 admirationi
1246 3071 1384 3146 esistunt

336 3153 383 3218 ita
404 3168 439 3220 ut
461 3177 519 3220 nec
544 3155 727 3222 Homerum
751 3177 933 3242 praeconem
957 3157 1054 3221 simus
1076 3155 1301 3237 desideraturi,
1324 3177 1384 3222 nec

336 3240 434 3308 alium
458 3243 652 3344 quempiam,
671 3246 725 3330 qui
749 3243 812 3307 suis
835 3243 964 3328 quidem
986 3242 1181 3308 carminibus
1203 3242 1329 3310 animos
1350 3243 1385 3308 in

337 3343 506 3412 praesentia
520 3327 710 3410 demulceat,
725 3350 832 3394 rernm
849 3351 925 3395 varo
1002 3343 1107 3395 tarum
1125 3329 1279 3415 opinione
1301 3330 1385 3398 veri·

337 3427 434 3480 tatem
450 3415 565 3482 laedat:
591 3417 710 3502 quippe
724 3417 780 3503 qui
795 3429 911 3482 terrant
928 3353 1046 3504 ubique
1061 3430 1156 3504 atque
1171 3437 1258 3480 mare
1273 3429 1385 3483 nostra

336 3501 470 3566 andacia
492 3503 585 3567 nobis
606 3505 717 3588 pervia
739 3525 806 3568 esse
827 3505 1007 3590 coegimusa
1032 3502 1250 3581 etmalorum,
1275 3505 1385 3590 quita

337 3591 444 3664 luctas,
472 3600 503 3652 et
532 3587 702 3670 bonorum,
727 3591 834 3676 quibas
862 3592 975 3656 amians
1000 3587 1169 3678 effecimus,
1189 3591 1385 3676 sempiterna

336 3687 544 3740 monumenta
568 3674 715 3760 plurimis
740 3677 774 3740 in
797 3675 875 3742 locis
897 3677 1065 3742 ereximus.
1113 3675 1179 3742 Pro
1201 3677 1257 3744 tali
1283 3678 1385 3762 igitur

336 3761 464 3826 civitate
487 3774 519 3826 st
544 3762 607 3840 isti,
635 3763 721 3850 quod
747 3775 781 3828 s'e
809 3762 870 3829 hac
897 3763 1017 3848 privari
1043 3764 1189 3848 iniquum
1215 3763 1383 3841 ducerem,

335 3845 461 3914 fortiter
475 3861 654 3949 pugnantes
669 3850 910 3927 occubueruutt
942 3864 974 3915 et
995 3849 1170 3939 quemlibet
1186 3871 1312 3928 eorum,
1324 3851 1383 3939 qni

337 3947 412 3999 sunt
427 3933 484 4004 reli
510 3956 552 4013 ιιι,
568 3957 627 4021 pto
642 3937 711 4022 ipsa
725 3936 851 4002 labores
866 3934 961 4002 alanni
978 3940 1084 4002 animo
1099 3936 1206 4002 subire
1221 3937 1322 4004 decet.

354 4069 368 4096 ,.
379 4028 434 4087 42.
449 4026 472 4065 ‘⁶
486 3957 709 4098 bunnensem
724 4025 820 4088 stiam
835 4025 1014 4090 orationem
1024 4024 1071 4089 da
1079 4023 1245 4110 republica
1256 4027 1388 4111 magias

335 4107 489 4193 produxi,
504 4120 541 4173 ut
555 4109 702 4176 docerem
719 4131 784 4176 nou
800 4110 840 4176 de
856 4112 971 4197 reperi
988 4111 1081 4177 nobis
1096 4123 1256 4178 certamen
1268 4133 1337 4177 esse
1348 4125 1386 4177 et

335 4197 422 4276 attis,
436 4194 492 4282 qui
508 4196 588 4262 nibil
603 4195 717 4264 borum
732 4220 825 4284 oeque
840 4195 976 4263 babent:
995 4197 1093 4264 'simul
1109 4199 1220 4281 etiam,
1230 4211 1266 4264 ut
1281 4199 1386 4302 signis

336 4281 510 4348 manifestis
540 4281 790 4350 demonstrarem
820 4281 948 4351 laudem
977 4305 1099 4364 eorum,
1126 4300 1213 4372 qnos
1235 4297 1388 4354 cranone
