2964 4786
402 291 648 364 HISTORIAE
673 291 761 361 LIB.
786 293 846 359 VI.
1071 299 1133 362 tur
1172 276 1178 289 ¹

98 466 154 552 qui
169 476 219 530 tot
238 475 334 552 atque
348 479 412 532 tam
435 489 567 555 magnas
583 468 723 532 civitates
744 465 910 543 babemus,
925 463 1044 528 bellum
1060 464 1136 549 ipsis
1170 471 1231 524 nen.

96 573 162 616 non
179 551 381 616 inferamus.”
1156 537 1250 654 3¹⁰&-

141 645 195 706 37.
220 638 437 715 “Quinetiam
459 641 484 702 si
501 641 644 703 venerint
665 643 714 723 (ut
736 638 860 713 fertur),
883 639 1040 717 existimo,
1058 635 1136 702 Sici·
1152 665 1251 728 olymp,

95 723 171 786 liam
196 724 268 808 plus
283 726 394 789 virium
410 723 591 789 habiturum
611 723 652 788 ad
667 747 720 788 eos
735 723 949 800 debellandos,
966 747 1061 812 quam
1079 723 1137 786 Pe·
1165 730 1241 780 91.1.

96 809 319 893 loponnesum,
335 833 400 894 quo
416 824 463 875 est
484 811 587 874 omnis
608 811 732 897 generis
754 825 910 893 apparatu
932 807 1136 887 instruction
1164 795 1239 907 ξιξ·

96 906 304 980 nostramque
320 897 475 960 civitatem
499 897 608 972 solam,
624 897 687 960 hoc
708 897 861 971 exercitu,
877 895 934 982 qui
949 901 998 979 (ut
1020 899 1075 962 isti
1088 894 1138 958 di·
1176 889 1237 972 Μ’

97 985 189 1060 cunt)
207 1002 293 1045 nuno
315 996 426 1046 contra
448 1005 502 1047 nos
516 981 613 1061 venit,
632 996 727 1068 atque
749 980 830 1045 adeo
851 980 899 1044 bis
921 994 1020 1058 tanto,
1043 983 1141 1069 longe

97 1067 294 1151 superiorem
318 1089 383 1131 esse
408 1071 493 1131 duco.
516 1069 635 1153 quippe
656 1067 741 1153 quod
772 1068 880 1147 seiam,
904 1069 986 1152 ipsos
1016 1068 1139 1132 nullum

97 1153 276 1237 equitatum
298 1175 404 1217 seeum
427 1153 631 1230 adducturos,
648 1154 704 1239 qui
726 1168 885 1237 sequatur,
904 1175 1005 1238 neque
1022 1175 1063 1217 ex
1079 1153 1141 1218 hae

97 1238 169 1322 ipsa
186 1239 316 1336 regione
338 1251 587 1322 comparaturos,
603 1241 665 1303 nisi
687 1239 901 1323 perexiguum
918 1239 1076 1323 quendam
1099 1238 1141 1303 ab

98 1323 266 1409 Egestoers,
281 1346 386 1409 neque
396 1326 501 1409 gravis
515 1337 686 1389 armaturas
699 1325 833 1388 militum
849 1345 1016 1388 numerum
1032 1337 1141 1389 nostro

96 1430 222 1494 penem,
245 1411 320 1494 quia
341 1409 473 1474 navibus
488 1411 651 1475 vehentur.
698 1412 846 1474 Arduum
868 1410 953 1474 enim
975 1410 1070 1475 liserit
1091 1409 1142 1474 vel

98 1495 177 1560 solis
203 1494 338 1559 navibus
363 1496 531 1580 expeditis,
551 1509 674 1560 tantum
698 1495 908 1582 navigationis
930 1518 1056 1561 cursum
1079 1495 1143 1560 huc

97 1603 194 1664 usqaoe
218 1581 384 1659 conficere,
409 1594 441 1646 et
471 1595 622 1647 ceterum
652 1597 840 1667 apparatum
857 1585 963 1666 serre,
988 1595 1142 1668 quantum

98 1667 252 1731 adversus
270 1679 390 1732 tantam
412 1668 572 1732 civitatem
595 1681 763 1753 suppetere
785 1679 920 1752 oportet,
936 1669 991 1755 qui
1001 1670 1143 1753 preficto

97 1774 219 1838 parvus
234 1775 300 1818 esse
314 1775 379 1817 non
394 1753 498 1818 debet.
542 1754 761 1831 Quamobrem
785 1753 901 1818 abbae
916 1755 1068 1837 opinione
1082 1775 1144 1839 ego

99 1839 183 1904 adeo
207 1839 367 1915 dissentio,
389 1853 435 1916 ut,
463 1840 489 1903 si
515 1840 717 1904 Athenienses
741 1839 835 1902 aliam
866 1839 978 1903 urbem
1009 1853 1142 1917 tantem,

99 1937 232 2012 quantae
256 1937 331 1988 sunt
362 1925 538 2008 Syracusae,
563 1928 597 1989 in
620 1928 731 1991 Sicilia
753 1923 946 2002 obtinerent,
971 1937 1002 1988 et
1030 1936 1144 1990 eontra

98 2033 157 2076 nos
171 2014 259 2075 illinc
273 2011 426 2088 venirent,
442 2024 474 2076 et
487 2013 589 2076 tardem
604 2011 760 2095 Syroetcris
773 2009 940 2074 finitimam
956 2009 1142 2087 incolerent,

100 2109 134 2162 et
148 2120 188 2162 en
201 2120 239 2162 ea
250 2099 449 2179 prodeuntes,
462 2099 549 2162 nohis
567 2097 685 2160 bellum
707 2095 857 2172 facerent,
873 2096 926 2160 vix
942 2095 1038 2160 totius
1053 2117 1145 2160 exer·

102 2184 186 2249 citus
214 2183 464 2248 internecionem
493 2183 593 2247 vitare
624 2203 716 2267 posse
744 2182 922 2246 videantur.
966 2182 1039 2246 Jam
1069 2203 1145 2246 vero

102 2269 209 2334 multo
230 2269 344 2344 minus,
361 2269 387 2332 si
409 2281 475 2332 tota
499 2269 606 2333 Sicilia
627 2269 668 2332 sit
688 2269 831 2353 ipsorum
852 2266 960 2332 hostis.
1005 2267 1089 2332 Nam
1104 2269 1144 2332 il-

101 2358 201 2420 lorum
216 2355 364 2419 exere-itus
383 2353 418 2417 in
440 2356 560 2432 eastris,
576 2377 649 2440 quae
671 2376 712 2418 ex
734 2354 867 2417 navibus
882 2354 970 2430 fient,
986 2355 1144 2430 consistet,

100 2451 134 2506 ‘et
147 2463 181 2506 se
194 2441 365 2516 continebit,
381 2455 414 2504 et
429 2443 551 2505 illorum
573 2443 686 2504 milites
700 2461 738 2503 ex
755 2439 861 2522 parvis
876 2439 1098 2518 tabernaculis,
1115 2452 1147 2504 et

101 2538 262 2612 apparatu
284 2527 470 2604 necessario,
490 2548 554 2590 non
577 2526 630 2590 lon
655 2549 672 2590 e
692 2525 886 2609 prodeuntes
908 2526 1147 2610 vagabuntum

103 2615 223 2677 nostris
245 2611 403 2696 equitibus
419 2615 584 2695 prohibiti.
630 2549 667 2676 ln
690 2631 825 2691 summa,
848 2631 888 2674 ne
911 2623 995 2675 terra
1017 2610 1145 2697 quidem

102 2700 193 2784 ipsos
216 2697 375 2782 potituros
403 2713 492 2782 puto.
537 2697 628 2763 Adeo
657 2709 802 2761 nostrum
827 2710 1015 2782 apparatum
1040 2697 1148 2782 hostili

101 2787 359 2871 praestantiorem
375 2781 495 2848 duco.”
1173 2855 1177 2862 ,
1229 2840 1234 2852 ,

153 2879 206 2936 88.
230 2869 484 2947 “Quamobrem
515 2867 736 2949 Athenienses,
786 2868 851 2934 uod
880 2869 963 2949 boee,
988 2891 1061 2956 quae
1087 2891 1148 2956 ego

100 2957 193 3034 dico,
209 2967 411 3044 eognoseant,
427 2977 477 3019 res
498 2977 570 3019 suas
593 2955 691 3041 (quod
714 2976 753 3038 pr
797 2977 816 3019 e
837 2957 925 3037 novi)
941 2969 1146 3020 conservant:

103 3043 291 3128 etquidem
317 3041 411 3128 hujus
433 3040 570 3106 'civitatis
594 3040 749 3116 homines,
773 3062 819 3116 ea,
836 3063 909 3127 quae
933 3063 1037 3127 neque
1062 3054 1147 3118 sunt,

102 3151 215 3215 neque
235 3127 343 3192 sutura
364 3140 448 3204 aunt,
464 3127 767 3202 comminiscuntur3
814 3148 870 3190 uos
891 3149 952 3214 ego
974 3148 1039 3190 non
1062 3147 1150 3192 nune

103 3215 262 3301 primum,
285 3212 340 3278 sed
362 3233 486 3299 semper
509 3213 585 3293 seio,
607 3211 769 3298 hujuseem
816 3212 826 3275 i
848 3211 1042 3292 rumoribus,
1057 3213 1151 3297 quin-

104 3301 208 3368 etiam
233 3299 311 3377 aliis,
336 3300 392 3385 qui
418 3312 491 3363 sunt
513 3299 580 3363 istis
605 3298 701 3384 longe
728 3297 943 3384 maligniores,
971 3298 1020 3360 vel
1048 3296 1150 3376 factis,

103 3399 225 3452 vestrae
246 3385 442 3450 multitudini
459 3399 581 3460 terrore
604 3386 738 3460 incusso,
754 3383 839 3468 ipsos
861 3383 995 3448 civitatis
1016 3383 1152 3468 imperio

104 3473 209 3561 potiri
225 3471 313 3536 velle.
358 3471 480 3536 Vereor
502 3486 617 3548 sutem,
634 3491 675 3534 ne
696 3470 811 3554 saepius
825 3471 903 3534 idem
915 3480 1074 3546 conantes,
1091 3469 1153 3536 hoe

106 3561 209 3626 etiam
234 3555 404 3644 aliquando
429 3570 673 3644 consequantur.
716 3556 805 3620 ¹Nos
819 3578 895 3620 vero
916 3556 1025 3643 ignavi
1046 3577 1154 3621 sumus

106 3661 184 3712 tum
210 3643 251 3709 ad
273 3643 496 3730 praeoavendas
517 3645 650 3708 istorum
673 3642 816 3720 insidias,
831 3654 1000 3728 antequam
1024 3643 1063 3706 ab
1078 3644 1155 3726 ipsis

107 3731 353 3817 opprimamur3
377 3744 444 3793 tum
457 3729 496 3794 ad
512 3729 698 3794 sumendum
715 3729 757 3793 de
766 3729 833 3792 istis
849 3729 1050 3814 supplicium,
1066 3740 1155 3813 post·

108 3838 211 3906 quam
228 3817 369 3900 ipsorum
386 3814 514 3879 insidias
529 3816 743 3902 eognovimus.
790 3814 855 3879 His
876 3827 981 3880 autem
997 3813 1155 3881 decausis

109 3916 226 3970 nostra
251 3901 359 3966 civitas
382 3922 456 3964 raro
481 3901 606 3987 quidem
631 3901 774 3987 quiescit,
798 3923 883 3986 saepe
903 3923 979 3964 vero
1002 3900 1156 3965 seditione

110 3990 252 4066 laborat,
267 4002 298 4051 et
312 3987 410 4074 longe
430 3987 524 4072 plura
538 3988 712 4051 certamina
733 3999 846 4051 eontra
861 4009 934 4050 suos
949 3986 1047 4072 ipsius
1060 3986 1154 4064 cives,

146 4213 163 4242 Φ
173 4207 228 4256 reos
239 4221 295 4255 tero
312 4211 381 4255 tanta
397 4210 511 4271 segnities
527 4215 602 4264 tenet,
615 4214 642 4254 ut
657 4221 746 4270 neque,
762 4209 903 4269 priusquam
920 4207 1096 4268 opprimamur,
1113 4220 1157 4256 nos

113 4274 270 4330 muniamus,
282 4287 369 4335 neque,
382 4275 422 4322 ubi
432 4273 588 4329 senserimus,
599 4275 696 4321 obviam
707 4286 801 4322 samus.
816 4274 924 4321 Amca'us.
959 4273 1044 4320 Hnns.
