2990 4792
400 341 651 410 HlsTolttAE
672 341 761 408 LiB.
784 341 829 407 il.
1069 345 1130 408 117

156 519 201 584 79.
223 514 302 579 Cum
317 527 422 579 autern
440 513 631 580 Plataeenses
646 512 717 578 haec
737 513 905 598 dixissent,
920 511 1131 580 Archidamus
1165 523 1226 575 teu.

117 599 227 665 iliorum
247 599 419 665 orationem
438 601 610 686 excipiens,
627 600 698 666 haec
712 600 886 686 respondit.
927 607 948 642 ‘⁴
963 597 1071 684 AEqua
1085 611 1132 664 est
1153 589 1236 700 Ηυξ·

116 699 204 751 restra
216 687 324 764 oratio,
343 687 412 751 Viri
429 687 628 764 Plataeenses,
645 688 672 751 si
685 687 790 752 verbis
804 685 888 752 facta
906 685 1129 770 respondeant.
1146 667 1245 778 (hiup.

117 769 376 848 Quemadmodum
392 772 489 874 igitur
509 773 683 838 Pausanias
698 771 786 838 uobis
806 773 964 859 proestitit,
980 793 1053 837 cunr
1076 793 1131 835 vos
1153 781 1194 829 st.
1212 780 1236 844 t·

116 856 166 942 ipsi
184 871 280 924 restro
297 860 371 945 jure
391 860 513 936 strada
534 873 602 925 tum
625 861 720 925 etiam
744 858 821 924 alios
843 882 903 946 pro
925 871 1027 924 vestra
1048 857 1130 922 virili
1157 845 1187 956 ξ·
1204 848 1233 894 ⁰⁴

115 943 1134 1098 ns.t..¹.tnrantu⁵2..enisusuu

114 1117 191 1182 randi
206 1119 372 1205 participes
386 1079 574 1196 fuerunt’et
593 1055 649 1204 qudi
663 1139 750 1184 nunc
764 1055 1015 1184 Atheniedsibud
1034 1053 1131 1182 sedri-

114 1216 171 1266 unt.
218 1205 302 1270 Num
317 1205 412 1270 vestri
426 1205 568 1290 ipsorum
584 1226 689 1282 causa,
706 1217 738 1270 et
752 1204 888 1270 aliarum
903 1205 935 1268 in
951 1203 1131 1268 libertatem

112 1290 334 1358 asserendorum
348 1291 453 1378 gratia
466 1299 574 1355 tantus
590 1303 758 1377 apparatus
772 1301 844 1356 tunc
858 1289 959 1356 tactus
973 1289 1043 1367 fuit,
1060 1303 1131 1354 tan-

113 1385 226 1461 tumque
252 1377 372 1442 beilum
395 1376 456 1442 fuit
479 1391 672 1462 susceptum,
686 1377 775 1478 cujas
798 1379 962 1454 libertatis,
980 1397 1052 1444 cum
1076 1397 1132 1442 vos

111 1481 221 1548 quoque
233 1462 375 1528 maxime
385 1463 557 1549 participes
572 1462 705 1544 fueritis,
715 1462 941 1550 jusjurandum
957 1463 1052 1528 etism
1068 1485 1132 1528 ser-

110 1548 193 1611 ratis:
214 1549 260 1614 sin
285 1551 391 1615 minus
414 1549 468 1634 (ad
484 1571 557 1637 quae
579 1548 722 1614 velante
742 1571 794 1614 uos
815 1548 883 1635 jam
905 1549 1132 1632 invitavimus)

110 1633 268 1716 quiescatis,
284 1657 336 1700 res
351 1649 469 1701 vestras
483 1635 690 1721 possidentes,
705 1657 744 1701 ac
757 1649 945 1702 neutrorum
959 1647 1065 1721 partes
1084 1657 1133 1700 se-

110 1720 245 1801 quamini,
260 1733 295 1787 et
309 1734 461 1808 utrosque
475 1720 603 1807 quidem
619 1722 768 1787 amicitiae
783 1743 887 1800 causa,
904 1735 1036 1786 neutros
1055 1743 1132 1786 vero

109 1801 173 1868 belii
184 1809 286 1908 pratia
301 1808 500 1893 recipiatis.'’
544 1811 650 1894 Atque
665 1808 736 1874 hsec
746 1807 875 1896 quidem
890 1807 983 1873 nobis
994 1806 1131 1892 placent.

110 1891 310 1960 Archidamus
336 1895 434 1982 igitur
452 1894 525 1959 hoec
545 1893 638 1959 dixit.
683 1894 907 1960 Plataeensiusn
933 1915 1008 1958 vero
1034 1893 1044 1956 l
1108 1893 1133 1957 ti

109 1971 150 2039 hia
163 1979 272 2046 auditis
295 1980 330 2044 in
350 1981 462 2046 urbem
480 1979 654 2057 redierunt,
670 2002 806 2066 cumque
826 2001 892 2044 rem
913 1979 954 2044 ad
976 2001 1063 2065 popu
1078 2000 1132 2044 um

108 2063 284 2144 retulissent,
304 2067 500 2132 Archidamo
514 2065 766 2151 responderunt:
793 2065 916 2130 “Nihil
931 2087 950 2130 a
965 2087 998 2132 se
1009 2087 1132 2142 eorum,

108 2167 171 2232 quae
194 2153 327 2239 abipso
352 2153 553 2238 petebantur,
574 2153 643 2218 sine
666 2150 917 2217 Atheniensibus
937 2151 1007 2216 fieri
1029 2173 1136 2236 posse.
1197 2229 1208 2236 .

106 2237 441 2402 tttttttitt
457 2236 1134 2391 ‘Affhiidpiidiiffii‘dihii

106 2408 245 2489 vestirent,
276 2423 311 2476 et
336 2347 538 2496 impediient,
554 2346 622 2496 pam
649 2413 743 2476 etiam
774 2369 933 2488 Thebdni,
964 2423 1135 2496 propterea

106 2495 183 2577 quod
202 2509 333 2563 cautum
352 2508 435 2563 essct
454 2496 495 2562 de
514 2497 661 2584 utrisque
681 2495 885 2584 recipiendis,
907 2517 996 2560 suam
1022 2495 1133 2561 urbem

105 2597 203 2646 rursus
224 2605 384 2668 occupare
409 2585 635 2649 conarentur.”
680 2581 739 2648 Illo
760 2603 836 2648 vero
859 2580 932 2647 iilos
956 2582 1038 2647 bene
1064 2603 1135 2667 spe

105 2683 168 2731 rare
186 2669 315 2754 jubens,
342 2671 382 2734 ad
408 2669 480 2736 hoeo
502 2669 684 2755 respondit:
717 2669 819 2734 “Vos
841 2669 940 2756 igitur
966 2668 1077 2733 urbem
1103 2678 1136 2734 et

105 2750 230 2821 edificia
250 2756 344 2821 nobis
368 2755 616 2821 lacedaemoniis
635 2753 761 2834 tradite,
778 2768 810 2820 et
824 2754 904 2820 fiaes
919 2755 988 2840 agri
1003 2753 1135 2820 demon·

104 2849 199 2918 strate,
215 2855 247 2907 et
267 2862 439 2907 numerum
454 2855 630 2908 vestrarum
645 2840 808 2920 arborum,
825 2854 857 2906 et
876 2840 1029 2927 quicquid
1048 2839 1135 2904 aliud

103 2921 326 2994 innumerum
353 2928 469 2992 cadere
496 2937 611 3013 potest
643 2949 698 2991 ros
727 2948 802 2992 vero
831 2927 916 2992 abite
945 2947 1136 3075 quocunque

102 3009 200 3095 ruitis,
214 3013 371 3101 quamdiu
386 3014 506 3079 bellum
521 3013 656 3079 durarit
681 3012 737 3078 ubi
753 3027 858 3078 autem
872 3011 935 3077 hoc
963 3013 1045 3078 uerit
1058 3033 1137 3077 cou-

102 3093 221 3178 iectum,
232 3100 415 3166 reddemus.
444 3100 572 3165 Interea
587 3121 672 3176 vero,
684 3109 721 3165 ut
734 3099 914 3184 depositum
930 3097 1135 3172 servabimus,

102 3201 208 3270 egram
230 3187 384 3265 colentes,
405 3200 437 3251 et
459 3185 615 3251 tributum
641 3183 823 3270 pandentes,
842 3183 930 3271 quod
952 3182 1041 3248 robis
1060 3203 1136 3268 sup-

100 3282 201 3352 petere
215 3274 327 3356 possit.

140 3357 191 3432 78.
216 3358 271 3423 llli
291 3376 381 3435 vera,
396 3358 446 3423 his
468 3357 598 3435 auditis,
612 3360 645 3422 in
667 3356 779 3422 urbem
802 3355 976 3421 redierunt.
999 3373 1137 3439 eumque

18 3495 19 3498 ,
94 3435 146 3510 his
160 3445 199 3507 de
214 3445 311 3510 rebus
325 3467 398 3510 cum
416 3445 619 3510 multitudine
633 3443 874 3522 consultassent,
887 3441 1135 3526 responderunt:

102 3531 121 3566 “
133 3527 173 3592 Se
183 3531 265 3595 velle
280 3530 478 3595 conditiones
489 3531 550 3595 sibi
566 3530 608 3594 sb
622 3552 661 3594 eo
673 3529 795 3594 oblatae
805 3551 878 3594 cum
892 3526 1137 3594 Atheniensibus

135 3613 182 3680 'as
203 3617 461 3694 communicarc3
483 3629 515 3681 et
536 3616 562 3680 si
585 3615 646 3680 iilis
669 3615 858 3700 persuadere
878 3625 1017 3701 possent,
1035 3637 1075 3678 se
1096 3613 1137 3678 ad

120 3721 166 3766 aec
182 3702 332 3768 facienda
356 3714 486 3788 paratos
510 3704 611 3767 esse.''
656 3701 784 3767 Interea
808 3723 883 3766 vero
909 3703 1078 3782 petierunt,
1102 3714 1139 3764 ut

97 3785 238 3856 inducias
253 3811 361 3856 secum
372 3787 498 3865 faceret,
510 3801 542 3853 et
556 3788 599 3854 ah
608 3809 688 3874 agro
699 3787 854 3854 vastando
862 3788 922 3853 sibi
935 3797 1137 3870 temperaret.

18 3935 20 3940 .
99 3869 154 3938 lile
174 3897 253 3942 vero
274 3872 418 3942 inducias
439 3873 521 3940 fecit·
535 3885 584 3940 tot
604 3873 742 3955 dierum,
762 3875 847 3940 iutra
868 3887 948 3961 quot
969 3871 1139 3938 verisimile

98 3959 277 4042 ridebatur,
300 3983 488 4049 responsum
512 3959 650 4027 Athenis
671 3959 779 4026 afferri
798 3983 913 4048 posse3
947 3971 978 4026 et
1000 3959 1040 4023 ab
1062 3979 1140 4046 agro

29 4061 35 4070 '
97 4049 251 4114 vastando
280 4050 340 4115 sihi
374 4048 572 4135 temperavit.
634 4045 829 4114 Plataeenses
862 4067 938 4112 vero
967 4042 1064 4133 legati
1099 4041 1139 4108 ad

124 4215 140 4245 ¹
148 4215 314 4264 Athenienses
324 4218 438 4264 veninat
447 4215 496 4262 teta
507 4227 556 4261 nou
567 4215 719 4275 permissuri.
741 4213 815 4261 Vatia.
826 4209 831 4218 '
843 4211 1006 4261 Athenienses
1017 4210 1141 4256 redientes

95 4274 122 4322 id
132 4278 226 4326 tastum
237 4291 294 4328 nou
305 4283 472 4344 approbsreat.
489 4279 599 4327 Acestae
632 4279 794 4328 Athenienses
811 4278 933 4336 venirent,
943 4271 1045 4336 eiusque
1061 4277 1141 4320 eusto-

98 4339 161 4390 d'um
174 4343 224 4392 ulis
237 4345 366 4405 eriperem.
389 4343 528 4396 Honeste.
561 4343 652 4392 Hune.

613 4416 661 4470 13
