2996 4782
332 228 371 330 m
474 217 485 236 '
689 259 994 327 nnucrnlnrs

329 429 506 522 tyrannidis
524 431 675 496 immunis
687 453 812 518 semper
825 431 901 498 firit:
924 442 997 497 sunt
1023 429 1107 496 enim
1123 431 1199 496 anni
1225 431 1364 498 moriare

328 519 565 608 quadringenti,
588 531 621 584 et
633 518 730 604 poulo
744 519 852 604 plures
870 540 970 604 usque
983 517 1025 582 ed
1038 516 1133 603 hujus
1154 516 1229 582 belli
1252 517 1361 596 finera,

328 628 371 672 ex
381 628 446 692 quo
456 604 693 670 Lacedremonii
704 607 814 670 eedem
826 604 1025 690 Reipublicae
1033 602 1291 669 administrandae
1299 603 1363 668 for-

317 689 382 756 'ma
395 703 547 758 utuntur:
571 691 678 756 etheo
691 691 759 776 ipss
772 691 813 756 de
827 712 921 756 oense
934 691 1110 776 potentiam
1125 691 1184 756 sibi
1198 713 1364 777 compers-

328 788 419 858 runt‚
434 781 468 842 in
483 777 551 844 ahie
566 799 693 864 quoque
707 777 886 842 civitatibus
901 799 951 842 res
965 780 1238 860 composuerunt.)
1291 776 1364 928 ὗ]-

329 866 438 930 reunis
452 885 527 930 vero
541 886 582 930 ex
598 863 727 930 Graeois
741 863 883 942 sublatis,
901 885 964 928 nou
975 863 1083 928 multis
1097 878 1170 948 post
1183 863 1275 928 annis
1331 887 1364 928 e·

328 951 444 1016 domna
453 973 581 1051 quoque
593 949 740 1035 proeiium
754 972 827 1016 oum
840 949 1092 1015 Atheniensibus
1106 950 1139 1012 in
1151 951 1274 1035 campis
1289 947 1365 1014 Ms-

328 1035 484 1104 rsthonirs
498 1050 545 1102 est
559 1037 773 1102 commissum.
819 1035 862 1101 Et
887 1035 1012 1102 decimo
1031 1048 1106 1121 post
1126 1035 1209 1101 hsno
1223 1057 1364 1123 pugnam

328 1145 414 1189 suno
424 1123 579 1188 bsrbsrus
593 1144 665 1188 cum
678 1145 798 1209 magns
812 1121 909 1188 classe
924 1145 1032 1187 rursus
1046 1124 1080 1186 in
1092 1121 1253 1188 Grieciam
1266 1122 1364 1198 venit,

329 1221 367 1274 ut
379 1231 449 1274 eam
464 1209 498 1274 ia
520 1210 700 1276 servitutem
715 1209 882 1296 redigeret.
927 1208 1057 1275 Etcum
1072 1229 1226 1296 magnum
1240 1209 1366 1296 pericu·

328 1294 396 1360 lum
411 1296 619 1382 impenderet,
633 1295 882 1376 Lacedaemonii,
897 1295 983 1382 quod
994 1295 1115 1361 caeteris
1127 1297 1269 1381 potentia
1283 1313 1367 1380 prae-

329 1395 460 1460 rtarent,
476 1383 572 1448 duces
586 1380 714 1448 fuerunt
730 1383 932 1464 Graecorum,
952 1382 1008 1468 qui
1031 1381 1150 1446 bellum
1174 1381 1253 1447 illud
1278 1401 1366 1446 conr·

330 1468 481 1534 munibus
492 1469 638 1555 auspiciis
647 1484 831 1552 gesserunt3
854 1480 886 1532 et
898 1467 1117 1544 Athenienses,
1131 1467 1238 1532 Medis
1248 1467 1366 1532 adven-

331 1554 480 1633 rantibus,
504 1577 577 1620 cum
603 1555 714 1620 urbem
729 1555 907 1642 relinquere
929 1555 962 1618 in
989 1555 1131 1619 animum
1148 1554 1366 1630 induxissent,

330 1662 502 1728 omnesque
518 1640 663 1707 fortunas
684 1654 870 1706 convssatss
896 1643 969 1705 inde
993 1641 1239 1790 absportesseut,
1272 1661 1367 1704 neves
1462 1660 1479 1684 ·

331 1729 595 1806 conscenderunt,
611 1739 644 1792 et
657 1728 697 1792 ab
707 1749 743 1792 eo
756 1738 889 1811 tempore
902 1727 948 1792 rei
963 1749 1046 1792 nava
1058 1728 1068 1791 i
1082 1749 1213 1812 opernm
1228 1727 1304 1791 dare
1318 1726 1367 1789 in·

331 1814 489 1879 stiterunt.
534 1813 618 1878 Cum
628 1826 735 1878 eutem
746 1813 957 1879 communiter
972 1814 1080 1878 Groeci
1090 1813 1261 1879 barbarum
1274 1834 1368 1897 repu-

330 1897 449 1977 lissent,
470 1921 534 1965 non
550 1899 652 1964 multo
665 1914 738 1985 post
753 1914 816 1965 tarn
832 1899 888 1978 iili,
905 1900 961 1986 qni
975 1923 994 1963 o
1008 1902 1178 1965 Persarum
1201 1901 1288 1986 Rege
1312 1897 1368 1962 de-

330 1985 496 2063 sciverant,
509 2007 602 2072 quum
615 1987 670 2073 qui
679 1987 856 2072 conjunctis
866 1985 1087 2051 ermisbellum
1100 1986 1128 2049 ei
1134 1984 1283 2062 fecerant,
1294 2005 1368 2069 psr-

332 2072 390 2136 tim
404 2069 446 2137 ad
462 2070 683 2152 Athenienses,
691 2073 808 2158 partim
821 2072 858 2138 sd
876 2071 1139 2138 Lscedoemonios
1159 2071 1251 2135 divisi
1266 2084 1369 2135 treus-

331 2155 449 2222 ierunt.
494 2158 576 2222 Nam
592 2157 649 2222 has
668 2158 749 2222 duas
772 2159 914 2222 civitates
937 2159 1076 2222 maxims
1096 2159 1237 2243 potentie
1251 2156 1369 2243 proedi-

331 2242 631 2310 tasfnisseconstet.
677 2243 726 2308 Hi
741 2246 825 2308 enim
842 2258 936 2321 terro,
959 2243 1005 2306 illi
1024 2267 1101 2310 vero
1120 2243 1218 2308 classe
1232 2243 1366 2308 muitum

333 2340 492 2414 poterant.
518 2329 605 2394 Hoec
615 2343 721 2395 eutem
733 2352 894 2396 armorum
906 2331 1037 2396 societas
1052 2331 1202 2416 exiguum
1215 2329 1368 2415 temporis

334 2417 474 2501 spatium
489 2414 625 2480 duravit.
671 2415 786 2482 Postea
800 2439 875 2482 vero
895 2417 1134 2482 Lacedaemonii
1149 2427 1182 2480 et
1193 2415 1369 2481 Athenien-

334 2523 383 2566 ses
409 2499 568 2568 dissociati
588 2501 705 2568 bellum
721 2504 803 2570 iuter
818 2526 851 2568 se
864 2515 1037 2590 gesserunt,
1054 2525 1128 2567 oum
1153 2505 1217 2566 suis
1241 2503 1369 2588 utrique

335 2587 440 2666 sociis,
457 2599 489 2652 et
502 2610 540 2652 cx
555 2591 677 2654 caeteris
692 2588 827 2668 Graecis,
849 2590 876 2653 si
900 2590 955 2677 qui
971 2611 1103 2675 usquam
1128 2588 1211 2654 inter
1226 2612 1259 2654 se
1281 2589 1368 2652 dissi-

335 2673 464 2752 debant,
471 2675 538 2759 jam
548 2674 589 2738 sd
601 2675 769 2740 alterutros
780 2675 1071 2761 proficiscebantur.
1117 2674 1335 2751 Quamobrem
1351 2698 1371 2738 e

336 2757 470 2824 Medico
485 2759 568 2824 bello
582 2760 624 2826 od
639 2762 700 2827 hoc
711 2785 811 2848 usque
825 2763 1036 2840 continenter,
1054 2761 1151 2826 modo
1166 2761 1295 2850 quidem
1309 2761 1369 2827 sue·

335 2843 396 2910 dus
418 2843 566 2910 facientes
574 2870 583 2924 3
614 2848 712 2912 modo
738 2871 814 2912 vero
836 2848 954 2912 bellum
976 2860 1130 2934 gerentes,
1147 2860 1204 2913 sut
1222 2851 1304 2913 inter
1327 2871 1369 2925 se,

335 2943 392 2996 eut
406 2943 518 2996 contre
531 2933 632 2998 socios
653 2957 673 2998 a
687 2957 720 2998 se
733 2934 924 3012 deficientes,
948 2957 997 2997 res
1012 2933 1139 2998 bellicas
1154 2935 1308 3018 praeclare
1321 2935 1370 2997 in-

336 3029 532 3096 struxerunt,
548 3031 580 3084 et
594 3019 758 3104 peritiores
771 3033 946 3098 evaseruut,
961 3041 1034 3085 cum
1049 3021 1200 3106 periculis
1216 3024 1249 3086 in
1263 3023 1371 3086 aanor

335 3105 438 3168 studio
452 3127 520 3168 sose
534 3119 726 3174 exercentes.

372 3199 432 3256 ·19.
457 3190 501 3256 Et
515 3191 752 3258 Lacedaemonii
767 3195 895 3282 quidem
915 3194 960 3260 ite
979 3196 1188 3282 impetebant,
1209 3207 1246 3260 ut
1271 3196 1373 3262 socios

337 3296 402 3341 nou
427 3277 584 3343 baberent
597 3280 800 3345 tributarios:
824 3281 878 3346 sed
892 3280 954 3347 hoc
968 3281 1070 3346 solum
1086 3285 1258 3364 studerent,
1277 3297 1314 3346 ut
1327 3281 1372 3347 iili

339 3363 403 3426 suis
419 3363 528 3430 officiis
551 3365 686 3444 deliniti,
712 3388 887 3451 prucorum
907 3368 1087 3452 principatu
1111 3370 1143 3432 in
1174 3369 1372 3454 Reipublicae

339 3446 614 3518 administratione
628 3465 803 3533 uterentur,
827 3455 1063 3518 accommodate
1077 3454 1116 3519 ed
1136 3477 1227 3520 suurn
1249 3456 1374 3519 institu-

340 3544 421 3633 tum.
466 3535 675 3604 Athenienses
699 3560 785 3620 vero,
808 3539 943 3605 novibus
963 3539 1104 3606 hostium
1125 3541 1253 3606 tandem
1268 3540 1373 3628 potiti,

339 3621 548 3706 imperabant,
564 3627 704 3708 exeeptis
720 3626 873 3691 Chiorum
889 3638 921 3690 et
942 3625 1129 3692 Lesbiorum
1141 3657 1144 3664 ·
1154 3629 1292 3708 navitus,
1319 3627 1374 3691 tri·

339 3704 418 3770 buto
440 3709 533 3772 etiem
555 3711 713 3789 omuibus,
741 3712 827 3799 quod
849 3713 1035 3798 penderent,
1058 3715 1222 3798 imperato.
1269 3713 1312 3779 Et
1327 3715 1374 3798 ip-

339 3813 447 3856 sorum
462 3809 633 3880 epperatus
657 3799 689 3861 in
712 3798 875 3863 bochello
896 3801 997 3885 major
1017 3801 1147 3879 exstitit,
1163 3823 1259 3887 quem
1279 3799 1376 3866 fuerit

339 3877 390 3941 vel
404 3881 572 3964 maximus,
587 3905 680 3968 quern
696 3884 773 3950 olim
797 3885 975 3964 habuerint,
992 3908 1056 3972 quo
1072 3901 1214 3973 tempore
1228 3909 1301 3952 curn
1325 3886 1375 3950 in-

340 3976 430 4051 tegre
441 3967 592 4032 societate
605 3969 792 4038 floruerunt.

383 4059 436 4118 20.
461 4052 524 4118 Res
539 4053 637 4140 igitur
659 4073 797 4123 vetustas
810 4060 887 4126 tales
908 4082 977 4124 esse
1001 4061 1152 4146 comperi,
1167 4061 1282 4148 quibus
1296 4057 1375 4122 fides

339 4136 507 4204 difficulter
522 4141 700 4222 adhibetur,
718 4147 860 4230 quamvis
879 4147 1027 4232 deinceps
1042 4157 1072 4210 et
1091 4169 1151 4229 per
1164 4150 1286 4234 singula
1301 4156 1375 4209 tem·
1492 4127 1494 4182 ³

333 4245 419 4305 ΡΜ
441 4227 604 4311 quodlibet
625 4245 847 4318 argumentum
872 4233 1029 4319 probandi
1054 4255 1150 4299 censa
1176 4232 1375 4321 protulerim.
1492 4237 1493 4264 i
