2996 4782
348 277 390 336 48
709 261 1012 334 THUCYDIDlS

345 461 462 530 genere
471 451 663 520 constructa,
677 439 733 525 qui
747 437 1013 506 nonnullisetiam
1029 441 1062 504 in
1071 437 1215 525 partibus
1229 457 1295 504 non
1307 451 1384 506 sunt

390 525 448 606 liti,
464 526 520 592 sed
536 540 571 593 ut
591 530 725 613 quisque
745 525 826 592 forte
840 547 890 591 eos
904 523 1067 592 offerebat:
1088 525 1201 590 multa
1215 525 1311 590 etism
1325 547 1384 592 oo-

359 635 465 679 umnae
479 633 522 677 ex
544 611 758 678 monumentis
782 612 943 688 detractae,
958 623 991 676 et
1005 633 1080 676 saxa
1093 610 1193 696 polita
1216 623 1292 676 sunt
1305 633 1384 678 ooo-

344 712 444 784 gesta.
488 697 638 764 Ambitus
652 699 738 762 enim
748 719 900 764 numnam
910 698 952 764 ab
965 697 1053 762 omni
1063 697 1149 762 urbis
1163 709 1255 783 parte
1268 698 1384 782 major,

344 807 435 870 quam
449 795 525 852 esset
537 795 620 862 ante,
636 783 769 850 eductus
782 795 841 850 est.
886 783 930 848 Et
947 797 1119 868 propterea
1138 783 1248 848 omnia
1260 785 1384 868 pariter

345 885 507 937 moventes
531 869 733 936 fannonem
778 867 1009 935 Themistocles
1033 869 1128 934 etiam
1157 870 1322 955 persuasit,
1346 881 1384 934 ut

344 959 481 1044 reliquas
496 957 611 1022 Piraei
626 967 737 1040 partes
749 953 963 1021 aedificarent:
984 954 1079 1041 (Ejus
1092 955 1177 1020 enim
1191 976 1266 1041 pars
1279 955 1384 1021 aedili·

343 1045 410 1110 cari
426 1043 513 1129 prius
526 1058 574 1109 est
587 1063 637 1108 ατ
660 1057 702 1122 ta,
716 1064 781 1129 quo
795 1054 938 1128 tempore
952 1042 1033 1126 ipse,
1048 1061 1191 1106 annuum
1208 1043 1383 1128 Magistra·

343 1141 412 1194 tum
479 1151 562 1207 rens,
593 1065 727 1195 Allienis
746 1127 898 1215 proelisit.)
920 1139 989 1193 tum
1011 1127 1087 1213 qnia
1107 1127 1311 1194 existimabat
1334 1128 1382 1194 lc·

343 1236 417 1282 cum
434 1215 441 1231 '
456 1216 523 1282 lum
534 1236 601 1280 esse
619 1227 827 1301 oportunum,
839 1213 927 1301 quod
942 1219 1006 1278 tres
1020 1227 1131 1298 portus
1145 1225 1260 1278 namra
1274 1215 1381 1280 muni-

344 1315 394 1366 tos
403 1301 551 1378 haberet3
576 1306 588 1342 '²
602 1315 671 1367 tum
680 1301 775 1365 etiam
787 1300 863 1387 quia
875 1300 971 1384 ipsos,
980 1301 1036 1387 qui
1047 1299 1142 1364 rebus
1152 1298 1289 1365 nauticis
1303 1321 1381 1386 ope·

344 1388 498 1453 ramelsre
510 1399 723 1472 coeperant,m
789 1407 844 1452 um
854 1385 1126 1471 adjumennrm'ad
1136 1407 1212 1472 opes
1220 1386 1382 1471 parandas

344 1473 509 1540 habituros
531 1473 686 1556 sperabat.
761 1473 859 1537 rimus
880 1474 966 1536 enim
992 1492 1087 1538 ausus
1111 1486 1160 1537 est
1185 1472 1301 1551 dicere,
1324 1495 1381 1538 eos

342 1559 460 1626 debere
475 1559 570 1624 maris
589 1559 757 1645 imperium
771 1558 830 1624 sibi
845 1558 1024 1634 vendicare,
1039 1569 1071 1622 et
1090 1558 1255 1622 confestim
1268 1579 1324 1624 ecs
1345 1561 1381 1626 in

344 1644 406 1712 hoo
419 1645 821 1731 imperioparandnjuvare
830 1645 938 1730 ooepit,
983 1643 1073 1710 Illius
1083 1645 1178 1710 etiam
1189 1646 1379 1711 sententiam

342 1732 469 1818 sequuti
482 1753 610 1796 murum
625 1755 662 1798 ea
675 1730 843 1796 latitudine
861 1741 1098 1809 exstruxerunt,
1114 1751 1187 1816 quae
1198 1751 1285 1796 nuno
1300 1753 1380 1820 quo·

304 1885 306 1890 ,
342 1837 407 1904 que
421 1818 506 1883 circa
521 1817 677 1883 Piraeeum
689 1830 971 1903 exstansapparet:
995 1837 1070 1882 uam
1088 1816 1156 1882 duo
1169 1816 1310 1901 plaustra
1318 1841 1381 1902 per

342 1925 459 1969 namnam
472 1925 605 1972 oceumu
620 1906 751 1970 adverso
765 1927 843 1970 saxa
855 1904 1038 1990 portabant.
1084 1902 1175 1968 Intus
1186 1925 1262 1967 vero
1275 1925 1381 1992 neque

322 2002 544 2068 nummum,
559 2011 662 2077 neque
674 1990 777 2056 lutum
793 2003 875 2055 erat:
899 1989 955 2054 sed
979 2009 1105 2077 magna,
1120 2003 1153 2054 et
1170 1989 1209 2054 ad
1232 2011 1380 2056 normam

343 2075 452 2155 incisa,
468 2077 667 2162 etqnadrata
685 2097 772 2154 saxa,
788 2087 1018 2163 coagmentata,
1033 2085 1063 2138 et
1083 2076 1279 2140 extrinsecus
1292 2075 1380 2142 ferro

343 2161 538 2250 plumboque
560 2164 643 2228 inter
662 2183 695 2226 se
716 2163 832 2228 vincla.
877 2161 1026 2228 Altitudo
1049 2161 1192 2242 verosd
1211 2161 1377 2228 dimidiam

344 2261 464 2332 partem
477 2249 554 2334 ejus,
565 2269 661 2334 quam
678 2249 1004 2314 Themistoclesanimo
1014 2259 1175 2325 statuerat,
1187 2247 1378 2334 essperduo-

343 2346 392 2398 ta:
409 2334 732 2400 nametaltitudineet
743 2332 911 2400 latitudine
922 2344 1223 2411 malummconatus
1233 2345 1263 2400 et
1274 2337 1378 2400 inerrar-

341 2421 442 2486 aiones
463 2419 603 2486 hostium
619 2418 746 2485 volebat
766 2434 923 2486 avertere:
947 2435 978 2484 et
1035 2439 1178 2496 uectum,
1201 2441 1312 2484 eorum
1337 2443 1378 2485 ue

342 2504 627 2572 infirmissimomm
643 2505 809 2571 hominnm
826 2506 976 2591 praesidio
1008 2527 1103 2570 ocum
1118 2505 1209 2572 facile
1222 2527 1278 2572 ons
1336 2507 1377 2572 iri

341 2611 444 2676 posse,
459 2604 590 2657 caeteros
603 2613 680 2657 vero
696 2613 789 2657 naves
797 2613 1025 2656 conscensuros
1035 2591 1244 2657 existimabat.
1290 2592 1376 2657 Nam

344 2677 376 2740 in
389 2699 459 2752 rem
475 2678 633 2743 nauticam
645 2677 1067 2764 potissimumincnmbebat,
1081 2671 1158 2764 quia
1171 2682 1223 2764 (ut
1235 2677 1378 2743 mcalert

340 2762 466 2912 apicio)
482 2764 580 2864 Regis
605 2765 771 2829 Perennem
790 2765 898 2850 copias
919 2765 999 2828 mari
1015 2763 1146 2842 facilius,
1162 2785 1259 2849 quam
1279 2777 1376 2843 terra,

377 2851 500 2914 raecicm
534 2849 683 2914 mvadere
718 2871 809 2934 posse
837 2849 1122 2914 animadvertebat:
1156 2864 1189 2914 et
1216 2850 1376 2916 Piraeeum

340 2933 414 3018 plus
435 2933 590 3015 utilitatis,
620 2955 715 3020 quam
748 2937 943 3020 superiorem
972 2935 1093 3011 urbem,
1128 2934 1378 3003 Atheniensibus

339 3018 511 3084 allaturum
534 3021 683 3106 putabat:
705 3034 800 3106 atquo
817 3021 898 3086 adeo
920 3043 1005 3105 soepe
1026 3020 1170 3084 hortatus
1192 3034 1240 3084 est
1261 3045 1325 3101 eos,
1350 3025 1376 3088 si

340 3103 422 3169 forte
435 3128 574 3192 unquam
590 3122 674 3172 terra
696 3119 926 3191 premerentur,
943 3120 979 3170 ut
999 3107 1031 3170 in
1048 3128 1120 3170 eum
1135 3107 1375 3185 descenderent,

339 3203 372 3255 et
391 3189 489 3257 classe
508 3193 655 3258 omnibus
679 3194 868 3257 resisterent.
913 3193 1121 3256 Athenienses
1143 3193 1241 3279 igitur
1265 3196 1375 3260 statim

339 3289 413 3362 post
432 3277 606 3344 Medorum
633 3278 801 3344 discessum
824 3280 885 3342 hoc
900 3278 997 3343 modo
1018 3278 1127 3342 urbem
1151 3279 1249 3342 muris
1264 3280 1377 3346 cinxe-

340 3374 428 3443 runt,
442 3377 475 3429 et
488 3377 603 3429 caetera
623 3378 857 3429 exstruxerunt¹

383 3457 437 3515 94.
460 3449 628 3516 Pausanias
650 3471 725 3515 vero
751 3449 946 3514 Cleombroti
975 3451 1074 3534 filius,
1100 3449 1376 3530 Lacedaemonius,

340 3533 531 3601 Graecorum
553 3536 633 3617 dux,
655 3559 727 3601 curn
752 3535 861 3623 viginti
885 3536 1016 3599 navibus
1031 3557 1069 3600 ex
1094 3535 1321 3623 Peloponneso
1329 3553 1378 3603 est

338 3620 488 3686 emissus:
512 3643 650 3708 eumque
665 3621 874 3687 Athenienses
897 3641 970 3684 cum
992 3621 1123 3708 triginta
1143 3621 1275 3689 navibus
1298 3638 1378 3688 sunt

339 3707 492 3784 comitati,
508 3729 708 3796 magnusque
722 3706 857 3771 aliorum
866 3706 1022 3770 sociorum
1034 3729 1182 3772 numerus
1192 3730 1257 3772 nem
1272 3713 1376 3776 eodem

340 3794 509 3878 nauigauit,
525 3808 557 3859 ct
578 3815 651 3860 cnm
666 3791 780 3858 infesto
795 3791 985 3856 exercituin
1001 3793 1131 3856 insulam
1148 3793 1292 3880 Cyprum
1309 3795 1375 3861 ive·

372 3963 461 4014 l’'l'unt
473 3970 547 4016 etlam
558 3968 615 4029 quia
629 3967 694 4014 eires
711 3965 762 4012 fieri
769 3963 889 4022 nauticos,
900 3977 1046 4025 magnopere
1057 3967 1171 4026 proicere
1187 3968 1219 4014 ud
1236 3969 1375 4028 punctim

339 4030 504 4091 ampliandam
516 4035 617 4094 putabat
628 4037 673 4077 etc.
710 4029 785 4075 Valla.
817 4029 882 4074 Tum
891 4029 965 4073 etiam
976 4029 1034 4088 qula
1042 4031 1116 4090 ipsos,
1125 4045 1201 4090 quum
1212 4033 1304 4079 nautici
1316 4047 1376 4080 evo.

340 4094 437 4154 amnt,
447 4109 564 4158 magnum
576 4102 623 4144 eto.
655 4093 736 4153 Stcpll.
768 4091 833 4138 'l'um
845 4091 919 4138 etiam
935 4093 1001 4150 ipsis,
1012 4105 1069 4139 cum
1081 4097 1111 4140 ad
1122 4109 1173 4140 rom
1186 4097 1376 4144 nauticam'ani-

340 4169 411 4205 mmn
425 4162 584 4221 adnullant,
596 4159 703 4206 multum
711 4158 741 4203 ad
749 4157 883 4216 potentiam
893 4156 1048 4214 profuturum
1062 4161 1172 4217 sperabat
1179 4165 1225 4207 eto.
1259 4160 1374 4209 Aconas.

340 4221 431 4272 fluns.
