2996 4782
432 307 679 377 HIS'l'ORlAE
702 305 793 376 LIB.
814 309 842 376 l.
1110 315 1153 376 69

21 495 23 502 “
106 481 323 568 imputent,
336 495 373 548 ut
394 481 457 548 hoc
473 483 731 548 exterminarent.
775 482 823 548 At
843 480 1093 558 Iecedoetnouii,
1109 480 1154 572 le·¹

107 568 189 649 getis
204 569 247 634 ed
264 567 478 634 Athenienses
494 569 607 647 missis,
623 567 871 635 Themistoclem
892 568 990 633 etiem
1005 567 1154 632 erimine-

110 653 239 733 beutur,
257 654 346 742 quod
362 669 394 719 et
407 655 476 741 ipse
494 675 567 720 cum
586 654 695 720 Medis
709 655 866 732 sensisset,
881 653 1153 742 quemsdmodunr

109 738 230 806 feceret
242 741 428 819 Pausanias,
447 754 484 807 ut
503 761 545 805 ex
561 739 735 806 manifestis
756 741 881 806 indiciis
895 741 1089 828 questionis
1112 740 1154 806 de

113 826 282 892 Peussuiae
293 827 482 892 criminibus
493 825 622 906 hebitae,
636 841 837 913 compertum
850 827 1029 905 hebebsnt3
1050 840 1084 892 et
1097 841 1155 912 pei

33 955 41 974 .
110 913 232 991 telnnt,
245 927 283 978 ut
296 913 350 978 ills
361 911 473 978 iisdem
486 914 648 998 suppliciis
658 913 843 980 efficeretur.
890 913 942 979 Illi
953 936 1039 992 vero,
1055 910 1153 984 fideus

110 1000 218 1066 verbis
231 999 361 1066 illorum
376 999 528 1066 hebentes
542 1001 619 1086 (jem
636 1001 721 1065 enim
737 999 968 1066 Themistocles
978 999 1082 1088 petris
1096 1019 1155 1084 per

110 1085 335 1154 omnebonum
350 1086 459 1171 pulsus
478 1099 557 1164 eret,
578 1099 611 1151 et
626 1087 724 1174 Argis
738 1087 868 1173 quidem
890 1086 1075 1163 habitabat-3
1099 1085 1154 1150 sed

112 1183 218 1238 umen
234 1186 268 1238 et
289 1184 493 1258 percuteres
511 1171 722 1258 Peloponnesi
743 1186 849 1260 pectes
861 1173 977 1240 crebro
997 1189 1155 1244 commeo-1

114 1259 182 1340 bet)
204 1260 336 1326 mittunt
351 1279 502 1324 unacum
519 1257 784 1340 Leoedoemoniis,
800 1260 841 1325 ud
859 1259 949 1324 illurn
966 1259 1059 1329 simul
1081 1273 1154 1344 psr'·

111 1345 310 1432 mumdum
325 1344 459 1431 pst-stis,
474 1347 626 1431 quosdam
642 1367 716 1412 cunr
732 1347 898 1424 mendatis,
915 1359 952 1411 ut
965 1367 1039 1411 eom
1056 1340 1155 1410 addu-

111 1445 231 1510 cerent,
247 1432 431 1518 ubicunque
444 1445 600 1496 terrorum
615 1433 884 1498 nanciscerentur.

157 1527 233 1584 186.
257 1517 491 1583 Themistocles
508 1539 584 1583 vero
597 1539 669 1583 cum
685 1541 749 1584 rem
763 1519 989 1605 praesensisset,
1005 1539 1046 1583 ex
1060 1517 1155 1582 Pelo·

111 1625 258 1690 ponneso
279 1606 313 1668 in
334 1603 509 1692 Corcyram
529 1603 682 1692 profugit,
706 1605 793 1694 quod
812 1605 854 1670 de
874 1605 1157 1692 Corcyreisbene

113 1690 246 1756 meritus
260 1705 351 1756 esset.
401 1689 471 1794 'Sed
491 1713 566 1798 cum
588 1691 633 1756 illi
649 1691 802 1770 dicerent,
818 1693 977 1796 severeri,
996 1713 1045 1770 ne,
1065 1691 1155 1796 siip-

111 1777 921 1954 :tt*tllntltt'tttt..ittltttitt
928 1777 1156 1950 ,itiit'ttt

113 1950 269 2015 usonem
294 1951 336 2014 eb
351 1951 426 2036 ipsis
440 1950 620 2019 deducitur.
666 1947 709 2016 Et
724 1887 962 2038 insequentibus
976 1951 1024 2029 iis,
1040 1950 1157 2037 quibus

111 2037 169 2100 hoc
182 2037 374 2122 imperatum
389 2035 500 2116 lueret,
516 2041 572 2125 qui
582 2049 739 2124 perpetuo
750 2037 999 2120 sciscitabantur,
1016 2057 1157 2124 qucum

111 2123 166 2187 ille
185 2123 257 2200 iret,
273 2135 405 2208 propter
422 2145 573 2213 msgnem
593 2124 720 2189 consilii
734 2125 874 2210 inopiam
898 2137 1026 2189 conotus
1047 2135 1095 2188 est
1107 2123 1157 2188 di·

112 2221 236 2274 vertere
256 2210 296 2274 ed
319 2209 507 2291 Admetum,
527 2209 744 2276 Molossorum
765 2211 898 2298 Regem,
921 2211 975 2296 qui
1000 2229 1065 2273 non
1089 2222 1157 2274 eret

111 2295 172 2380 ipsi
188 2295 321 2364 emices.
366 2297 475 2383 Atque
488 2297 543 2362 ille
556 2297 685 2383 quidem
701 2309 779 2362 tuuc
792 2296 874 2362 forte
893 2297 1063 2361 dominon
1078 2308 1157 2361 eret.

47 2415 51 2422 ·
110 2381 184 2446 Hic
206 2401 286 2448 vero
309 2381 351 2446 sb
374 2383 459 2448 illius
482 2403 597 2464 uxore,
622 2383 662 2448 od
687 2403 783 2470 quern
810 2383 946 2485 supplex
971 2394 1156 2463 secesserat,

107 2467 248 2534 edemus
262 2479 422 2549 monetur,
436 2481 473 2533 ut
483 2480 590 2534 sumto
603 2491 664 2534 suo
677 2469 819 2554 ipsorum
835 2469 904 2533 fillo
918 2469 958 2534 ed
973 2469 1058 2534 lares
1068 2469 1157 2534 seile-

108 2567 170 2620 nst.
217 2555 365 2641 Cumque
381 2575 445 2620 non
461 2555 563 2621 multo
576 2567 651 2641 post
673 2554 830 2622 Admetus
845 2557 985 2620 rediisset
996 2555 1058 2632 3i'ei
1073 2555 1157 2619 indi·

107 2641 196 2706 cesit
211 2641 284 2790 spuis
306 2654 399 2706 esset.
443 2640 487 2706 Et
501 2640 624 2706 focinus
648 2641 703 2706 illo
725 2643 894 2730 indignum
909 2640 976 2706 lore
998 2642 1092 2718 dixit,
1117 2642 1157 2726 (si

109 2727 191 2814 quid
230 2741 302 2791 orte
324 2727 393 2812 ipse
416 2740 527 2792 contre
549 2727 639 2792 illum
663 2728 806 2812 dixisset,
832 2728 925 2814 eique
947 2728 1157 2792 Athenienses

1 2828 2 2831 ’
107 2813 219 2879 oranti
234 2812 418 2878 adversatus
438 2813 574 2892 fuisset)
594 2812 765 2902 profugum
788 2813 906 2879 ulcisci.
953 2813 995 2879 Se
1015 2815 1099 2878 enim
1122 2817 1157 2878 in

1 2917 2 2928 ¹
108 2900 290 2985 proesentis
302 2899 400 2988 longe
414 2895 666 2978 imbecilliorem,
691 2901 732 2964 sb
747 2901 802 2965 illo
822 2900 933 2964 laesum
949 2901 988 2963 iri
998 2923 1008 2977 ς
1032 2899 1086 2965 sed
1101 2923 1157 2988 ge·

107 2987 220 3052 ncroei
250 3007 317 3052 esse
339 2986 448 3064 enimi,
478 3007 571 3072 peres
595 2987 666 3070 peri
692 2986 877 3051 conditione
903 2985 1033 3050 ulcisci:
1063 2986 1158 3050 simul

108 3073 211 3138 etiem
227 3072 404 3160 sequidem
419 3071 465 3137 illi
486 3071 528 3136 de
543 3073 712 3137 commodo
726 3073 879 3160 quodem,
893 3090 958 3135 non
982 3084 1088 3136 eutem
1116 3071 1158 3137 de

107 3159 214 3224 salute
235 3155 395 3224 labonnu
409 3158 612 3224 adversatum
637 3156 743 3223 fuisse.
788 3157 884 3223 illum
898 3178 985 3235 vero,
1003 3160 1157 3224 sicensis

107 3247 250 3311 inieritis
264 3244 406 3310 truderet
420 3249 508 3330 (cum
533 3244 674 3324 dixisset,
691 3245 821 3332 quinem
837 3257 949 3321 essem,
965 3244 1020 3330 qui
1035 3266 1069 3308 se
1083 3263 1157 3329 per-

415 3331 1156 3501 ³,

106 3439 205 3570 illuffib
221 3419 494 3586 tingnllffiebss)
512 3443 642 3592 surge’re
651 3503 762 3590 jussit:
786 3461 1155 3584 hocoutern’muximum

105 3603 181 3657 erut
195 3589 398 3677 supplicandi
413 3611 525 3676 genus.

131 3695 136 3702 ·
156 3685 233 3746 1³7.
256 3676 328 3742 Nec
347 3675 599 3742 lecedesmoniis
613 3687 645 3742 et
661 3675 919 3755 Atheniensibus,
940 3692 1056 3740 eonon
1072 3676 1155 3741 mul·

104 3777 144 3830 to
221 3774 236 3826 t
249 3761 410 3846 probetis,
425 3776 458 3828 et
471 3761 720 3850 longsorstione
734 3765 807 3846 usis,
822 3785 887 3828 eum
899 3763 1024 3828 trudere
1034 3764 1154 3846 voluit,

104 3785 313 3927 reddisset,
330 3851 512 3936 cupientem
526 3849 568 3914 ed
586 3849 707 3936 Regem
721 3869 863 3938 pergere,
880 3849 993 3915 itinere
1017 3851 1155 3938 pedestri

106 3936 154 4002 ed
169 3935 307 4014 eltetom
323 3957 421 4014 mere,
436 3935 478 4002 sd
492 3937 594 4000 rebem
611 3935 765 4022 Pydnam,
782 3959 854 4022 quse
869 3949 937 4001 eret
953 3936 1154 4006 Alexandri:

107 4023 169 4088 ubi
184 4043 299 4088 nerem
316 4023 495 4087 onerariam
510 4035 632 4100 nectus,
657 4045 730 4110 quae
745 4022 777 4087 in
794 4023 916 4106 lonisrn
934 4021 1155 4108 proficisceba-

107 4123 179 4187 tur,
192 4129 273 4176 ‘eam
295 4107 491 4184 conseendit,
518 4121 550 4174 ct
572 4121 759 4193 tempestate
779 4109 903 4174 deletus
924 4123 972 4173 est
996 4109 1029 4173 in
1050 4124 1155 4176 cestre

108 4195 377 4277 Atheniensium,
392 4197 448 4286 qui
466 4193 596 4259 Nexum
612 4195 809 4262 obsidebant.
855 4194 899 4260 Et
913 4197 1055 4345 (ipnotus
1069 4197 1155 4264 euim

107 4295 192 4371 erut.
201 4284 251 4365 iis,
267 4284 323 4370 qui
345 4281 467 4360 inu'avi
483 4281 692 4363 vehebantur)
707 4283 835 4354 territus
849 4303 931 4348 usuc
943 4304 1000 4348 ero
1013 4283 1154 4348 declare-

109 4369 171 4449 sit,
187 4371 258 4456 quis
273 4384 364 4450 esset,
381 4383 412 4435 et
427 4391 490 4456 que
504 4368 545 4434 de
559 4389 659 4520 causas
670 4369 810 4457 ingeretr
833 4369 940 4434 etnisi
955 4389 988 4433 se
1002 4384 1162 4453 servaret,-

605 4477 624 4520 r
