2996 4782
427 243 676 316 fflsromra
699 245 788 313 tra
813 244 839 311 1.
1112 205 1155 317 is
1251 287 1262 308 .

121 418 214 486 annis
237 415 424 486 mittebant:
451 416 551 496 veriti,
566 440 607 484 ne
628 440 648 483 a
665 417 819 484 Perdicca
837 427 871 484 et
885 415 1060 490 Corinthiis
1080 416 1157 482 soli·

121 505 218 582 nitati,
235 527 257 568 a
278 525 311 569 se
330 501 514 583 delicerent,
536 517 729 590 ceterosque
750 503 863 584 socios,
887 501 941 589 qui
963 500 997 568 iu
1017 501 1158 568 'lhracia

122 603 223 668 eram,
239 589 282 656 ad
296 587 505 654 defectionem
520 611 627 655 secum
643 587 813 656 traherent.

163 683 218 746 ⁵7.
244 675 330 740 Haec
354 687 461 740 autem
477 674 683 740 Athenienses
704 691 818 740 contra
841 673 1030 740 Potidaeatas
1051 675 1157 740 statim

121 773 193 848 post
206 759 322 826 navale
336 759 486 845 proelium
500 761 541 824 ad
558 760 734 848 Corcyram
749 761 952 828 commissum
974 759 1078 826 moliri
1093 781 1158 829 θα·-

119 861 250 996 feram.
297 845 382 910 Nam
396 860 430 910 et
444 845 604 912 Corinthii
623 859 733 931 aperte
747 847 983 912 Atheniensibra
1004 859 1095 912 erant
1107 847 1158 910 in·

131 933 209 1010 aussi,
221 945 255 998 et
266 931 435 998 Perdiccas
445 929 729 1016 Alexaodsifils'us,
737 929 954 998 Macedonum
964 931 1047 1010 Rex,
1057 953 1158 996 eornm

121 1018 220 1083 hostis
235 1031 314 1095 erat,
329 1039 403 1083 cum
419 1029 493 1082 ante
508 1018 612 1084 socius
632 1029 665 1082 et
685 1017 805 1082 muicus
820 1030 912 1084 esset.
957 1019 1033 1082 Ideo
1051 1029 1156 1082 antem

120 1103 221 1169 lactus
236 1119 399 1168 esteomm
422 1102 530 1179 bostis,
545 1103 632 1188 quod
656 1124 729 1172 cum
754 1103 905 1190 Philippo
927 1101 1023 1170 fratre
1048 1125 1106 1168 suo
1126 1117 1158 1168 et

119 1189 245 1266 Derda,
259 1190 472 1254 communiter
493 1188 610 1254 bellum
632 1204 744 1254 contra
765 1211 799 1254 se
816 1189 1011 1290 gerentibus,
1024 1187 1158 1253 Atheni·

119 1297 210 1340 enses
235 1273 416 1339 societatem
445 1271 608 1340 fecissent:
644 1296 781 1361 cumque
809 1275 869 1340 arbi
899 1277 969 1340 ideo
993 1286 1157 1352 metueret,

2 1411 3 1418 ,
120 1360 223 1424 missis
240 1359 504 1426 Lacedaemonem
520 1361 609 1440 viris,
623 1381 754 1445 operam
770 1359 869 1438 dedit,
886 1373 921 1426 ut
943 1359 1060 1424 bellum
1076 1359 1158 1424 inter

118 1446 205 1530 ipsos
225 1447 427 1510 Athmieores
447 1457 480 1510 et
496 1445 740 1530 Peloponnesios
761 1448 910 1526 oriretur,
925 1459 957 1509 et
974 1443 1159 1514 Corinthios

120 1532 180 1596 sibi
204 1531 396 1608 conciliavit,
412 1542 449 1596 ut
472 1529 618 1596 Potidaea
643 1529 851 1596 defectionem
869 1531 910 1596 ab
924 1531 1159 1598 Atheniensibus

120 1615 251 1682 laceret.
297 1615 483 1693 Quinetiam
498 1638 572 1682 cum
590 1615 863 1694 Chalcidensibus,
879 1631 912 1682 et
932 1615 1087 1694 Bottiaeis,
1103 1615 1159 1702 qui

121 1715 197 1768 sunt
221 1703 257 1764 in
273 1701 424 1779 lhtacia,
439 1701 515 1790 egit,
532 1716 568 1766 ut
585 1723 649 1768 nna
662 1725 727 1766 rum
745 1705 931 1768 Potidaeots's
950 1701 1157 1768 desectionem

120 1787 279 1854 lacerent:
302 1787 500 1864 existimans,
522 1788 547 1852 si
573 1787 715 1852 civitates
739 1789 813 1852 istas
832 1811 911 1876 agro
931 1811 989 1854 suo
1007 1786 1158 1854 finitimas

120 1873 256 1938 haberet
269 1873 380 1951 socius,
402 1895 436 1938 se
450 1873 566 1938 bellum
582 1895 655 1938 cum
672 1873 732 1938 illis
741 1873 860 1938 facilius
870 1875 1013 1938 adverstts
1027 1875 1157 1938 Atheni-

118 1981 202 2024 enses
222 1972 401 2046 gesturum.
447 1958 531 2035 Quae
555 1980 628 2024 cum
655 1959 875 2044 cognovissent
893 1958 1111 2035 Athenienses,
1125 1973 1158 2024 et

120 2044 237 2108 harum
253 2045 417 2108 civitatum
433 2043 639 2109 defectionem
656 2065 881 2129 prseoecupare
897 2044 1010 2144 vellent
1030 2043 1158 2144 (trigin-

2 2163 3 2166 ¹
120 2131 255 2196 taenias
277 2150 383 2206 nares,
413 2145 444 2194 et
470 2129 555 2194 mille
568 2132 674 2217 gravis
698 2141 869 2196 armaturae
894 2129 1008 2194 tudites
1033 2150 1066 2192 m
1090 2152 1158 2194 eus

2 2261 3 2288 ,
120 2235 236 2300 agrurn
252 2215 323 2298 jam
340 2217 501 2296 miserant,
527 2215 625 2280 ductu
653 2215 852 2282 Archestrati
874 2215 903 2279 L
925 2213 1064 2280 comedis
1106 2216 1156 2293 lii,

2 2299 3 2303 ’
120 2322 194 2364 cum
220 2301 329 2364 decem
349 2301 417 2364 aliis
432 2300 561 2387 collegis
576 2323 611 2366 eo
632 2301 790 2384 protecti.)
817 2321 889 2366 man
913 2315 1007 2365 arunt
1030 2301 1157 2364 navium

2 2417 3 2424 κ
119 2386 289 2470 praefectis,
308 2401 342 2449 ut
361 2401 393 2450 et
415 2385 541 2451 obsides
561 2385 792 2468 sPotidaeatis,
805 2387 994 2472 acciperent,
1018 2400 1050 2451 et
1074 2387 1159 2450 urbis

3 2477 4 2550 ζ
120 2493 230 2536 muros
244 2471 479 2546 demolirentur,
495 2485 527 2537 et
552 2487 699 2536 accurate
714 2485 870 2550 caverent,
887 2495 927 2537 ne
940 2471 1098 2557 proximae
1112 2473 1157 2536 ci-

3 2595 4 2626 i
120 2557 235 2622 vitates
248 2555 456 2622 defectionem
473 2557 621 2622 facerent.

163 2652 217 2710 58.
242 2643 285 2707 At
303 2642 501 2720 Potidaeatoe,
519 2643 621 2706 missis
637 2643 677 2706 ad
689 2641 897 2708 Athenienses
906 2641 1027 2729 legatis,
1043 2642 1068 2706 si
1077 2639 1158 2706 forte

120 2729 198 2812 ipsis
214 2728 407 2812 persuadere
420 2741 559 2812 possent,
570 2727 697 2813 nequid
710 2728 834 2794 novide
845 2751 880 2794 se
894 2741 1077 2804 statuerent,
1094 2725 1158 2792 La·

120 2813 338 2878 cedaemonem
363 2814 458 2878 etiam
474 2835 547 2878 cum
571 2811 749 2878 Corinthiis
763 2811 896 2898 profecti
911 2827 1054 2901 egerunt,
1071 2823 1117 2892 ut,
1132 2813 1159 2876 si

119 2897 244 2964 loreto
268 2920 315 2977 us,
343 2899 499 2964 auxilium
522 2901 752 2964 Lacedaemonii
775 2911 936 2982 pararent.
982 2898 1048 2964 Ubi
1072 2920 1157 2976 vero,

121 3007 220 3070 opera
239 2919 297 3048 diu
314 2999 489 3059 consumta,
504 2983 583 3048 nihil
608 2985 711 3068 pacati
736 2983 777 3048 ab
792 2983 1039 3050 Atheniensibus
1058 2985 1158 3069 impe-

4 3123 5 3126 *
121 3085 206 3136 trare
227 3083 412 3154 potnerunt,
428 3069 482 3134 aed
503 3091 598 3134 naves
613 3091 713 3132 emam
728 3069 762 3134 in
784 3067 1009 3135 Macedoniam
1032 3084 1063 3133 et
1077 3070 1110 3132 iu
1126 3091 1159 3134 se
1211 3125 1219 3134 .

120 3156 240 3258 pariter
255 3154 433 3231 veniebant,
447 3167 479 3220 et
492 3155 608 3220 summi
622 3153 937 3220 lacedaemoniorum
953 3154 1159 3241 Magistratus

120 3241 432 3391 lpdiplfflifflm’
444 3261 486 3317 ae,
497 3241 526 3364 si
535 3239 743 3389 Athenignses
754 3254 866 3306 contra
876 3239 1052 3390 Pgffiaealm
1064 3240 1157 3388 irebnt,

120 3349 153 3479 hl
168 3339 317 3478 Bdilttchii
328 3340 541 3478 hcrdhhihhihir
549 3338 1016 3496 hhhiurdliihlhnrilltihieosibiis
1030 3346 1158 3474 hilicii

119 3511 207 3566 runt.
255 3495 423 3562 Perdiccas
437 3517 565 3582 qnoque
586 3495 850 3560 Chalcidensibus
867 3496 1029 3582 persuasit,
1045 3509 1092 3574 ut,
1107 3518 1158 3559 re·

121 3585 204 3650 lictis
227 3597 261 3648 et
285 3581 400 3648 excisis
425 3583 555 3647 urbibus
578 3581 756 3658 maritimis,
783 3581 1031 3669 commigrarent
1054 3579 1158 3665 Olyn-

5 3693 6 3720 2
121 3669 225 3748 thuim
241 3679 276 3733 et
290 3668 372 3732 hano
387 3688 481 3732 unam
502 3665 614 3731 urbem
631 3689 653 3730 a
672 3669 754 3732 mori
767 3671 956 3732 remotiorem
978 3669 1157 3732 communi-

120 3769 201 3822 rent.
249 3751 320 3819 Illis
333 3765 449 3830 autem,
465 3751 519 3838 qui
528 3753 684 3835 pristinos
697 3774 760 3816 suae
771 3754 888 3835 patrica
901 3755 984 3818 sedes
998 3752 1157 3838 relinque-

5 3881 6 3890 κ
120 3840 208 3920 bant,
225 3861 301 3906 cum
322 3837 381 3915 sni,
399 3851 465 3902 tum
481 3838 574 3902 etiam
597 3835 768 3924 Mygdonii
790 3839 858 3926 agri
873 3852 1008 3924 partem,
1046 3860 1096 3903 uas
1111 3853 1158 3904 est

121 3929 204 3994 circa
219 3923 369 4012 paludem
384 3923 519 4001 Bolbcn‚
534 3922 622 3988 dedit
642 3919 854 4005 incolendam,
871 3921 1023 4010 quamdin
1080 3923 1157 3988 llum

120 4027 232 4080 contra
248 4009 462 4078 Athenienses
475 4019 641 4092 susceptum
656 4007 797 4074 duraret.
841 4012 948 4094 Atque
962 4009 1009 4074 illi
1029 4009 1155 4094 quidem

6 4139 7 4142 =
121 4100 213 4168 nrbes
227 4096 375 4166 demoliti
396 4095 428 4159 in
451 4095 522 4160 loca
544 4093 774 4162 mediterranea
793 4095 1054 4184 commigrarunt,
1069 4109 1100 4160 et
1115 4093 1156 4159 atl

6 4245 7 4260 ,
118 4185 236 4256 bellum
252 4203 414 4268 aepmare
428 4193 645 4267 coeperunt..
