3004 4768
355 289 419 352 492
707 278 1012 348 t'ttttcttntms

262 467 324 516 eet.
355 443 495 520 exercitu
516 451 645 519 udonus
660 452 905 520 Atheniensium
927 451 1121 518 munitiones
1141 450 1234 516 classi
1257 451 1392 515 circum-

249 531 336 640 Ρὼῆ
355 539 455 616 datar,
480 537 641 641 quandam
664 543 922 624 autumpnatem
946 538 1042 624 cepit,
1062 550 1095 638 et
1115 537 1237 625 aliquot
1262 537 1396 639 nanum

221 596 341 772 ’ᾆῑζξιῗλ
356 625 519 692 subductis
543 637 664 710 pontus
684 639 742 690 est.
787 625 851 692 Sed
865 646 939 690 cum
962 623 1172 691 Athenienses
1192 635 1395 708 eruptionem

356 715 391 777 irs
405 733 455 777 eos
472 709 632 790 fecissent,
647 725 680 776 et
702 711 802 776 Chios
823 712 857 776 in
879 710 987 799 fugam
1013 709 1132 795 primos
1153 711 1331 784 vertissent,
1348 729 1397 772 re·

255 786 327 897 3·st
356 797 462 898 liquos
483 794 579 862 etiarn
602 797 772 874 exercitus,
794 797 850 883 qui
874 797 961 862 circe
985 795 1170 861 Pedaritnm
1190 807 1272 872 erat,
1296 794 1397 859 risum

266 865 329 964 ἦ
356 881 433 962 huss
454 895 488 948 et
506 882 579 967 ipse
595 885 764 948 Pednritus
782 881 943 960 occubuit,
959 894 992 949 et
1015 881 1170 948 Chiorum
1191 881 1300 961 multi,
1315 880 1397 944 mni-

357 983 455 1128 abbi
468 990 608 1120 ⁸illibate?
609 981 783 1120 1itebtiulllan
804 1066 837 1120 et
857 1077 878 1131 e
899 1065 984 1122 terra
996 1067 1030 1120 et
1042 1076 1064 1119 a
1077 1053 1158 1118 rnari
1179 1054 1301 1119 emtius
1314 1052 1398 1116 obsi·

355 1140 526 1220 debentur,
542 1154 574 1207 et
593 1142 704 1242 ingens
718 1139 816 1206 hules
830 1139 895 1205 illic
915 1152 994 1206 esst.
1038 1139 1084 1204 At
1100 1138 1256 1205 Pisandes·
1269 1140 1400 1224 ejusque

357 1227 500 1314 collegia,
524 1224 768 1293 Atheniensium
788 1225 894 1314 iegati,
909 1247 982 1292 cum
1004 1225 1046 1290 ad
1062 1224 1313 1311 Tissaphernem
1329 1247 1399 1308 per·

357 1313 525 1391 venissent,
541 1313 582 1377 de
603 1312 804 1398 pactionibus
827 1311 976 1378 iaciendis
997 1311 1094 1377 verbe
1106 1311 1265 1377 fecerunt.
1311 1310 1399 1375 Alci·

358 1399 467 1464 biades
485 1419 562 1464 vcro
584 1403 658 1482 (nec
672 1398 757 1464 enim
774 1397 867 1464 Tisse
889 1396 997 1464 hemis
1015 1397 1095 1462 tides
1109 1419 1197 1483 spem
1220 1397 1397 1461 admodum

357 1496 476 1558 certem
487 1484 547 1568 ipsi
556 1483 717 1562 afferebat,
729 1485 805 1571 quia
817 1421 1187 1572 Pelbponnesiosmagis,
1201 1505 1295 1567 pianr
1307 1485 1402 1548 Arte·

358 1573 486 1650 reienses,
512 1568 713 1649 formidabat,
739 1583 772 1638 et
794 1583 947 1656 unusque
971 1567 1077 1636 adhuc
1100 1583 1237 1635 euenere
1261 1568 1401 1644 volebat,

358 1654 627 1743 quemadmodum
656 1657 751 1724 etism
778 1657 820 1722 eb
849 1655 1016 1722 Alcibiade
1040 1655 1172 1721 edoctus
1195 1653 1339 1736 fuerat3)
1360 1654 1401 1719 ad

358 1741 540 1828 hujusmodi
551 1743 688 1827 fraudis
708 1763 811 1828 genus
823 1744 1102 1808 comminiscendum
1123 1763 1158 1806 oe
1180 1741 1353 1819 convertit,
1368 1752 1403 1805 ut

359 1827 598 1914 Tissaphernes,
614 1829 733 1915 quippe
752 1827 838 1916 quod
853 1827 895 1893 ab
910 1827 1157 1894 Atheniensibus
1171 1848 1222 1892 res
1243 1829 1403 1892 maximas

358 1925 490 2000 peteret,
506 1911 626 1980 nnllam
641 1936 707 1979 ntra
721 1915 797 1997 ipsis
811 1914 1074 2000 compositionem
1089 1912 1216 1980 luceru.
1266 1913 1403 1978 Videtur

316 2065 318 2070 .
358 2013 464 2068 autem
486 1998 565 2066 mihi
586 2014 619 2066 et
641 1999 734 2066 Tissa
758 1999 877 2074 hernes
894 2000 979 2066 idern
1001 1999 1144 2078 relicinae,
1168 2001 1237 2084 ipse
1259 2000 1403 2086 qnidam,

359 2099 641 2236 ppopterdmetums
666 2023 848 2238 Aluctirb'iades
870 2107 956 2188 veru
972 2085 1408 2238 pptstqnamvdpertimedsertit,

361 2363 484 2408 vasus
569 2363 629 2410 oca
720 2363 769 2410 ssu
812 2363 948 2412 cuum:
1353 2367 1404 2409 ce·

247 2411 250 2422 ’
362 2430 500 2496 elimari
512 2429 640 2508 nolebat,
658 2365 770 2516 ullam
785 2449 936 2516 persuaso
951 2430 1160 2515 Tissaphemi
1182 2441 1216 2495 et
1228 2431 1405 2495 Athenien-

273 2555 277 2564 ·
360 2515 443 2582 sibus
463 2536 497 2582 se
518 2514 693 2601 adjungere
705 2516 842 2594 'solenti
859 2519 941 2600 ipsos
955 2515 1166 2582 Athenienses
1187 2535 1255 2580 non
1275 2515 1404 2593 offerre,

361 2613 516 2689 quantum
531 2615 579 2668 nat
592 2614 683 2668 esset.
726 2601 910 2668 Alcibiades
930 2602 1016 2668 enim
1039 2613 1086 2668 tot
1107 2624 1156 2668 res
1173 2601 1215 2666 ab
1229 2603 1404 2668 Athenien·

306 2699 308 2709 '
360 2687 443 2753 sibus
457 2687 586 2754 modurn
601 2687 757 2754 excedens
777 2687 971 2774 postulabat,
1000 2709 1073 2754 nam
1095 2709 1156 2772 pro
1171 2687 1268 2752 Tissa
1293 2689 1403 2768 herne,

362 2771 418 2858 qui
432 2792 571 2875 presens
584 2773 784 2858 eduat,ipse
798 2774 895 2838 verbs
915 2771 994 2841 facte
1057 2774 1084 2855 ς)
1099 2785 1136 2838 ut
1148 2793 1207 2859 per
1220 2775 1252 2838 A
1294 2775 1406 2876 enien-¹

362 2872 1041 3030 nhffltttmtfflttii‘h'w
1057 2881 1146 3010 tit
1154 2861 1404 3031 mit
1483 2946 1484 2954 ψ

347 3033 454 3115 fieret.
494 3019 584 3096 Nam
606 3029 797 3117 postulabat,
813 3044 849 3097 ut
867 3045 900 3098 ct
918 3031 1021 3098 omnis
1041 3029 1135 3097 Ionis
1156 3029 1353 3110 traderetur,
1375 3047 1406 3097 at

360 3131 517 3203 praeterea
544 3115 658 3182 insulae
688 3119 787 3182 louiae
814 3116 1002 3204 adjacentes,
1026 3129 1059 3182 et
1082 3115 1155 3196 alia,
1181 3117 1300 3202 quibus
1330 3139 1404 3184 cnm
1482 3127 1484 3188 l

358 3201 569 3268 Athenienses
583 3223 648 3268 nnn
659 3202 1051 3282 intumescentium
1066 3205 1099 3268 in
1112 3205 1404 3292 mocongreasn,

361 3287 490 3366 veritus,
506 3309 547 3353 ne
554 3289 622 3374 jam
638 3288 733 3374 plane
745 3287 1035 3375 deprehenderetur
1048 3300 1201 3375 praestare
1214 3311 1282 3354 non
1298 3311 1403 3376 posse,

361 3393 430 3460 quae
443 3373 679 3442 Atheniensibus
697 3386 770 3440 aute
785 3378 987 3459 misisset,
1000 3375 1105 3462 petiit,
1119 3390 1157 3442 ut
1175 3377 1320 3442 sinerent
1339 3377 1405 3442 Re·

356 3481 436 3548 gem
449 3457 608 3526 aedificare
622 3483 727 3538 naves,
744 3473 776 3526 et
797 3462 938 3546 ipsorum
958 3483 1071 3550 αςηιω
1093 3461 1193 3540 obire,
1209 3473 1241 3527 et
1254 3485 1404 3550 quocun-

361 3567 434 3632 que,
450 3559 560 3612 etcum
579 3557 626 3612 cot
646 3548 784 3626 mnibus,
800 3561 880 3636 quot
900 3548 1049 3614 libuisset.
1094 3547 1191 3614 Tunc
1211 3571 1291 3614 mro
1303 3549 1404 3615 Ache·

356 3631 487 3716 piensea
510 3655 576 3697 non
596 3633 732 3720 amplius
749 3636 896 3714 mactati,
911 3635 964 3702 aed
986 3634 1218 3715 existimantes,
1233 3637 1311 3712 ἦα,
1336 3657 1404 3722 que

357 3717 606 3799 postulabantur,
622 3719 711 3784 nulla
725 3720 848 3786 mtione
868 3720 938 3786 fieri
961 3742 1064 3806 posse,
1085 3733 1163 3786 etse
1176 3721 1218 3786 ab
1232 3721 1404 3788 Alcibiade

361 3801 512 3886 deceptos
526 3827 601 3882 esse,
613 3826 691 3872 cum
706 3806 755 3870 ira
768 3806 909 3894 digressi,
928 3807 1058 3872 Samum
1072 3829 1107 3871 se
1120 3821 1323 3893 receperunt.

257 3913 344 3960 Mensa
406 3897 459 3956 57.
484 3888 560 3956 Post
570 3889 641 3956 hoec
651 3905 755 3958 suurn
766 3892 992 3978 Tissaphernes
1002 3893 1109 3958 stetim
1121 3904 1153 3958 et
1162 3894 1274 3958 eodem
1285 3893 1308 3957 h
1332 3910 1404 3960 eme

244 3977 343 4054 'Manto
355 3974 397 4038 ·in
415 3973 563 4041 Caunum
577 3999 611 4042 se
631 3975 776 4059 contulit,
790 3981 865 4066 quia
884 3977 1010 4044 volebat
1032 3977 1281 4064 Peloponnesios
1306 3918 1404 4046 litte·

241 4047 348 4090 ¹⁰²⁰*ss
363 4072 432 4138 tum
448 4084 555 4129 rursus
577 4062 736 4140 reducere,
752 4063 884 4152 ollisque
903 4065 1115 4150 pactionibus,
1131 4069 1402 4153 quoscunqnesn·

316 4227 320 4234 Ι
363 4168 431 4212 cere
455 4161 571 4232 posset,
587 4149 693 4215 adhuc
715 4149 815 4228 factis,
831 4165 863 4218 et
885 4150 1075 4236 stipendium
1091 4153 1156 4217 illis
1168 4152 1326 4237 praebere,
1344 4174 1402 4216 nec

362 4233 423 4297 sibi
444 4255 574 4320 prorsus
597 4235 703 4302 hostes
723 4237 811 4314 heri;
834 4239 963 4321 veritus,
978 4261 1028 4318 ne,
1043 4239 1069 4303 si
1089 4235 1272 4322 laborarent
1293 4239 1401 4325 inop'n
