3004 4768
332 282 399 342 456
697 263 1004 334 THUCYDIDIS

237 468 299 518 nm
334 441 499 530 superiora
518 439 589 506 loca
602 459 636 504 re
654 433 845 502 conferrent.
891 434 1071 522 Sperabam
1090 435 1186 512 euim,
1202 434 1265 499 bac
1279 434 1371 498 etiam

228 533 312 594 Peroe.
336 529 471 608 Siculos,
486 549 566 614 quos
580 523 789 600 arcessisscut,
805 521 931 587 obviarn
946 521 1006 586 sibi
1022 533 1182 586 uenturos.
1221 519 1288 586 ssd
1303 541 1372 584 curu

220 611 266 708 δῖ’·
280 597 318 646 ¹⁹⁴
335 616 376 681 ad
391 614 523 680 flurium
536 611 704 685 venissent,
715 606 769 674 hic
783 630 912 757 quqque
926 605 1087 694 quoddam
1102 607 1374 705 Syracusanorum

233 674 318 772 aff
335 700 520 788 praesidium
554 697 754 772 invenerunt,
787 715 847 792 qu¹
877 693 1003 794 'muris
1032 691 1178 794 ealloque
1207 704 1374 756 transitum

234 789 307 965 ᾖξ’
334 783 581 938 titillet
602 779 1079 952 'tlsstttff‘l'tittll
1102 780 1200 928 :lat
1228 777 1376 943 litii,

334 958 465 1022 nomine
493 953 660 1034 Erineum,
686 949 930 1016 contenderunt.
976 947 1051 1014 Heu
1076 951 1161 1014 eninr
1192 948 1294 1014 duces
1319 951 1377 1013 iter

320 1045 406 1128 fieri
414 1047 584 1130 jusserant.

378 1135 432 1194 81.
456 1127 584 1193 Interea
599 1147 674 1190 vero
690 1122 880 1210 Syracusani
903 1143 942 1187 ac
957 1122 1044 1200 socii,
1061 1120 1114 1186 ubi
1130 1120 1198 1186 dies
1213 1107 1333 1196 illuxit,
1348 1132 1378 1185 et

335 1214 544 1279 Athenienses
566 1210 669 1276 abisse
687 1223 917 1294 cognoverunt,
937 1207 1082 1292 plerique
1102 1207 1202 1294 Gylip
1227 1228 1283 1272 unt
1305 1207 1378 1270 iusi·

333 1299 510 1377 mulabant,
524 1297 611 1384 quod
627 1294 837 1361 Athenienses
857 1293 959 1359 sciens
980 1293 1184 1379 prudensque
1222 1292 1378 1358 ‘misisset

336 1385 449 1462 Quare
468 1383 613 1448 celeriter
634 1391 948 1467 persequentesque
970 1400 1155 1467 progressos
1170 1400 1235 1442 non
1252 1367 1379 1442 difficile

334 1483 463 1547 norant,
478 1468 666 1569 qubhoram
681 1464 807 1550 prandii
822 1487 872 1566 eos
894 1465 1123 1614 adipiscuntqr.
1169 1465 1261 1564 Cum·
1272 1477 1379 1529 autem

335 1567 496 1707 mitt*
502 1552 542 1704 l'
544 1551 1381 1736 tiebaldi-'122¹⁵f5¹2l¹tttsltttitttttt

335 1725 517 1812 perturbati
536 1723 677 1800 fuissent,
693 1721 857 1787 confestim
880 1743 930 1786 eos
951 1743 1093 1808 aggressu
1114 1743 1262 1809 pugnare
1276 1744 1380 1808 coepe·

336 1825 422 1878 runt.
468 1812 741 1898 Syracusanorum
763 1820 870 1873 autem
892 1807 1049 1894 equitatus
1071 1807 1156 1893 ipsos
1177 1806 1302 1872 facilius
1322 1809 1382 1873 cir·

336 1897 510 1974 cumdedit,
526 1910 558 1963 et
572 1896 606 1961 in
621 1894 673 1960 exi

336 1998 439 2050 esseut
454 1984 605 2069 separati.
649 1917 734 2045 ideam
751 1977 854 2044 Nicias
868 1979 1027 2044 exercitus
1042 1979 1172 2044 ulterius
1194 1999 1383 2068 progressus

335 2069 474 2136 distabat
504 2071 593 2134 illinc
621 2077 749 2130 centum
778 2076 810 2130 at
839 2065 1071 2152 quinquaginta
1090 2065 1210 2130 ¹studia.
1275 2065 1383 2132 Nicias

336 2156 421 2222 euim
436 2177 545 2240 ugnrm
559 2153 648 2218 ocius
663 2149 809 2227 ducebat,
825 2148 911 2235 quod
927 2151 1133 2230 existimaret,
1149 2151 1284 2216 minime
1299 2151 1383 2216 salu·

337 2255 406 2308 tare
427 2262 506 2320 esse,
527 2241 562 2304 in
584 2235 770 2324 hujusmodi
792 2251 933 2320 tempore
954 2237 1097 2302 cunctari
1121 2236 1207 2301 ultro
1229 2250 1263 2302 et
1288 2237 1384 2303 dimi·

336 2349 420 2404 care,
435 2325 490 2390 sed
513 2344 608 2411 quarn
630 2322 793 2388 celerrime
814 2343 881 2386 sese
902 2323 1052 2410 recipere,
1069 2323 1114 2387 ita
1135 2333 1171 2387 ut
1192 2326 1310 2388 milites
1333 2349 1384 2390 ea-

336 2425 428 2478 tenus
445 2421 635 2511 pugnarent,
648 2421 803 2495 quatenus
817 2421 1019 2496 cogerentur.
1056 2407 1294 2476 Demosthenes
1303 2415 1385 2476 'vero

336 2497 515 2584 multiplicr,
530 2517 632 2583 eoque
645 2493 774 2560 assiduo
795 2493 914 2570 labore,
931 2495 1032 2582 magis
1046 2515 1084 2558 ac
1098 2496 1199 2583 magis
1214 2497 1385 2580 premeba-

337 2597 400 2662 tur,
414 2582 521 2669 equod
538 2581 640 2668 ipsum
656 2579 810 2666 posterius
824 2579 1012 2666 digressum,
1029 2579 1134 2646 hostes
1147 2582 1274 2665 priores
1291 2606 1386 2668 urge·

336 2681 418 2734 rent.
463 2669 548 2734 Cum
569 2681 676 2733 autem
698 2681 775 2730 tunc
792 2665 1008 2752 Syracusanos
1023 2667 1225 2753 insequentes
1235 2669 1388 2734 animad-

335 2753 489 2832 vertisset,
520 2775 586 2818 non
617 2766 682 2816 tam
715 2750 992 2838 progrediebatur,
1022 2775 1118 2839 quam
1149 2753 1189 2817 ad
1225 2756 1384 2838 proelium

335 2839 436 2904 aciem
461 2837 647 2916 instruebat,
674 2837 778 2902 donec
800 2850 967 2902 cunctatus
992 2838 1033 2904 ab
1059 2838 1136 2924 ipsis
1164 2851 1212 2903 est
1241 2841 1385 2906 circum·
1478 2915 1479 2918 Ἴ

335 2937 459 3002 ventus,
475 2937 595 2990 etcum
619 2925 696 3009 ipse,
712 2935 780 2986 tum
797 2922 1017 3004 Athenienses,
1032 2923 1172 3010 quicum
1188 2925 1261 3009 ipso
1278 2942 1385 3008 erant,
1478 2965 1479 2968 κ

334 3007 368 3072 in
399 3031 515 3096 magna
541 3009 780 3094 perturbatione
805 3021 880 3072 sunt
903 3011 1079 3076 constituti.
1125 3009 1209 3074 Nam
1237 3016 1387 3079 conclusi

335 3093 420 3160 intra
434 3095 594 3183 quendam
610 3095 728 3169 locum,
744 3093 799 3179 qui
816 3116 909 3158 muro
924 3096 1139 3160 circumdatus
1153 3109 1232 3173 erat,
1250 3112 1284 3162 et
1301 3101 1387 3165 viam
1478 3143 1479 3150 κ

335 3177 410 3244 hinc
425 3194 459 3246 et
472 3179 558 3257 inde,
574 3193 606 3245 et
619 3201 685 3243 nou
702 3200 818 3262 paucas
833 3180 918 3245 oleas
932 3179 1081 3258 habebut,
1098 3180 1274 3247 missilibus
1289 3188 1388 3250 undi-

335 3285 398 3350 que
411 3267 610 3366 petebantur.
656 3264 850 3350 Hujusmodi
868 3278 974 3332 autem
996 3265 1176 3345 assultibus,
1192 3290 1260 3333 non
1277 3285 1386 3336 autem
1477 3287 1479 3342 l

334 3349 1388 3521 tittssztt’tttlttl,thitilttttt‘l”ttltlibnlte

334 3519 418 3620 plius
432 3534 497 3586 tam
513 3544 531 3586 e
545 3543 580 3586 re
594 3520 732 3596 illorum,
773 3543 844 3586 uam
862 3523 1115 3602 Atheniensium,
1131 3538 1211 3589 erat.
1256 3529 1386 3594 'Simul
1478 3525 1479 3560 ³

334 3618 430 3670 stram
452 3607 640 3692 δμναακαιιί
660 3545 807 3674 nonnihil
830 3607 889 3672 sibi
912 3610 1098 3694 parcebant,
1119 3622 1254 3696 propter
1279 3617 1387 3680 mani·
1477 3689 1478 3696 ἵ

334 3687 448 3754 festum
473 3691 519 3754 rei
547 3691 680 3791 feliciter
707 3705 805 3780 gestoe
834 3715 1024 3772 successum,
1052 3717 1145 3781 quem
1170 3699 1239 3782 jam
1270 3701 1385 3786 adepti

334 3788 492 3877 erantne
506 3798 603 3858 prius,
620 3799 709 3860 qaam
723 3779 822 3842 hostes
836 3779 1044 3858 debellassent,
1056 3779 1098 3845 ali
1122 3803 1163 3846 ua
1177 3786 1304 3850 ratione
1320 3789 1387 3870 ipsi

335 3861 375 3922 ab
397 3863 461 3925 rllrs
481 3861 740 3963 absumerentur3
766 3875 798 3927 et
820 3865 1054 3944 existimabant,
1076 3804 1123 3930 vll
1148 3869 1202 3944 sic,
1222 3867 1287 3935 hoc
1309 3874 1385 3958 ipso

330 3965 446 4030 μιμεῖ
458 3967 574 4034 genere
589 3946 671 4029 illos,
686 3968 705 4011 a
720 3969 753 4011 se
768 3949 973 4034 perdomitos,
986 3966 1115 4037 captum
1131 3953 1181 4016 iri.

720 1914 773 1958 um
789 1891 851 1957 loci
866 1893 1001 1978 spatium
1018 1895 1186 1972 contraxit,
1199 1893 1289 1980 quod
1305 1909 1382 1960 tuuc

366 4111 380 4150 1
390 4107 461 4162 Quod
471 4109 518 4170 ipsi
529 4113 687 4160 novissimum
698 4125 787 4174 agmen
799 4115 898 4162 ducenti
909 4115 1032 4164 instabant
1044 4119 1132 4164 hortea
1156 4116 1266 4166 Aenios.

354 4172 464 4248 ‚¹‚SlfflPl
474 4175 500 4220 lu
512 4181 563 4222 tarn
574 4177 681 4224 munda
697 4178 795 4225 fortune
810 4179 913 4238 quiaque
929 4181 984 4236 sibi,
996 4195 1026 4228 ue
1042 4183 1149 4241 eederet,
1159 4185 1284 4244 percebot,
1296 4191 1380 4247 ratur,

335 4235 494 4283 nrhrlonnnus
504 4238 549 4286 boc
560 4253 601 4286 eos
612 4241 690 4300 praelii
700 4255 787 4301 genere
797 4244 891 4290 domari
901 4257 980 4304 posse.
1012 4243 1085 4292 Idem.
