2994 4788
363 329 428 391 210
729 315 1032 388 THUCYDlDlS

272 511 332 560 nats.
365 491 509 558 vimineis
522 491 667 558 armarit
690 510 748 558 neo
761 493 845 556 enirn
863 491 897 557 in
911 491 984 558 looo
995 492 1121 557 deserto
1134 509 1222 554 arma
1235 487 1296 554 sibi
1311 507 1387 554 oom-

261 576 346 636 Νῦν·
366 601 478 666 parare
492 589 649 664 poterant.
694 578 879 655 Quinetiam
891 579 961 644 lraeo
974 580 1044 665 ipsa
1053 590 1203 662 neperant
1216 597 1255 641 ex
1266 565 1389 659 piratica

253 639 351 768 0ᾚρ
365 666 498 742 ansani,
527 678 560 730 et
579 665 722 730 actuario
742 665 870 750 navigio
900 664 1145 740 Μοιιειιίοιιιιιι,
1173 663 1227 748 qui
1250 659 1333 726 forte
1359 681 1390 725 eo

265 769 338 818 aas
365 751 564 838 appulerant.
611 751 652 814 Et
669 751 752 816 inter
772 752 850 821 istos
867 749 1045 816 Messenios
1057 749 1187 816 luerunt
1206 747 1249 813 ad
1263 745 1391 833 quadra·

269 834 299 882 ¹¹·
312 835 341 882 ⁰·
365 839 455 925 ginta
514 838 579 902 avis
599 852 769 902 armaturea
792 837 917 914 milites,
940 837 1055 923 quibus
1076 833 1311 902 Demosthenes
1337 853 1392 896 una

269 899 336 1011 ἵζ’
366 945 440 989 cum
465 924 534 990 niis
560 944 633 988 usus
651 935 708 988 est.
754 923 786 987 ls
800 925 898 1011 igitur
920 923 1035 988 multos
1056 935 1087 988 et
1108 920 1277 986 inermium
1299 933 1330 984 et
1347 941 1392 982 ar-

366 1022 534 1088 matorum,
550 1011 616 1096 qua
628 1009 767 1074 maxime
780 1010 996 1074 continentem
1011 1029 1120 1074 versus
1134 1027 1226 1071 muro
1240 1005 1392 1070 munitum

366 1095 591 1182 firmatumque
605 1096 759 1181 oppidum
780 1108 858 1172 erat,
873 1094 1029 1181 disposuit
1034 1115 1044 1171 ι
1068 1093 1266 1180 proeeipiena,
1283 1107 1320 1155 ut
1334 1093 1395 1156 nos·

365 1185 442 1247 tiam
456 1182 632 1266 peditatum
655 1179 889 1266 propulsarent,
901 1183 926 1244 ai
948 1179 1184 1268 aggrederetur.
1229 1177 1304 1262 lpse
1317 1199 1395 1252 sero,

366 1287 440 1333 aum
454 1289 495 1332 ex
507 1267 656 1332 omnibus
670 1267 834 1352 sexaginta
847 1269 951 1354 gravis
972 1280 1142 1332 armaturae
1157 1263 1284 1340 milites,
1301 1275 1334 1328 et
1346 1263 1396 1327 sli-

367 1367 446 1440 quot
460 1353 638 1440 sagittarios
650 1351 825 1440 delegisset,
841 1373 913 1417 oum
929 1351 995 1417 latis
1007 1366 1099 1417 extra
1115 1369 1245 1416 murum
1258 1349 1302 1414 ad
1317 1369 1397 1412 mare

367 1437 527 1524 profectus
545 1451 601 1515 est,
617 1459 681 1524 qus
702 1439 900 1522 potissimum
923 1438 994 1504 illos
1016 1459 1053 1502 ax
1076 1437 1209 1502 navibus
1230 1435 1263 1499 in
1288 1449 1398 1500 terram

367 1545 554 1590 ennensum
579 1523 682 1590 fenera
707 1531 898 1590 ‘conaturos
925 1524 1135 1588 existimabat.
1156 1541 1231 1586 nam
1258 1521 1345 1606 ipsos
1362 1521 1397 1584 nd

368 1613 440 1676 lona
454 1611 583 1697 quidem
605 1631 623 1675 s
683 1630 729 1688 ra,
744 1619 776 1674 et
793 1627 915 1688 mxosa,
930 1625 963 1675 et
983 1610 1024 1674 ad
1046 1631 1134 1674 mare
1154 1627 1327 1674 conversas
1349 1605 1399 1670 sed

369 1708 487 1773 tamen,
503 1696 578 1781 quia
593 1629 708 1762 affin
721 1709 813 1784 parte
830 1717 896 1761 suae
918 1696 1104 1762 munitionis
1124 1715 1235 1759 murus
1256 1693 1402 1757 infirmis·

369 1782 466 1846 simus
492 1795 570 1860 erat,
594 1783 680 1866 ipsos
709 1785 778 1848 ideo
804 1785 939 1867 putabat
966 1782 1114 1848 elleetnm
1142 1782 1193 1859 iri,
1223 1799 1401 1866 magnoque

369 1867 476 1932 studio
499 1869 631 1933 daturos
658 1887 799 1952 operam,
823 1879 858 1932 ut
879 1870 914 1934 r'n
936 1870 1016 1932 harre
1034 1877 1158 1951 perterre
1183 1867 1402 1930 esscendererrt.

371 1953 484 2040 Neque
505 1955 565 2038 ipsi
580 1953 781 2020 Athenienses
802 1957 972 2038 sperabant
991 1953 1059 2018 fore
1083 1971 1235 2039 unquam,
1255 1963 1293 2016 ut
1309 1953 1404 2016 classa

371 2041 615 2105 Laeedaemonr'r's
639 2039 802 2104 inferiores
827 2055 941 2118 essent,
971 2053 1003 2104 et
1026 2050 1194 2124 propterea
1222 2057 1293 2101 eam
1324 2036 1404 2100 muri

370 2137 493 2208 partam
512 2125 601 2190 nulla
623 2125 717 2191 firme
737 2125 915 2192 munitione
936 2127 1153 2200 muniverant3
1175 2133 1218 2202 et,
1234 2123 1259 2186 si
1278 2120 1329 2186 illi
1349 2143 1405 2206 per

371 2211 436 2274 vim
465 2211 499 2275 in
527 2225 645 2276 terram
676 2211 871 2276 exscendere
898 2225 1099 2288 nonerentnr,
1129 2209 1286 2295 oppidum
1318 2205 1406 2274 laoile

372 2296 444 2379 napi
466 2317 557 2381 posse
582 2297 754 2363 eredebant.
800 2295 839 2362 ln
864 2297 926 2364 lrao
951 2297 1048 2384 igitur
1073 2309 1171 2383 parte,
1197 2316 1272 2381 quae
1303 2293 1406 2378 ipsum

372 2403 460 2446 mare
481 2382 652 2466 spectabat,
675 2382 788 2447 milites
810 2382 984 2461 collocavit,
1000 2395 1094 2470 atque
1108 2381 1272 2465 disposuit,
1290 2391 1327 2444 ut
1340 2381 1409 2446 los-

371 2477 417 2534 tes
431 2481 563 2546 arceret,
577 2470 603 2532 si
618 2481 742 2552 posaet3
764 2489 881 2554 eosque
895 2469 946 2533 his
961 2469 1064 2534 serbis
1078 2482 1124 2535 eat
1138 2467 1337 2532 adhortatus.

419 2562 467 2619 lo.
492 2562 514 2596 ‘⁸
529 2553 626 2635 Vnst,
639 2555 694 2640 qui
710 2553 789 2622 mihi
810 2553 951 2642 ejusdem
965 2555 1099 2640 periculi
1120 2575 1207 2618 nune
1229 2553 1305 2617 ostis
1319 2551 1408 2629 aonii,

373 2661 468 2704 nemo
488 2652 642 2719 vestrum,
657 2651 808 2725 reputans
828 2659 937 2705 omnes
950 2641 1160 2720 difficultates,
1175 2661 1248 2726 quse
1269 2659 1330 2703 nos
1349 2638 1410 2702 oir-

268 2725 272 2736 '
373 2737 543 2802 oumstant,
573 2725 714 2809 prudens
739 2727 838 2790 videri
866 2727 950 2805 velit,
977 2727 1083 2812 potius
1096 2726 1208 2812 'qnam
1237 2724 1297 2788 has
1319 2723 1412 2788 nullo

373 2809 473 2874 modo
487 2811 699 2888 considerans,
715 2810 871 2898 bonaeqne
891 2814 957 2898 spei
971 2813 1084 2898 plenus
1102 2811 1298 2878 adversarios
1320 2811 1413 2874 inss-

373 2893 461 2972 dere,
484 2909 615 2996 propter
639 2895 710 2961 hoee
734 2897 901 2999 incolumia
921 2921 1079 2966 evasurus.
1112 2917 1191 3000 nam·
1209 2916 1414 2983 quaecunque

372 2981 1414 3158 itittnldntttntgttttnlttaltlnttn

373 3151 439 3217 lum
456 3152 618 3218 celerrime
638 3155 849 3222 subeundum.
894 3155 1086 3244 Quanquam
1110 3177 1170 3244 ego
1184 3155 1341 3242 pleraque
1357 3175 1415 3218 no·

373 3239 495 3304 bissum
507 3237 614 3340 iacere
626 3240 729 3320 video,
748 3241 774 3306 si
789 3243 997 3344 etimpetum
1013 3243 1150 3309 hostiurn
1171 3242 1343 3342 sustinere,
1359 3261 1417 3305 ne·

373 3327 976 3511 sternentunrntt
994 3326 1420 3499 antesistens

374 3495 518 3560 velimus.
542 3498 629 3584 quod
655 3500 740 3563 enirn
762 3497 853 3564 locus
876 3521 1003 3565 anaema
1028 3500 1069 3565 sit
1094 3499 1241 3577 difficilis,
1266 3500 1330 3564 lroc
1355 3519 1419 3584 pro

373 3581 465 3644 nobis
479 3581 581 3648 lacere
595 3582 697 3660 dnc03
719 3586 838 3670 quippe
871 3588 902 3650 ui
918 3587 1011 3651 nobis
1024 3587 1154 3673 quidem
1165 3585 1297 3650 illorum
1311 3586 1419 3670 inspe-

374 3675 440 3730 tum
464 3669 688 3735 sustinentibus
709 3671 828 3736 auxilio
848 3607 973 3738 dntnrus
995 3685 1061 3738 ests
1088 3673 1145 3738 sed
1166 3672 1194 3737 si
1216 3671 1421 3748 recedamus,

405 3905 419 3944 s
430 3899 564 3949 conaturos
572 3905 742 3954 existimatam
760 3908 785 3953 in
796 3879 847 3956 loca
854 3911 954 3970 quidem
962 3922 1047 3972 aspera
1054 3923 1086 3971 pe
1167 3923 1199 3958 ue
1209 3912 1241 3957 sd
1252 3921 1323 3958 mare
1331 3921 1421 3956 vern:

373 3965 415 4011 sed
426 3967 484 4025 quia
495 3979 580 4012 murus
598 3969 644 4015 hac
656 3977 724 4029 parte
740 3972 842 4018 minime
859 3975 943 4022 flrmua
959 3983 1021 4033 erat,
1031 3976 1133 4036 putabat
1160 3989 1211 4030 ore,
1222 3980 1252 4021 ut
1268 3975 1316 4022 hoe
1333 3987 1381 4022 ens
1391 3971 1424 4019 ad

372 4030 511 4075 audendum
523 4031 613 4090 aliquid
624 4034 737 4080 alliceret.
770 4035 856 4095 Neque
866 4045 913 4086 etc.
929 4039 1011 4099 Stspll.
1046 4039 1132 4088 rinna

406 4089 419 4128 h
429 4093 509 4145 Quam
520 4093 581 4140 eitra
591 4097 793 4144 consultationem
803 4099 884 4147 hostes
892 4104 1015 4159 invadere,
1026 4117 1095 4164 span
1105 4105 1196 4150 bonam
1203 4101 1347 4163 concipiens
1357 4101 1423 4153 sm,

373 4167 389 4200 u
411 4169 425 4201 e
437 4157 485 4202 iam
495 4157 623 4205 incolumis
633 4173 663 4206 ea
674 4161 704 4206 iis
713 4163 807 4208 eradat.
825 4163 903 4225 Srepla
933 4167 1017 4214 lnrrs.

1490 4099 1492 4138 l

491 4234 516 4266 m
536 4223 638 4270 minime
653 4225 709 4270 iniri
723 4225 785 4272 ratio
796 4233 883 4286 potest,
898 4233 940 4278 sed
957 4231 1132 4294 periclitatione
1147 4232 1275 4280 eelerrtm
1290 4243 1358 4293 opus
1377 4230 1423 4275 lu·

1489 4429 1491 4470 l
