3004 4768
375 349 440 407 446
753 339 1058 409 THUCYDlDlS

281 523 359 599 nest¹
375 523 455 590 seut,
471 523 504 577 et
517 510 672 577 universoe
689 511 872 596 reipublice
886 513 1102 600 turpissimum
1118 511 1274 578 motuis
1295 533 1415 600 eogno-

270 589 351 699 Ἢ·
376 609 518 663 mentum
532 599 764 682 imposuissent.
797 597 908 676 Qusre
923 599 1081 664 nemiuem
1096 600 1134 661 de
1148 599 1235 663 nobis
1249 619 1320 661 rem
1338 596 1415 661 mol—

260 664 359 826 lo
373 683 812 834 tenetentum
833 683 1329 834 susumus
1350 684 1415 832 uz

274 841 345 954 ξιξ*
376 857 383 872 ’
407 875 477 920 sum
499 790 575 920 disent
592 854 715 920 leouui
760 855 844 920 lllud
865 791 1176 940 eumplsroeclnmm
1198 855 1415 931 certamen,si

277 937 345 1020 aas
405 941 526 1006 emmim
547 961 597 1023 es,
612 963 686 1027 quse
708 939 811 1005 ferere
824 941 975 1005 debemus
993 953 1026 1005 et
1040 940 1196 1017 volumus,
1214 954 1251 1028 ut
1272 942 1415 1004 uidelicet

372 1037 405 1090 ot
426 1026 501 1091 istos
524 1028 705 1126 puniemus,
721 1038 754 1091 et
776 1027 931 1090 universoe
946 1025 1063 1091 Sicilire
1088 1025 1264 1090 limsiorem
1285 1024 1414 1090 liberte-

372 1123 436 1178 tem
461 1125 674 1189 resumamus,
700 1134 764 1197 qus
789 1112 877 1197 prius
901 1112 996 1176 etism
1022 1109 1196 1176 fruebatur.
1241 1111 1356 1196 Atque
1379 1132 1415 1174 ee

371 1197 513 1284 perinde
533 1210 608 1262 sunt
628 1198 796 1275 serissime,
815 1209 845 1263 et
865 1199 1000 1262 mosim
1020 1199 1202 1280 expetendo,
1219 1217 1305 1282 quse,
1323 1197 1351 1260 si
1369 1195 1414 1260 ol*-

372 1284 493 1360 fendss,
510 1283 679 1348 minimum
700 1283 873 1360 dsmnum3
895 1282 922 1347 si
944 1303 1011 1348 rem
1035 1281 1168 1348 feliciter
1189 1303 1297 1370 geres,
1316 1282 1415 1346 maxi·

371 1389 440 1434 mss
455 1368 605 1435 utilitates
619 1367 787 1434 offerunt.”

415 1463 469 1520 69.
492 1457 598 1542 Atque
622 1457 895 1556 Syracusanorum
938 1455 1045 1520 uidem
1068 1454 1166 1520 duoes
1186 1465 1218 1519 et
1239 1453 1414 1540 Gylippus,

370 1538 422 1604 his
435 1540 538 1605 verbis
551 1553 585 1604 et
599 1541 657 1625 ipss
672 1563 746 1606 suos
760 1541 875 1606 milites
954 1541 1059 1618 ortsti,
1074 1541 1212 1606 vicissim
1228 1561 1304 1605 suos
1318 1561 1414 1604 noves

370 1625 477 1690 stetim
492 1627 642 1692 militibus
655 1627 788 1710 implere
800 1643 976 1712 coeperunt,
992 1629 1050 1712 pos
1086 1648 1159 1690 usus
1177 1625 1415 1690 animadverte·

370 1722 457 1788 runt,
473 1724 505 1775 et
518 1713 600 1794 ίρεοε
614 1711 824 1778 Athenienses
838 1713 1043 1797 idmsacere.
1098 1712 1174 1776 iciss
1188 1732 1267 1776 vero
1281 1724 1416 1796 propter

371 1807 560 1882 pmsentem
570 1809 798 1866 rerumststum
808 1797 917 1862 animo
927 1795 1414 1882 perculsusetsnimodverteus,

371 1893 527 1968 quantum
540 1883 730 1984 perieulum,
742 1897 774 1948 et
789 1903 884 1969 quem
900 1883 1036 1947 vicinum
1047 1883 1114 1968 jorn
1130 1897 1220 1960 esset,
1236 1881 1328 1968 quod
1343 1894 1415 1946 ten·

371 1979 440 2032 tum
454 1988 519 2032 non
534 1989 602 2055 Jom
617 1969 736 2034 omium
749 1971 832 2033 hosti
844 1979 948 2033 esseut
963 1969 1152 2054 processuri,
1167 1981 1200 2032 et
1213 1967 1414 2046 existimans,

370 2053 458 2139 quod
471 2055 642 2119 hominibus
656 2056 688 2120 in
706 2055 851 2120 maximis
865 2053 986 2138 proeliis
1001 2053 1143 2118 recidere
1157 2051 1250 2130 solet,
1263 2055 1332 2118 nris
1344 2073 1416 2118 om·

370 2139 465 2204 nibus
487 2140 520 2203 in
542 2140 636 2204 rebus
658 2139 779 2226 eliquid
800 2139 906 2206 adhue
926 2139 1043 2218 deesse,
1059 2138 1145 2226 quod
1166 2160 1186 2203 s
1207 2161 1241 2202 se
1264 2137 1414 2202 nondum

369 2239 585 2309 properatum
608 2238 697 2301 esset,
715 2225 850 2291 neudum
870 2225 1015 2289 oratione
1028 2227 1103 2290 setis
1123 2223 1229 2309 amplo
1243 2245 1320 2288 cum
1336 2223 1416 2309 ipsis

369 2310 516 2375 misimus
536 2332 556 2373 s
579 2333 611 2374 se
633 2323 738 2375 sctum
765 2333 843 2392 esse,
863 2331 971 2375 rursus
996 2331 1095 2375 nuum
1121 2329 1256 2396 nemque
1281 2309 1417 2374 trierar-

368 2393 503 2459 chorum
519 2397 662 2477 roosbst,
677 2396 818 2483 singulos
832 2408 864 2461 et
878 2410 1004 2480 pomum
1019 2409 1052 2460 et
1065 2395 1107 2461 tri
1153 2415 1206 2460 om
1221 2408 1256 2459 et
1268 2396 1416 2480 propriis

367 2480 552 2544 nominibus
576 2481 749 2566 appellans
795 2481 839 2548 Et
859 2481 972 2548 orsbst
997 2501 1268 2566 unumquemque,
1288 2481 1326 2544 iu
1349 2490 1429 2567 quo‘

368 2565 487 2651 aliquid
504 2567 682 2650 splendoris
704 2568 815 2644 inerat,
830 2576 894 2631 one
908 2569 1044 2652 seipsum
1061 2565 1227 2651 proderet3
1252 2586 1338 2629 nere
1352 2569 1414 2645 tui,

392 2672 506 2715 uorum
522 2654 655 2738 majores
669 2651 806 2718 illustres
820 2665 934 2731 essent,
949 2665 1096 2738 petemm
1110 2652 1242 2716 virtutes
1256 2651 1416 2717 delerent

367 2673 509 2800 laedent
531 2736 625 2802 etism
648 2737 839 2804 edmonebst
859 2738 983 2822 patrius,
998 2759 1072 2823 quse
1093 2736 1256 2801 liberrime
1270 2751 1369 2817 esset,
1384 2751 1415 2802 et

368 2821 460 2969 illu
462 2823 715 2972 iiiiii&
717 2823 1008 2974 littttttl‘t
1016 2823 1169 2973 ‘’ii-'11⁵¹’
1170 2824 1416 2972 ’,ζῖἓίἓὶ
1490 2843 1491 2846 ‘

368 2992 572 3071 memorsbst,
595 3015 795 3094 quaecunque
815 2993 971 3071 homines,
992 2993 1025 3057 in
1047 2930 1230 3082 hujusdiodi
1254 2995 1415 3078 temporis
1489 2987 1490 2996 ἶ

365 3077 500 3142 srticulo
509 3077 578 3164 jum
592 3080 764 3156 constituti,
780 3101 991 3145 reservaretis
1005 3079 1109 3144 disere
1125 3077 1239 3154 solent,
1256 3091 1363 3157 ¹'nom
1378 3094 1415 3144 ut

365 3161 460 3226 elicui
482 3185 530 3228 res
551 3164 670 3249 priscos
683 3164 808 3230 effutire
822 3165 999 3240 videantur,
1015 3176 1047 3229 et
1067 3185 1137 3248 que
1213 3185 1253 3227 ue
1268 3167 1345 3229 alio
1367 3167 1416 3229 Ais

365 3247 477 3312 similis
496 3248 538 3312 de
562 3250 724 3328 universis,
739 3261 774 3315 ut
794 3251 885 3315 etde
906 3250 1060 3314 uxoribus
1080 3263 1112 3314 et
1132 3249 1174 3313 de
1209 3249 1310 3314 iberis
1326 3265 1360 3314 et
1375 3251 1415 3314 de
1489 3305 1491 3322 .

363 3329 439 3396 Diis
464 3334 574 3416 patriis
600 3334 733 3420 proferri
757 3349 998 3412 consueverunt,
1019 3334 1074 3400 sed
1096 3357 1169 3420 quoe
1193 3336 1227 3397 in
1254 3336 1415 3420 presseruti

387 3438 482 3482 svore
496 3417 586 3484 utilio
600 3423 685 3484 dictu
698 3433 857 3504 putentes,
874 3421 938 3485 olto
951 3441 1029 3486 vose
1043 3419 1265 3506 pronuntient.
1303 3423 1415 3509 Atque

362 3437 1414 3674 inme

363 3671 564 3738 cohortatum
575 3686 672 3753 retus,
685 3613 876 3742 assiduorum
888 3677 1059 3765 digressus,
1072 3640 1247 3762 peditatum
1263 3677 1309 3742 sd
1323 3699 1413 3743 mere

362 3757 468 3836 duxit,
482 3773 514 3822 et
539 3761 690 3826 instruxit
712 3763 811 3827 eciem
834 3783 930 3848 quarn
954 3762 1104 3826 letissime
1124 3763 1241 3846 potuit,
1258 3775 1298 3827 ut
1318 3764 1413 3828 soriis

362 3842 524 3907 usualibus
539 3843 577 3908 ad
593 3845 742 3911 fiduciam
762 3849 868 3912 animo
889 3847 1131 3933 concipiendum
1146 3869 1245 3932 quum
1262 3851 1413 3914 maximo
1489 3865 1491 3872 ·

362 3939 442 3990 esset
462 3927 655 4014 adjumento.
699 3932 930 4000 Demosthenes
953 3953 1028 3997 vero
1042 3945 1075 3997 et
1090 3931 1276 3997 Menander
1292 3949 1328 3999 et
1344 3935 1414 3999 Eu-

362 4011 530 4098 thydemus
541 4013 588 4098 (hi
603 4016 687 4080 euim
702 4018 799 4082 duces
813 4019 846 4082 in
863 4019 1102 4084 Atheniensium
1119 4040 1216 4084 neves
1231 4019 1414 4086 adscende-

394 4165 406 4194 ⁰
422 4164 459 4210 Ne
470 4163 610 4224 dignitatem
620 4181 686 4215 suom
696 4171 782 4228 produt
793 4175 840 4217 etc.
876 4171 951 4218 Valla.

361 4227 493 4350 losuilffil
504 4242 597 4354 ‘Eme
607 4246 656 4292 Μ
666 4232 712 4280 Μ
722 4233 803 4292 W»
816 4243 942 4296 propterea
952 4236 1109 4298 refugientes,
1117 4249 1149 4284 ue
1157 4236 1294 4285 videantur
1301 4237 1414 4286 omues·
