2994 4788
372 307 438 369 2⁶4
740 293 1046 362 THUCYDIDIS

278 489 339 538 reu
418 477 470 540 ut.
494 467 643 555 “Neque
657 488 733 532 vero
753 479 872 553 praeter
888 467 1124 556 jusjurandum,
1141 468 1293 554 mojorem
1316 465 1412 534 iidem

268 554 351 614 Ρᾰῠι
374 559 517 642 accipere
531 553 666 640 possitis,
678 575 775 640 quern
791 555 860 640 ipso
873 554 965 634 foetu,
1022 575 1052 620 te
1067 556 1092 618 si
1107 575 1147 618 ex
1161 554 1263 618 verbis
1278 575 1415 639 perpen-

260 617 358 744 ὅζωῗ,
373 646 499 720 deutur,
515 640 722 707 neoesssrisrn
742 641 925 726 opinionem
948 577 1032 706 nib
1053 639 1209 724 praebent,
1225 663 1245 704 e
1258 661 1295 705 re
1310 653 1414 706 vestre
1488 685 1489 702 t

268 749 311 796 eo.
324 747 347 794 1.
373 733 469 797 niem
494 750 571 805 esse,
592 741 630 792 ut
650 727 727 790 dixi.
772 726 916 802 Quodsi
940 749 991 790 me
1013 727 1097 791 vobis
1119 727 1179 791 ists
1203 741 1411 812 proponente,

274 811 345 860 ⁰¹⁰·
374 816 485 884 dietis
509 837 565 879 ros
587 835 653 877 non
675 835 769 897 posse
789 813 918 899 quidem
939 815 1124 878 deditionem
1133 813 1264 898 streete:
1288 815 1343 877 sed
1367 825 1413 878 ts·

271 877 346 990 {ff
374 925 462 984 men,
475 901 562 988 quod
576 901 668 965 nobis
688 899 832 965 benevoli
853 900 929 977 sitis,
946 899 1130 964 existimetis
1144 921 1199 964 nos
1213 899 1412 985 rejiciendos,

375 993 418 1058 ite
434 1003 471 1053 ut
484 987 574 1052 nolio
596 986 753 1052 maleficio
774 1008 794 1050 e
812 986 904 1049 nobis
926 984 1117 1062 afficiamini,
1134 997 1167 1049 et
1187 987 1301 1050 dicatis
1319 985 1413 1050 iiber·

375 1089 483 1152 tatem,
505 1095 595 1160 quam
616 1073 700 1138 nohis
724 1070 831 1160 offero,
849 1072 937 1137 vobis
957 1071 1058 1136 videri
1078 1093 1151 1136 cum
1173 1072 1320 1156 periculo
1339 1093 1412 1136 oon·

368 1165 513 1250 junctum
535 1181 611 1237 esse,
627 1172 661 1224 et
679 1181 806 1245 aequum
828 1180 905 1236 esse,
920 1179 991 1224 eum
1013 1158 1074 1222 iliis
1096 1157 1220 1236 offerre,
1240 1159 1297 1240 qui
1318 1160 1413 1224 etism

373 1271 444 1315 esur
460 1247 602 1332 occipere
699 1257 765 1321 unt,
781 1244 905 1310 nullum
920 1267 995 1310 vero
1016 1245 1149 1309 inritum
1168 1265 1303 1332 eogere:
1328 1245 1413 1310 Deos
1489 1307 1490 1312 ,

373 1349 407 1402 et
430 1333 558 1399 Heroas
579 1267 745 1480 ἰιιιξδιιιι
764 1329 914 1408 testabor,
934 1352 985 1396 me
1003 1331 1090 1395 bono
1109 1344 1214 1396 vestro
1233 1333 1412 1396 venientem

374 1420 457 1486 nibil
472 1418 575 1484 verbis
589 1439 649 1502 pro
675 1439 763 1493 cere3
787 1439 963 1505 agrumque
976 1431 1114 1481 vestrum
1129 1417 1347 1502 pervnstsodo
1360 1439 1412 1482 ror

373 1527 488 1588 eogere
501 1503 654 1570 eousbor.
675 1523 736 1568 uec
750 1503 884 1588 amplius
898 1502 1087 1568 existimabo
1101 1523 1153 1566 me
1164 1503 1281 1588 injuste
1294 1502 1413 1581 fucere;

374 1593 430 1658 sed
444 1591 494 1656 rel
508 1589 632 1655 duobus
647 1588 688 1654 de
701 1589 804 1654 esuris
823 1589 1007 1656 necessariis
1025 1590 1206 1676 nequitatem
1231 1613 1251 1654 e
1265 1605 1412 1655 mertare

373 1678 512 1744 oeusebor
534 1677 651 1762 purtim
671 1675 811 1776 quidem,
829 1691 968 1828 qropter
993 1675 1265 1753 Leoedaemonios,
1291 1698 1334 1741 ne
1356 1676 1412 1742 bue

374 1777 481 1830 resne
500 1765 728 1842 benevolentis,
747 1762 808 1826 nisi
852 1762 1023 1828 editionem
1045 1760 1190 1838 feceritis,
1209 1785 1233 1825 a
1254 1763 1342 1828 nobis
1359 1763 1411 1826 lae-

373 1851 503 1928 duntur,
532 1848 684 1936 pecuniis,
715 1869 794 1934 quos
824 1847 1073 1915 Atheniensibus
1104 1848 1261 1933 penditis3
1296 1850 1411 1934 purtim

375 1959 462 2016 vero,
489 1957 531 2000 ne
554 1935 665 2001 Grseci
689 1957 708 1999 o
732 1934 821 1999 vobis
845 1935 1068 2020 impedientur,
1093 1957 1135 2000 ne
1158 1937 1312 2000 servitute
1337 1935 1411 1999 libe-

375 2036 496 2089 rentur.
519 2042 579 2087 nec
593 2023 678 2086 eninr
692 2020 842 2086 decenter
855 2020 927 2086 brec
941 2019 1131 2086 feneremus:
1154 2041 1191 2086 so
1206 2043 1249 2086 ue
1261 2021 1412 2086 debemus

373 2110 505 2197 quidem
520 2130 575 2174 noe
589 2107 827 2172 Lseedoemonii
844 2107 971 2174 Grecos
991 2107 1107 2172 invitos
1122 2107 1154 2172 in
1171 2106 1351 2172 libertatem
1366 2131 1412 2172 ss-

375 2217 489 2276 terere,
504 2194 565 2258 nisi
587 2194 720 2279 alicujus
741 2193 818 2257 boni
838 2193 960 2280 publici
980 2215 1084 2258 osuso.
1129 2193 1245 2280 Neque
1265 2215 1343 2258 vero
1355 2195 1412 2258 do·

374 2282 530 2346 minutum
546 2277 745 2344 affectemus:
768 2281 822 2344 sed
839 2281 945 2366 potius
962 2301 1035 2344 oum
1055 2280 1143 2355 ulios,
1159 2283 1214 2364 qui
1227 2282 1412 2344 domimum

375 2389 397 2432 o
423 2377 534 2442 suunt,
555 2369 700 2432 coercere
723 2365 917 2444 studeamus,
936 2366 1094 2452 plerisque
1118 2365 1241 2432 Graecis
1264 2366 1412 2453 injurium

388 2473 558 2529 oneremus,
579 2453 605 2516 si
627 2473 696 2530 nos,
714 2454 770 2538 qui
789 2451 967 2518 libertatern
990 2453 1144 2517 universis
1163 2451 1338 2533 offerimus,
1360 2475 1414 2517 ros

375 2540 444 2604 inuio
471 2540 649 2604 resistentes
673 2539 888 2604 tolereremus.
932 2537 1151 2615 Quamobrem
1178 2551 1264 2604 reete
1289 2538 1414 2603 oonsul-

374 2626 459 2710 tetis,
472 2646 667 2774 operamque
681 2625 764 2689 serio
778 2624 871 2702 detis,
887 2638 923 2691 ut
935 2627 1054 2690 oeteis
1070 2625 1194 2690 Groeois
1209 2625 1306 2711 prinei
1322 2625 1414 2690 iiber·

376 2712 450 2776 tetis
461 2733 609 2796 ospessen
632 2733 661 2775 ω
675 2723 800 2776 sutores
812 2711 971 2787 existetis3
994 2725 1026 2776 et
1039 2712 1263 2797 sempiternom
1279 2712 1413 2800 glor-ism

376 2797 461 2862 nobis
482 2797 617 2882 peretis3
644 2809 676 2860 et
700 2819 773 2861 curn
801 2798 863 2883 ipsi
887 2812 1062 2863 vesusrum
1086 2798 1282 2883 privaturum
1309 2819 1415 2862 rerum

376 2881 497 2946 nulium
507 2884 663 2968 jacturam
685 2881 817 2959 fecistis,
834 2897 901 2949 turn
923 2885 1017 2948 etism
1037 2885 1194 2950 universae
1207 2883 1330 2950 civitati
1344 2884 1417 2968 pul-

376 2967 570 3034 uberrimum
586 2969 740 3035 libertatis
754 2991 871 3034 nomen
887 2970 1089 3055 imponatis.'’

421 3065 475 3121 88.
500 3059 604 3140 Atque
621 3055 770 3120 Bresidss
789 3055 917 3142 quidem
940 3056 1011 3122 hoeo
1026 3056 1122 3121 verba
1136 3056 1216 3121 fecit.
1262 3055 1417 3122 Acsntbii

376 3163 464 3218 vero,
479 3141 587 3206 multis
603 3141 690 3226 prius
704 3143 738 3205 in
756 3156 1060 3230 utramquepartem
1075 3142 1179 3222 dictis,
1193 3163 1268 3206 curn
1285 3157 1418 3228 propter

377 3227 520 3294 Bresidoe
549 3231 645 3292 verbe
672 3229 711 3292 ed
740 3229 992 3312 persuadendum
1028 3229 1183 3313 opposito,
1213 3242 1284 3293 tum
1319 3231 1418 3294 etism

400 3327 510 3400 ropter
535 3313 696 3379 fruetuum
722 3314 966 3380 amittendorum
994 3333 1125 3392 metum,
1149 3337 1164 3379 s
1270 3316 1309 3380 'is
1335 3316 1419 3380 ciem

376 3335 458 3478 iistis,
485 3401 628 3488 plerique
655 3399 863 3466 defectionem
894 3402 937 3466 sb
964 3401 1211 3466 Atheniensibus
1250 3402 1418 3468 sciendum

376 3501 579 3552 censuerunt
625 3485 754 3550 Etcum
770 3487 872 3572 ipsum
893 3488 934 3553 sd
955 3487 1032 3552 iilud
1052 3487 1276 3574 jusjurandum
1292 3487 1420 3576 adegis-

378 3587 458 3648 sent,
474 3573 580 3659 'quod
596 3573 712 3637 strmmi
728 3573 1045 3638 Lseedaemoniorum
1063 3573 1275 3662 Magistretus
1289 3574 1422 3660 jurare·

380 3673 464 3738 rnnt,
489 3681 587 3743 quum
616 3660 720 3742 ipsum
751 3661 938 3737 emiserunt3
969 3661 1132 3740 nimirum,
1159 3658 1236 3736 iore,
1265 3675 1301 3725 ut
1327 3662 1421 3738 socii,

379 3765 460 3828 quos
482 3743 679 3830 adjungeret,
702 3747 766 3808 suis
789 3747 818 3810 le
841 3747 911 3810 ibus
935 3761 1111 3824 uterentur,
1135 3746 1180 3809 ita
1202 3746 1334 3811 demum
1355 3748 1424 3831 ejus

375 3830 552 3894 exercitum
576 3844 772 3914 receperunt.
851 3853 887 3897 es
912 3832 1014 3897 multo
1037 3845 1111 3918 post
1134 3833 1283 3920 Stagirus
1307 3835 1423 3912 etism,

376 3914 574 3980 Andriorum
589 3915 724 3994 colonio,
740 3916 863 3982 defecit.

409 4089 503 4143 ¹²Quod
518 4086 616 4151 juretus
632 4091 672 4136 hie
688 4104 703 4136 ι
720 4089 961 4137 buocdoemoniorum
978 4093 1160 4152 magistratibus
1176 4091 1292 4139 dimissus
1311 4101 1351 4138 est
1371 4103 1427 4142 etc.

381 4153 454 4200 Valla.
489 4155 536 4200 Sed
547 4152 658 4214 inicam
670 4167 718 4200 non
733 4156 764 4200 ud
781 4153 847 4202 abeis
858 4154 941 4200 referri
959 4156 1039 4211 debet,
1051 4157 1094 4202 sed
1109 4157 1140 4203 sd
1153 4155 1215 4206 rite·
1232 4153 1292 4224 deq
1303 4157 1429 4218 ζώσης

376 4215 426 4270 nn
436 4214 519 4282 ἴμιη,
529 4217 596 4265 uiris
606 4217 744 4278 ῑξίσιμψιι,
754 4227 782 4265 ut
793 4225 887 4266 constet
898 4231 928 4265 ex
938 4220 977 4273 iis,
987 4233 1043 4280 quse
1053 4233 1126 4282 supro
1136 4222 1199 4268 uixit
1210 4223 1335 4282 enudas,
1348 4223 1428 4290 ὅμως

376 4299 402 4332 τι
412 4282 550 4332 nemesis
559 4283 592 4331 τὸ
601 4279 772 4343 nudamini
782 4282 839 4336 stre
850 4284 895 4336 nir
904 4281 1027 4345 eusterm-
1044 4285 1086 4336 AE.
1098 4285 1167 4333 Pori.
1194 4286 1280 4336 Hune.
