2994 4788
393 291 640 361 HISTORIAE
664 293 754 362 LIB.
778 293 843 362 ΠΙ.
1079 299 1140 376 trs

99 464 139 530 tis
148 468 219 552 jam
236 467 395 554 progressi
408 487 529 546 sumus,
544 466 663 554 qnippe
677 468 733 554 qui
747 481 780 534 et
801 479 876 534 ante
889 469 1100 554 periissemus,
1115 471 1142 535 si
1173 487 1235 536 ner.

101 550 194 616 Medi
219 553 375 632 vicissent,
398 567 430 618 et
451 573 538 618 nunc
559 554 645 638 apud
668 575 734 632 vos,
755 555 810 641 qui
833 555 926 620 nobis
947 555 1025 619 olim
1047 558 1142 622 eratis
1162 551 1245 662 “¹⁰2

97 637 293 718 amicissimi,
309 661 329 704 a
344 638 507 704 ruebam
529 661 726 725 superamur,
743 653 774 705 et
788 640 854 705 duo
875 640 1061 727 gravissima
1075 663 1142 708 cer·
1157 629 1255 742 οᾝῇμ

99 725 223 788 tamina
237 725 408 790 subiimuss
430 747 531 789 unum
543 725 684 811 quidem,
697 737 785 804 tunc,
804 725 935 792 nesame
944 749 1141 808 necaremur,
1165 745 1206 794 ss.
1218 745 1242 792 a.

99 809 162 875 nisi
178 812 291 875 urbem
303 810 547 888 dedidissemus,
570 811 705 876 alterum
721 833 806 888 sero,
822 834 919 890 nunc,
931 813 1142 900 quodcspitis
1167 809 1200 918 3·
1211 809 1239 856 ⁰·

98 917 229 961 causam
244 897 396 975 dicamus,
412 907 443 962 et
465 899 623 962 innatatis
644 899 808 962 discrimen
827 920 974 963 nocermcr.
1020 899 1063 965 Et
1084 923 1143 966 nos
1174 887 1242 986 ἐξ·

98 983 144 1046 iili
174 983 375 1065 Piataeenses‚
398 985 451 1070 qui
475 1005 571 1068 supra
595 982 676 1047 vires
697 984 818 1068 optime
836 987 942 1049 meriti
966 1008 1075 1050 sarnus
1102 988 1143 1052 de

100 1069 228 1139 Graecis
256 1069 422 1149 universis,
446 1069 572 1146 deserti,
596 1071 749 1154 omnique
777 1070 896 1135 auxilio
922 1071 1076 1150 destituti,
1101 1077 1143 1138 ab

98 1155 251 1220 omnibns
266 1155 437 1242 rejicimur.
459 1175 519 1220 nec
533 1177 644 1220 eorum
656 1156 835 1241 quisquam,
850 1157 904 1241 qui
920 1167 997 1221 tune
1011 1157 1142 1242 ejusdem

92 1245 233 1323 periculi
254 1243 332 1306 socii
355 1241 492 1318 suerunt,
516 1263 596 1305 nunc
618 1243 706 1306 nobis
726 1263 820 1326 opem
844 1242 922 1306 ferte
953 1243 1141 1328 quinetiam,

98 1327 351 1404 Lacedaemonii,
374 1349 530 1404 veremur,
553 1349 594 1391 ne
607 1349 676 1408 vos,
691 1327 785 1392 unica
806 1349 877 1413 spes
891 1341 1010 1406 nostra,
1025 1327 1140 1414 parum

97 1425 280 1479 constantes
294 1414 372 1478 sitis.

142 1507 197 1564 58.
221 1505 243 1540 “
260 1499 324 1564 Sed
339 1521 396 1564 vos
410 1519 547 1576 orarnus,
570 1511 602 1562 et
616 1519 675 1584 per
689 1499 789 1578 Deos,
804 1501 858 1587 qui
874 1513 992 1566 nostre
1007 1501 1140 1567 societa-

97 1585 148 1663 tis,
165 1585 359 1672 foederisque
369 1583 523 1669 proesides
538 1597 680 1650 antestes
694 1586 856 1672 quondam
869 1585 1011 1663 fuerunt;
1036 1600 1068 1653 et
1081 1610 1140 1673 per

96 1675 260 1750 virtutem,
283 1691 379 1758 quam
402 1693 480 1759 erga
502 1670 637 1736 Grecos
659 1671 954 1753 demonstravimus,
976 1687 1012 1737 ut
1032 1674 1140 1740 flecta·

98 1759 189 1835 mini,
205 1769 239 1822 et
251 1757 440 1822 sententiam
457 1758 595 1832 mutetis,
611 1759 637 1820 si
652 1756 728 1843 quid
742 1758 825 1823 forte
839 1758 927 1823 vobis
942 1782 962 1823 a
977 1759 1141 1824 Thebanis
1204 1786 1218 1806 ¹

95 1863 285 1930 persuasum
300 1843 412 1908 fuerit:
435 1857 534 1929 utque
555 1841 638 1910 hanc
652 1844 790 1930 gestiam
805 1843 941 1908 vicissim
956 1845 997 1909 ab
1012 1845 1075 1908 illis
1090 1869 1140 1910 re·

94 1932 249 2016 poscatis,
265 1951 307 1993 ne
319 1930 378 2014 ipsi
393 1928 464 1994 illos
478 1928 638 2005 occidant,
654 1950 733 2014 quos
748 1951 767 1992 s
782 1930 870 1993 robis
885 1930 989 1994 occidi
1004 1952 1067 1993 non
1084 1932 1140 1996 de-

96 2031 168 2092 cet,
192 2030 225 2080 et
239 2015 406 2080 honestum
429 2015 620 2080 beneficium
658 2035 696 2078 ro
717 2017 802 2100 turpi
818 2017 858 2079 nb
873 2018 938 2080 iltis
960 2019 1138 2100 reportetis,

96 2121 189 2179 neae,
207 2103 243 2166 ut
256 2101 325 2166 aliis
346 2101 579 2190 gratificemini,
594 2035 757 2165 infirmium
774 2101 834 2186 ipsi
853 2123 914 2186 pro
927 2101 1083 2166 beneficio
1104 2103 1138 2168 in

95 2211 150 2254 cos
165 2187 284 2253 colluto
299 2188 448 2253 subestis.
495 2187 579 2251 Nam
593 2207 728 2272 corpora
743 2199 855 2251 nostra
870 2199 973 2252 morte
986 2187 1140 2253 mulctare

95 2275 189 2339 robis
202 2285 252 2339 eat
272 2275 471 2359 inpromtu:
498 2273 552 2338 sed
567 2271 662 2358 hujus
675 2272 826 2338 facinoris
847 2272 1010 2338 infamiam
1032 2274 1140 2339 delere
1173 2281 1175 2288 '

94 2375 143 2426 cst
156 2359 391 2425 difficillimum.
413 2381 479 2423 non
494 2359 579 2422 enim
594 2357 701 2424 hostes
711 2361 800 2444 justo
814 2358 955 2424 afficietis
969 2360 1138 2445 supplicio,

96 2447 154 2512 sed
170 2447 301 2523 amicos,
317 2448 371 2532 qui
390 2448 573 2510 necessitate
587 2445 744 2530 compulsi
759 2444 877 2509 beilum
894 2445 983 2510 vobis
997 2447 1139 2512 fecimus.

95 2533 213 2620 Itaque
232 2534 258 2596 si
282 2532 393 2596 mortis
415 2543 501 2595 metu
517 2551 576 2595 nos
596 2529 746 2609 liberetis,
769 2530 955 2596 sententiam
980 2531 1036 2596 reli
1063 2533 1139 2613 nse,

94 2630 260 2704 sundeqrn
279 2617 425 2694 tuleritis,
441 2616 521 2681 illud
536 2617 568 2680 in
592 2616 704 2701 primis
722 2617 910 2703 cogitantes,
925 2635 984 2680 nos
999 2639 1039 2682 vo
1051 2633 1139 2683 entes

95 2708 128 2769 in
144 2717 284 2770 vestram
300 2704 421 2769 venisse
442 2713 643 2788 potestatem,
659 2714 692 2767 et
713 2724 802 2767 more
824 2725 860 2767 su
884 2701 1001 2787 plicum
1025 2725 1139 2769 manus

94 2791 274 2866 rendentes,
290 2788 485 2876 (hujusmodi
499 2799 605 2853 autem
616 2787 762 2852 homines
775 2789 843 2874 ipse
887 2809 1042 2854 roecorum
1058 2790 1137 2854 ritus

94 2877 203 2942 occidi
218 2889 314 2956 vetat,
328 2865 556 2961 praeteretfnos
577 2874 789 2959 perpetuotda
804 2873 893 2938 vobis
914 2876 1136 2940 benemeritos

94 2985 173 3028 esse.
219 2962 361 3047 Aspicite
384 2961 468 3024 enim
491 2959 636 3046 sepulcra
657 2972 785 3046 patrum
804 2973 997 3038 vestrorum,
1016 2983 1096 3048 quos
1117 2985 1138 3026 s

93 3049 206 3114 Medis
221 3069 329 3126 coescs,
344 3060 377 3112 et
393 3048 427 3110 in
443 3069 521 3134 agro
535 3058 647 3110 nostro
665 3047 805 3132 sepultos
819 3049 989 3132 quotannis
1010 3046 1138 3132 publice

93 3134 385 3200 cohonestabamus
399 3144 431 3197 et
453 3132 648 3196 indumentis
668 3131 793 3196 etuliis
814 3131 949 3206 inferiis3
981 3133 1137 3216 primitias

94 3221 192 3286 etiam
209 3219 381 3298 fruetuum,
398 3239 479 3306 quos
492 3231 601 3283 noster
616 3241 674 3283 suo
694 3229 838 3302 tempure
853 3219 927 3280 tulit
940 3239 1027 3304 ager,
1042 3218 1137 3281 amici

94 3308 258 3372 amiciter
274 3306 378 3370 amico
391 3325 480 3392 agro,
497 3316 529 3369 et
550 3304 627 3368 sccii
640 3303 713 3381 iliis,
729 3302 784 3389 qui
798 3302 961 3388 quondam
980 3303 1137 3366 commili-

94 3407 188 3458 tones
206 3391 343 3468 fuerant,
364 3389 539 3455 offerentes.
583 3389 712 3466 Quibus
732 3410 788 3453 vos
810 3388 970 3453 contraria
990 3387 1136 3466 feceritis,

93 3501 155 3544 nos
179 3479 293 3564 iniquo
316 3477 439 3566 judicio
464 3475 663 3540 damnantes.
710 3475 792 3540 Rem
818 3475 902 3538 enim
930 3473 1137 3540 considerate.

95 3565 279 3631 Pausanias¹
288 3563 417 3651 quidem
439 3583 494 3628 ecs
515 3560 670 3638 humavit,
694 3561 893 3639 existimans,
915 3560 985 3626 illos
1007 3583 1026 3624 a
1048 3583 1082 3624 se
1102 3561 1137 3626 in

93 3671 177 3752 agro
191 3650 306 3728 amico,
322 3662 355 3714 et
369 3649 454 3733 apud
470 3649 587 3713 amieos
602 3647 737 3712 humari.
782 3645 849 3711 Vos
863 3667 949 3724 vero,
965 3647 992 3710 si
1007 3667 1065 3710 nos
1082 3669 1139 3712 oc·

93 3737 247 3814 crderitis,
263 3750 296 3801 et
317 3755 430 3824 agrurn
453 3734 663 3800 Plataeensem
678 3731 869 3798 Thebanum
884 3732 1037 3808 feceritis3
1059 3733 1137 3834 quid

92 3824 197 3902 aliod,
212 3844 307 3911 qaam
320 3836 437 3907 patres,
452 3833 668 3907 cognatosque
679 3831 811 3896 vestros,
823 3818 1011 3900 honoribus,
1022 3819 1137 3905 quibus

92 3931 184 3976 nunc
206 3909 399 3985 afficiuntur,
421 3906 581 3994 spoliatos,
597 3906 630 3969 in
651 3904 757 3970 hostili
781 3904 862 3986 scio,
883 3919 915 3970 et
940 3903 1026 3990 apud
1049 3905 1137 3990 ipsos

92 4017 208 4062 eorum
222 3993 441 4060 interfectores
461 3991 667 4080 relinquetis?
687 4003 844 4076 praterea
856 4011 942 4068 vero,
958 4001 991 4054 et
1011 4011 1136 4076 ugrum,

93 4083 128 4148 in
145 4105 210 4168 quo
226 4081 336 4146 Graeci
351 4081 384 4142 in
399 4079 577 4144 libertatern
593 4077 742 4142 vindicati
751 4075 890 4154 filerunt,
906 4078 938 4139 in
954 4077 1137 4140 servitutem

95 4169 163 4234 redi
188 4165 272 4234 etis?
297 4165 433 4231 delubra
452 4165 547 4230 etiam
569 4165 714 4241 deorum,
730 4165 769 4227 ad
785 4183 858 4249 quae
872 4161 952 4225 rotis
975 4161 1137 4262 conceptis

94 4255 140 4319 illi
198 4255 277 4321 edos
292 4265 494 4338 superarunt,
511 4251 634 4318 deserta
656 4246 845 4334 patiemini?
870 4260 902 4312 et
923 4247 1026 4332 patria
1041 4269 1135 4312 sacn-
