2996 4782
359 265 403 324 ³2
719 257 1025 329 THUCYDlDlS

310 439 315 444 '
357 425 444 504 dem,
465 439 497 492 et
519 427 612 492 sociis
632 428 731 514 paulo
762 429 926 515 parreicrea
950 429 1115 504 tnecmtisr
1143 449 1189 494 ex
1215 427 1291 512 ipsis
1316 451 1392 496 aero

355 513 618 663 cpdreuiensibus,
641 528 768 580 centum
784 528 816 580 et
830 517 1074 604 quinquaginta,
1099 529 1130 579 et
1152 513 1270 578 Callias
1290 537 1392 582 comm

350 651 354 662 .
382 621 436 664 ux.

398 693 453 750 64.
477 682 562 750 Mox
596 698 702 751 sutem
736 685 945 752 Athenienses
979 707 1118 763 murum,
1154 684 1208 771 qui
1233 683 1392 750 Isthmum

355 769 528 856 spectsbst,
542 769 833 849 circumvallarunt,
843 775 1033 856 etpraesidio
1043 769 1391 856 custadirecoeperunt.

354 857 399 921 At
409 877 520 934 mum,
532 855 587 941 qui
605 857 750 922 Pallenen
764 879 871 922 versus
879 853 1052 941 spectabat,
1069 856 1157 920 nullo
1171 853 1255 920 vallo
1269 855 1392 921 cinctus

353 955 434 1008 erat.
478 941 547 1006 Nec
558 941 645 1006 euim
657 943 897 1020 existimabunt,
912 965 946 1008 se
963 965 1025 1008 rme
1038 945 1197 1026 eodemque
1210 952 1346 1024 tempore
1359 959 1392 1006 et

353 1019 387 1091 iu
404 1026 528 1094 Isthmo
543 1027 693 1094 excubias
714 1049 818 1116 agere,
833 1049 956 1112 eumque
969 1031 1080 1105 tartari,
1095 1029 1173 1091 etin
1195 1027 1297 1092 mom
1316 1027 1390 1091 Pal·

353 1113 446 1178 leuen
461 1113 604 1192 transire,
619 1135 753 1201 eamque
765 1117 889 1178 munire
899 1129 1006 1197 posse:
1031 1113 1185 1188 seritius
1200 1111 1389 1180 Potidoeatrs

352 1221 526 1284 eorumque
546 1199 623 1263 accii
651 1221 695 1277 se,
714 1201 748 1264 in
772 1199 851 1264 duas
874 1213 979 1283 partes
1005 1198 1164 1272 diductos,
1191 1197 1390 1262 invaderent.

354 1284 437 1350 Cum
452 1297 558 1350 sutem
574 1283 791 1360 Athenienses,
807 1285 862 1371 qui
879 1283 1014 1348 Athenis
1028 1297 1129 1360 erant,
1147 1282 1300 1348 Pallenen
1317 1285 1388 1348 nul·
1442 1295 1444 1298 ’

352 1370 391 1434 lis
406 1372 505 1434 muris
525 1370 662 1436 cinctam
684 1393 753 1436 esse
769 1369 1005 1446 intellexissent,
1020 1369 1184 1455 aliqaanto
1207 1383 1278 1454 pust
1303 1368 1390 1432 mille

350 1468 387 1520 et
399 1467 566 1521 sexcentos
584 1455 691 1542 gravis
706 1469 877 1521 armaturae
891 1455 1006 1520 milites
1020 1453 1061 1519 de
1075 1455 1149 1532 suis,
1166 1468 1199 1518 et
1220 1453 1388 1518 Phormio·

351 1563 427 1606 nem
441 1542 553 1626 Asopii
563 1543 683 1622 filiam,
698 1542 812 1608 ducem
827 1565 862 1606 eo
878 1541 1046 1606 miserunt:
1070 1544 1123 1625 qui
1145 1562 1216 1604 cum
1235 1538 1387 1604 Pallenen

352 1627 505 1712 petiisset,
521 1649 558 1691 ec
574 1627 738 1712 Aphytide
753 1641 856 1692 castra
872 1629 1029 1702 movisset,
1045 1625 1151 1710 copias
1165 1623 1319 1689 Potidoere
1332 1625 1388 1689 atl-

350 1715 462 1790 inovit,
479 1712 631 1798 paulatim
650 1715 836 1798 procedens,
852 1726 884 1776 et
898 1713 991 1776 simul
1007 1733 1117 1798 agrurn
1131 1725 1265 1776 vastans.
1312 1709 1387 1787 Sed,

352 1820 426 1864 cum
440 1798 547 1862 nullus
561 1799 602 1862 ad
617 1799 766 1884 proelium
781 1813 891 1864 contre
907 1799 1003 1880 ipsum
1013 1797 1166 1881 prodiret,
1178 1817 1316 1872 murum,
1333 1799 1387 1881 qui
1493 1805 1497 1822 ¹

355 1883 505 1950 Pallenen
531 1907 636 1950 versus
661 1885 833 1971 spectabat,
848 1884 933 1948 vallo
955 1883 1066 1947 cinxit.
1113 1885 1219 1967 Atque
1239 1883 1282 1945 ita
1301 1881 1388 1946 Poti-

352 1970 424 2035 dees
433 1971 500 2056 jam
517 1971 666 2057 utrinque
681 1972 882 2035 vehementer
896 1967 1152 2054 impugnabatur,
1170 1967 1263 2031 simul
1289 1967 1387 2032 etiam

352 2081 372 2120 s
385 2056 466 2120 uteri
476 2059 618 2141 graviter
626 2059 833 2140 prernehatar,
849 2055 982 2120 navibus
996 2055 1159 2119 ustionem
1174 2053 1323 2118 aduersus
1338 2055 1387 2135 ip-

352 2165 416 2206 sum
431 2133 629 2207 habentibus.
1297 2191 1300 2202 .

396 2236 448 2292 66.
471 2228 616 2291 Aristeus
630 2249 714 2304 vero,
727 2248 799 2289 cum
813 2226 886 2290 urbs
896 2227 963 2310 jam
976 2237 1058 2289 esset
1068 2221 1316 2300 circunrvallsts,
1328 2245 1386 2286 nec

353 2311 452 2376 ullum
466 2312 574 2377 salutis
600 2333 688 2394 spem
715 2311 855 2388 heberet,
871 2311 931 2376 nisi
953 2311 977 2373 si
993 2310 1069 2396 quid
1085 2332 1127 2374 ex
1151 2308 1385 2392 Peloponneso,

352 2412 407 2462 sut
429 2399 554 2481 aliquid
577 2397 662 2461 aliud
693 2397 888 2482 insperatum
914 2397 1079 2472 accideret,
1104 2407 1313 2466 auctorent,
1340 2409 1383 2468 ut,

352 2483 533 2568 quingentis
543 2485 696 2631 exceptis,
712 2483 819 2547 caeteri
828 2483 998 2546 observato
1007 2497 1100 2545 vento
1111 2482 1239 2546 serrendo
1255 2479 1385 2543 naribus

351 2569 488 2648 abirent,
503 2583 539 2634 ut
554 2591 602 2632 res
629 2569 821 2633 rumentaria
845 2568 964 2632 diutius
978 2567 1102 2632 obsessis
1116 2577 1314 2650 suppeteret:
1338 2580 1384 2628 ut-

350 2677 412 2738 que
427 2655 493 2738 ipse
508 2675 590 2726 unus
611 2677 677 2718 esse
692 2654 818 2720 volebat
831 2653 872 2717 de
888 2675 1021 2718 numero
1034 2673 1155 2728 eorum,
1171 2650 1227 2737 qui
1241 2671 1387 2714 remane·
1494 2717 1496 2722 ,

350 2751 431 2802 rent.
478 2739 540 2802 Sed
555 2761 628 2804 cum
643 2761 705 2802 rem
716 2743 781 2803 illis
789 2739 979 2824 persuadere
992 2761 1056 2801 non
1070 2751 1184 2822 posset,
1201 2757 1238 2800 ae
1252 2758 1299 2814 eu,
1312 2759 1384 2820 quse

349 2823 400 2887 bis
420 2824 569 2908 proxima
592 2837 692 2900 erunt,
707 2845 820 2908 parare
842 2825 944 2900 vellet,
961 2837 1128 2906 stuperem
1144 2825 1243 2898 daret,
1262 2834 1295 2885 ut
1310 2843 1384 2906 quae

349 2909 425 2972 foris
436 2921 537 2987 erent,
550 2909 669 2994 optime
677 2932 745 2974 sese
754 2911 916 2988 baberent,
929 2910 1009 2974 clem
1021 2907 1260 2973 Atheniensium
1271 2908 1382 2992 pressi·

349 2993 404 3058 dio
413 2997 485 3059 iude
493 2996 680 3084 enavigavit.
712 2995 754 3060 Et
769 2998 853 3081 apud
867 2995 1090 3062 Chalcidenses
1098 3015 1297 3079 permaneus,
1310 3015 1381 3056 cum

349 3079 424 3144 alias
439 3102 488 3145 res
511 3081 638 3146 bellicas
653 3081 894 3158 administravit,
911 3081 1101 3159 tumetium,
1118 3079 1238 3144 insidiis
1252 3078 1292 3142 ud
1310 3083 1382 3144 Ser-

349 3167 518 3252 myliorum
541 3167 651 3231 urbem
671 3167 791 3244 locutis,
808 3168 924 3232 multos
943 3166 1070 3230 occidit.
1116 3165 1299 3241 Quinetiam
1324 3188 1383 3246 per

347 3255 465 3337 legatos
479 3253 511 3315 in
537 3251 793 3337 Peloponnesum
810 3257 912 3318 missos
929 3253 1004 3336 egit,
1023 3265 1057 3315 ut
1076 3249 1203 3334 aliquod
1226 3249 1382 3313 auxilium

349 3340 537 3403 Potidaeatis
564 3339 751 3404 mitteretur.
800 3339 876 3403 Post
905 3337 1080 3402 Potidmnm
1104 3333 1382 3414 circumvallatam,

349 3421 504 3488 Phormio
519 3445 591 3487 cum
607 3423 668 3487 illis
689 3425 776 3487 mille
798 3439 829 3486 et
843 3422 997 3488 sexcentis
1013 3421 1175 3494 militibus,
1191 3442 1270 3504 quos
1284 3418 1383 3484 babe-

347 3507 412 3584 bat,
433 3507 672 3573 Chalcidensem
693 3525 725 3575 et
748 3509 909 3574 Botticum
929 3529 1040 3594 agrum
1067 3505 1207 3582 vastavit,
1226 3505 1381 3569 nonnulla

346 3593 442 3658 etism
457 3593 609 3678 oppidula
624 3597 717 3679 cepit.

387 3687 443 3744 66.
467 3679 575 3765 Atque
598 3679 650 3743 bre
674 3679 803 3746 fuerunt
828 3679 1073 3744 Atheniensibus
1096 3689 1127 3740 et
1144 3675 1382 3760 Peloponnesiis

345 3764 592 3841 criminationes,
609 3765 724 3850 quibus
747 3767 836 3830 alteri
859 3767 892 3829 in
915 3765 1029 3829 alteros
1053 3775 1136 3836 snite,
1157 3783 1247 3846 quum
1272 3763 1381 3826 bellurn

345 3860 453 3932 aperte
466 3852 658 3932 acciperent,
675 3867 747 3916 sunt
763 3851 820 3916 usi.
876 3850 1050 3916 Corinthiis
1060 3847 1200 3935 quidem,
1240 3847 1301 3910 uod
1318 3847 1381 3910 Po·

345 3934 484 4011 tidseam,
498 3957 587 4001 susm
602 3935 770 4014 coloniam,
785 3951 817 4000 et
828 3937 909 4000 viros
926 3935 1162 4000 Corinthiense
1179 3869 1380 4017 Pdloponne-

345 4019 418 4098 sios,
434 4021 490 4104 qui
506 4023 538 4084 in
554 4044 592 4085 es
609 4036 707 4098 erant,
724 4024 923 4086 Athmicrsses
942 4023 1131 4086 obsiderent.
1177 4017 1379 4082 Atheniensi-

345 4107 404 4170 bus
419 4127 495 4170 vero
509 4123 620 4171 contra
637 4107 893 4192 Peloponnesios,
910 4109 996 4192 quod
1018 4109 1068 4170 illi
1082 4105 1239 4169 civitatem
1260 4105 1377 4168 sociam

344 4205 376 4258 et
390 4193 574 4282 vectigalem
590 4193 630 4259 sd
649 4193 858 4259 defectionem
879 4189 1055 4258 suciendem
1072 4190 1281 4276 impulissent,
1298 4205 1329 4256 et
1343 4213 1380 4258 eo

1495 1333 1497 1424 l
