2964 4786
348 263 411 320 896
719 250 1024 318 THUCYDlDIS

249 437 313 494 naa
347 423 567 490 camillorum
591 422 690 503 cultu,
705 422 790 510 quod
806 421 907 510 ipsam
924 421 1064 490 Siciliam
1086 443 1184 524 equos
1205 419 1391 506 suppedita-

237 499 329 616 5ιώἳῖ
346 521 451 576 turam
461 523 630 610 putarantr
651 521 684 576 st
693 522 852 611 equestres
864 509 1042 597 sagittarios
1053 507 1195 597 trigtnta,
1206 519 1239 574 ct
1250 521 1392 574 trecenta

231 627 331 758 (pppp.
347 597 940 760 arghitlltoatliinmieiisikffiiieiliigiirii,
950 679 1152 766 expeditione
1167 678 1319 744 adsersus
1330 681 1392 744 Ar·

246 755 276 816 u.
290 759 317 806 ⁰·
415 783 571 854 suscepta,
583 768 742 856 progressi
751 769 879 855 quidem
894 765 1023 834 suntad
1034 767 1170 832 Cleonas
1182 789 1301 852 risque:
1326 767 1390 844 sed,

245 821 314 956 §4⁸¹5
376 860 432 920 cle
450 868 545 921 terrm
566 869 666 931 motu,
683 858 800 920 ὼπιιιπι
823 853 996 926 redierunt.
1030 852 1157 952 ¹Postea
1171 873 1248 916 vero
1264 851 1388 940 Argivi,

235 927 314 1054 ΔΜΒ,
343 939 524 1027 irruptione
553 943 726 1029 in'agrum
754 939 981 1026 Thyreaticum
1010 961 1064 1004 sua
1092 937 1266 1002 finitimum
1297 939 1388 1018 nera

239 1028 324 1109 Meos
345 1048 494 1115 magnam
511 1027 831 1101 Lacedaemoniorum
855 1025 997 1111 praedam
1020 1037 1182 1110 capsam,
1197 1047 1273 1111 quae
1291 1025 1390 1090 telen-

344 1114 386 1180 tis
398 1135 465 1180 non
483 1115 587 1182 minus
603 1114 716 1199 viginti
731 1115 872 1199 quinque
886 1112 1016 1178 vendita
1037 1110 1108 1176 fuit.
1153 1109 1268 1196 Neque
1286 1111 1388 1176 multu

238 1205 315 1257 uuo.
343 1211 426 1284 post,
442 1201 553 1265 eadem
576 1213 695 1275 aestate,
710 1197 849 1284 pupulus
865 1197 1070 1284 Thespiensis
1090 1195 1245 1282 impetum
1265 1195 1343 1264 lecit
1358 1197 1387 1262 iu

344 1285 570 1372 Magistratus:
594 1284 649 1350 secl
664 1307 769 1357 rerum
793 1306 858 1349 non
881 1286 1073 1374 estpotitus.
1118 1281 1269 1349 Sedcum
1288 1285 1387 1350 Atha·

343 1371 468 1437 niensea
482 1393 577 1455 opem
593 1373 656 1454 apsi
664 1374 782 1454 papale
796 1371 950 1448 tulissent,
965 1369 1081 1456 partim
1094 1367 1224 1456 quidern
1241 1393 1389 1456 compre·

343 1454 435 1522 hausi
448 1455 589 1536 luerunt,
603 1457 720 1541 partim
736 1479 811 1522 vero
826 1455 967 1522 Athenas
982 1455 1204 1542 confugerunt.

237 1553 313 1608 Meto.
387 1550 441 1608 96.
465 1541 585 1610 Eadem
601 1554 709 1614 aestate
725 1542 926 1629 Syracusani,
943 1565 1014 1606 cum
1030 1541 1268 1619 intellexissent,
1286 1541 1386 1608 Athe·

341 1628 504 1696 aulensibus
514 1628 635 1699 venisse
644 1629 775 1715 equites,
787 1630 892 1714 etjam
904 1629 1052 1698 adrerum
1067 1650 1101 1692 se
1111 1627 1219 1693 venire
1230 1629 1385 1708 statuisse,

340 1712 567 1792 existimantes,
596 1715 624 1780 si
646 1713 856 1782 Athenienses
886 1737 950 1783 non
979 1726 1190 1800 occupassent
1219 1713 1386 1800 Epipolas,

339 1798 448 1867 locum
486 1813 673 1886 rmruptum,
688 1815 720 1866 et
742 1801 814 1866 urbi
835 1802 1065 1880 imminentem,
1081 1823 1114 1868 se
1135 1823 1202 1866 non
1215 1799 1312 1884 facile
1327 1802 1385 1866 cir·

339 1885 466 1952 cumral
510 1909 565 1956 um
588 1887 639 1964 iri,
662 1907 703 1952 ne
728 1887 753 1951 si
777 1887 892 1970 praelio
916 1886 1044 1972 quidem
1070 1887 1209 1972 superati
1230 1885 1383 1966 fuissent3

338 1971 454 2052 atlitus,
464 1974 519 2060 qui
532 1973 573 2040 ad
584 1974 668 2058 ipsse
677 1975 834 2057 Epipolas
844 1972 1007 2058 patebant,
1013 1974 1167 2057 wasidio
1176 1974 1259 2038 tueri
1268 1973 1383 2038 cunsti-

339 2069 480 2136 tuerant,
493 2058 783 2146 neperhoshustas
794 2057 1174 2126 clarasesdscenderent:
1198 2057 1383 2126 nullaenim

337 2144 400 2212 alia
411 2159 506 2230 parte
516 2145 606 2230 ipsos
620 2148 693 2210 lllsrc
707 2147 890 2212 adscendere
911 2167 1014 2230 paese,
1022 2166 1204 2229 persuasura
1218 2143 1383 2210 mutans

339 2231 446 2300 ‘Nam
470 2232 603 2318 reliqum
629 2230 713 2297 illius
732 2231 822 2296 collis
843 2245 948 2316 partes
965 2244 1039 2298 sunt
1059 2231 1143 2308 altas,
1159 2243 1192 2295 et
1211 2231 1253 2296 ed
1268 2229 1380 2298 urbem

338 2339 439 2405 usque
466 2317 614 2396 declives,
639 2330 672 2383 et
699 2318 856 2400 intrpraus
879 2317 1012 2382 omnino
1036 2327 1188 2402 patentes.
1234 2315 1279 2383 Et
1301 2321 1383 2384 luna

338 2406 397 2470 iste
420 2425 441 2468 a
463 2403 668 2490 Syracusanis
691 2406 761 2468 ideo
780 2419 909 2470 uocatus
928 2416 976 2470 est
999 2403 1029 2468 E
1053 2398 1157 2487 ipoloe,
1173 2403 1264 2489 quod
1284 2425 1383 2488 supra

336 2503 453 2559 cemes
476 2489 549 2556 luca
573 2491 722 2556 emineat.
765 2492 872 2576 Atque
900 2489 934 2554 hi
1009 2491 1092 2556 ‘em
1121 2509 1196 2554 cum
1224 2489 1382 2554 universis

335 2579 444 2661 putiu's
457 2576 569 2662 pupuli
584 2576 694 2662 capiis,
709 2574 841 2643 simulac
862 2575 930 2640 dies
951 2513 1067 2653 illuxit,
1081 2575 1116 2640 in
1137 2587 1268 2659 pratum
1284 2575 1383 2662 juxta

276 2695 280 2703 ·
335 2662 488 2746 Anapum
514 2663 661 2744 fluvium,
680 2662 798 2750 egressi
819 2662 900 2762 (jam
923 2661 1009 2728 euim
1026 2659 1257 2728 Hermocrates
1277 2661 1380 2748 impe·

334 2760 424 2814 rator
437 2749 566 2834 ejusque
581 2748 713 2834 callegas
728 2747 895 2833 imperium
918 2747 1119 2832 acceperant)
1134 2747 1314 2812 exercitum
1332 2771 1380 2814 re·

334 2845 546 2906 censueruntr
568 2847 600 2899 et
625 2835 712 2918 prius
738 2853 780 2898 ex
805 2833 893 2898 omni
916 2833 1021 2916 gravis
1046 2845 1226 2898 armaturae.
1242 2855 1379 2900 numeru
1473 2837 1474 2896 ἔ

334 2920 551 3020 septingentos
588 2920 713 2984 eximiae
748 2919 872 2985 virtutis
907 2917 991 2984 uiros
1026 2917 1097 2984 dele
1138 2933 1224 2998 runt,
1263 2919 1378 3006 quihus

333 3004 497 3083 Diomtlus
523 3006 669 3073 Andriae
693 3004 781 3070 exsul
811 3017 955 3090 praeerat,
983 3017 1018 3070 at
1042 3017 1075 3072 et
1131 3004 1248 3090 pipolia
1273 3020 1378 3072 essent
1472 3009 1474 3048 l

333 3091 496 3176 prasidio,
511 3105 556 3170 et,
570 3093 596 3158 si
611 3092 654 3158 ed
664 3092 784 3179 aliquid
799 3091 1116 3177 aliudperageeaan,
1132 3094 1268 3176 aprorum
1283 3114 1379 3177 opera

333 3199 416 3263 opus
429 3191 520 3255 esset,
536 3179 568 3244 in
586 3199 685 3246 unum
702 3177 897 3266 congregati,
911 3177 1059 3243 celeriter
1072 3175 1231 3244 adessent.
1473 3199 1474 3240 t

374 3275 430 3337 97.
455 3265 617 3333 Postridie
627 3277 734 3340 autern
750 3265 844 3349 hujus
857 3265 960 3330 noctis
975 3263 1185 3330 Athenienses
1198 3261 1375 3330 exercitum
1473 3283 1474 3328 t

333 3353 520 3430 lustrarunt,
535 3367 568 3418 et
583 3353 652 3437 jam
673 3373 746 3419 cum
769 3349 921 3416 universis
943 3350 1044 3435 copiis
1060 3373 1078 3416 e
1094 3349 1375 3436 Catsnaprofecti‚
1472 3339 1474 3386 t

333 3440 375 3506 erl
388 3439 495 3507 Ιοουω
513 3439 643 3504 nomine
658 3436 810 3512 mnam,
823 3435 865 3501 ab
888 3435 1034 3522 Epipolis
1054 3458 1110 3502 sex
1132 3451 1297 3522 septemve
1317 3451 1375 3502 sta·
1473 3449 1474 3476 i

332 3525 393 3594 (liis
405 3526 586 3601 distantem,
602 3523 684 3590 clam
702 3522 779 3607 ipsis
792 3524 995 3607 Syracusanis
1014 3521 1220 3608 appulerunt,
1238 3537 1273 3590 et
1286 3523 1374 3610 pedi·

332 3624 434 3678 tatum
461 3611 495 3676 in
519 3624 637 3678 terram
661 3623 887 3694 exposuerunt,
911 3621 945 3672 et
972 3629 1047 3674 cum
1076 3607 1174 3674 classe
1204 3607 1372 3698 Thapsum

332 3697 510 3764 abierant.
555 3694 920 3778 Estatttempcninsula
933 3716 1006 3778 qum
1016 3707 1153 3780 angusto
1164 3697 1373 3766 terraelimite

331 3785 367 3852 irs
393 3805 480 3852 mare
503 3783 679 3884 proutinetr
701 3802 816 3866 nequa,
835 3782 899 3846 sive
920 3781 1012 3862 mari,
1032 3781 1096 3846 sire
1121 3793 1217 3862 terra,
1233 3786 1372 3853 multtum

330 3895 352 3937 a
372 3871 536 3958 Syracusas
554 3869 665 3937 distet.
709 3867 866 3935 Nauticus
886 3877 992 3932 eutem
1014 3866 1262 3934 Atheniensium
1284 3895 1372 3942 exer.

331 3956 530 4024 citusinhac
539 3955 679 4039 susp-0.
690 3952 1113 4042 angustaeyasterraelimite
1123 3955 1371 4038 circumvallata

363 4194 376 4222 ⁸
386 4189 479 4238 Caetera
489 4188 556 4236 enlm
566 4187 646 4235 edttus
657 4190 694 4232 est
704 4185 781 4244 locus,
792 4185 886 4248 ipsique
902 4186 962 4234 adeo
972 4185 1116 4248 impendens
1133 4186 1188 4236 urbi
1200 4193 1271 4240 tetus
1281 4190 1308 4240 in
1318 4205 1369 4241 eam

331 4255 463 4317 depactas.
479 4253 588 4302 Aeaeae.
620 4249 707 4298 nunc
