2996 4782
396 285 642 356 HISTORIAE
664 287 752 354 LlB.
773 287 800 353 1.
951 281 955 292 '
1094 295 1135 358 27

108 473 138 526 et
165 458 349 525 Corinthiae
375 461 407 524 in
436 481 503 562 pap
527 460 568 524 im
582 491 586 500 ¹
599 459 756 546 remigare
784 459 999 536 mirabantur3
1022 457 1136 526 -dcnec

108 547 241 633 quidalm
259 546 321 695 qui
340 567 436 610 nares
459 567 490 610 vt
512 553 612 622 erasit,
631 545 700 608 illas
719 563 833 610 contra
846 569 879 612 se
896 547 1046 645 navigare
1064 543 1137 612 dix-

106 647 203 697 emnt.
292 653 355 695 unc
370 652 447 696 vero
461 643 493 696 et
513 632 574 715 ipsi
588 645 794 700 recesserunt.
846 631 920 696 Jsm
935 653 1019 696 enam
1034 631 1137 696 noctis
1174 625 1188 652 ⁹

106 722 239 782 tenebrae
254 731 365 782 erant:
390 715 550 782 Corinthii
565 739 640 780 vero
651 717 784 780 navibus
798 717 915 782 aversis
929 716 1076 782 abierunt
1087 717 1136 780 di·

106 803 189 868 versi.
235 805 286 867 lta
299 815 405 868 autem
422 801 512 867 alteri
527 801 568 866 ah
583 802 690 866 altaris
705 803 832 867 diremti
847 814 931 878 sunt,
947 815 980 868 et
995 805 1064 866 haec
1079 824 1136 866 na·

105 888 177 953 valis
190 911 300 977 pugna
323 888 383 953 snb
404 901 499 953 noete
519 886 611 952 linita
627 901 683 952 est.
729 888 812 954 Cum
840 902 947 952 autem
972 887 1136 974 Corcyraei

105 987 201 1039 castra
214 975 303 1060 apud
318 973 525 1038 Leucimnam
545 972 713 1048 haberent,
725 973 789 1038 illae
812 974 922 1057 viginti
939 993 1034 1038 naves
1048 975 1136 1038 Atti·

104 1081 157 1138 ω),
180 1061 297 1146 quibus
324 1060 471 1126 Glaucen
493 1059 610 1141 Leagri
631 1071 664 1124 et
685 1059 870 1144 Andocides
890 1059 1027 1146 Leogori
1041 1061 1137 1142 filius

103 1159 272 1228 preerant,
287 1165 344 1228 per
359 1145 463 1210 media
477 1146 630 1210 cadavera
652 1157 684 1210 et
706 1143 871 1231 naufragia
894 1144 1018 1220 delatae,
1034 1146 1066 1208 in
1083 1167 1135 1208 ca-

104 1244 162 1296 stra
185 1245 354 1307 venerunt,
370 1251 434 1294 non
456 1229 558 1294 multo
578 1241 650 1313 post
668 1251 764 1316 quarn
791 1245 970 1316 conspectas
994 1231 1134 1295 luerunt.

104 1315 262 1403 Corcyraei
290 1338 364 1380 reru
380 1320 462 1399 (erat
484 1315 568 1378 enim
584 1317 662 1392 noa)
684 1317 868 1392 timuerunt,
884 1338 925 1380 ne
944 1315 1073 1380 hostiles
1086 1339 1135 1380 es-

103 1414 182 1466 sent:
205 1402 265 1467 sed
279 1414 388 1486 postea
401 1404 473 1466 illas
487 1415 694 1486 agnoverunt,
709 1415 741 1466 et
755 1403 787 1466 in
800 1424 872 1466 suas
883 1402 1034 1466 stationes
1048 1423 1134 1466 reee-

136 1502 221 1553 runt.
886 1551 887 1556 ,

102 1509 192 1639 peti.
216 1573 379 1638 Postridie
399 1596 485 1650 vero,
501 1583 533 1638 et
556 1573 688 1676 triginta
708 1594 803 1636 naves
824 1573 950 1651 Attieae,
966 1587 998 1638 et
1013 1574 1135 1662 Corcy-

101 1680 236 1723 raeorum
252 1671 411 1758 quotquot
425 1657 464 1724 ad
479 1659 713 1747 navigationem
729 1673 820 1724 erant
834 1672 929 1743 aptoe,
944 1661 1134 1746 navigarunt

100 1743 129 1808 in
143 1759 286 1828 portum,
301 1766 356 1831 qur
372 1747 467 1810 estin
485 1745 622 1830 Sybotis,
639 1745 694 1810 ubi
711 1743 870 1810 Corinthii
893 1746 1059 1810 stationem
1075 1745 1133 1812 ha·

100 1830 220 1907 hebent,
240 1853 279 1894 eo
294 1834 411 1906 animo,
427 1843 463 1894 ut
486 1841 723 1919 cognoscerent,
738 1851 779 1892 an
802 1830 919 1914 proelio
941 1829 1044 1895 navali
1065 1853 1133 1896 cer·

101 1929 162 1980 tere
176 1916 307 1980 vellent.
350 1915 403 1980 Illi
414 1937 499 1993 vero,
512 1916 645 1981 navibus
660 1938 678 1979 a
693 1929 777 1978 terra
788 1915 955 2000 provectis,
971 1929 1003 1980 et
1017 1919 1084 1980 acie
1099 1917 1132 1980 in

99 2001 158 2066 alto
171 2003 338 2077 hastrocta,
354 2002 569 2088 quiescebant,
584 2003 658 2086 quia
674 2013 788 2085 sponte
809 2021 867 2064 sua
885 2000 993 2085 proelii
1007 2002 1132 2066 initium

99 2085 194 2152 lacere
220 2089 255 2150 in
278 2087 385 2150 animo
409 2109 474 2151 non
497 2087 667 2164 hebebant,
689 2085 777 2173 quod
800 2087 847 2150 int
889 2107 939 2150 ras
955 2086 1132 2152 Athenien-

100 2171 173 2238 sium
189 2195 289 2238 naves
303 2173 475 2252 accessisse,
492 2173 615 2257 sibique
630 2172 744 2237 multas
765 2171 871 2236 difficu
886 2185 964 2236 tetes
984 2173 1134 2238 accidisse

2 2301 3 2304 κ
99 2259 248 2339 riderent,
265 2281 339 2323 cum
354 2271 484 2343 propter
499 2259 653 2342 captivos,
670 2281 750 2344 quos
766 2258 796 2320 in
813 2257 947 2322 navibus
961 2257 1132 2335 habebant,

100 2343 137 2407 de
149 2367 289 2430 quorum
305 2344 446 2410 custodia
461 2357 552 2408 erant
566 2345 690 2421 soliciti,
708 2356 774 2408 tum
795 2344 889 2408 etiem
912 2343 999 2427 quod
1013 2345 1045 2408 in
1061 2344 1134 2408 loco

99 2429 220 2495 deserto
234 2451 333 2495 naves
347 2430 477 2494 relicere
490 2451 556 2494 non
577 2444 714 2514 possent.
760 2429 823 2494 Sed
847 2428 1011 2494 deradito
1033 2429 1134 2515 magis

97 2529 183 2581 erant
192 2516 321 2592 soliciti,
334 2515 579 2595 considerantes,
588 2537 652 2602 qua
664 2516 786 2579 ratione
799 2514 931 2579 domum
946 2536 980 2576 se
993 2513 1135 2599 recipere

96 2617 230 2685 possent,
248 2601 353 2678 veriti,
375 2623 416 2664 ne
429 2599 650 2678 Athenienses,
671 2600 791 2665 foedera
817 2611 912 2683 rupta
934 2621 1000 2664 esse
1023 2600 1134 2666 existi·

2 2683 3 2688 ’
98 2688 321 2774 nantes,quia
344 2686 385 2751 ad
408 2707 520 2750 manus
540 2700 754 2762 venerantes
781 2685 869 2749 illinc
893 2685 1044 2771 navigare
1070 2707 1133 2748 non

2 2777 3 2788 ¹
97 2773 241 2838 sinerent.

136 2871 187 2926 68.
212 2859 344 2924 Placuit
369 2859 466 2946 igitur
488 2859 576 2943 ipsis,
604 2857 697 2934 viros,
726 2857 757 2920 in
781 2855 929 2942 scapham
957 2856 1133 2940 impositos,

96 2944 159 3009 sine
171 2945 318 3010 caduceo
333 2946 371 3008 ad
388 2945 593 3008 Athenienses
608 2944 811 3028 praemittere,
823 2955 856 3006 et
870 2963 979 3006 eorum
997 2955 1133 3008 mentem

95 3031 275 3114 explorare.
324 3029 387 3093 Per
412 3029 483 3094 illos
508 3041 623 3105 autem,
647 3051 727 3114 quos
752 3029 915 3103 miserunt,
943 3025 1013 3092 hoec
1039 3027 1135 3092 verba

97 3113 247 3180 lecerunt.
298 3120 319 3156 “
330 3117 447 3200 injuste
468 3114 579 3190 facitis,
597 3114 812 3189 Athenienses,
828 3113 903 3196 quia
917 3112 1001 3176 bello
1015 3134 1073 3175 nos
1088 3113 1134 3176 la-

94 3203 223 3279 cessitis,
240 3215 276 3266 et
298 3200 420 3264 foedera
445 3199 601 3285 frangitis.
646 3199 748 3264 Nobis
771 3199 866 3274 enim,
883 3197 989 3264 hostes
1011 3211 1135 3262 nostrus

94 3287 333 3362 ulciscentibus,
363 3286 589 3370 impedimento
618 3285 702 3361 estis,
727 3283 803 3370 quia
827 3303 915 3347 arma
941 3295 1053 3346 eontra
1081 3304 1136 3347 nos

93 3386 194 3438 anmta
209 3373 312 3438 fertis.
358 3371 454 3446 Quod
471 3371 496 3436 si
511 3371 600 3434 vobis
623 3382 669 3433 est
695 3371 819 3434 animus
842 3390 898 3432 noa
915 3366 1078 3452 impedire,
1095 3389 1136 3432 ne

93 3471 201 3524 conns
218 3459 411 3541 Corcyram,
428 3471 482 3520 aut
497 3456 570 3532 alio,
587 3456 611 3518 si
650 3477 690 3518 uo
704 3455 811 3530 libeat,
824 3455 1018 3540 navigemus,
1031 3467 1063 3517 et
1077 3452 1135 3516 foe-

93 3543 166 3610 ders
179 3542 336 3628 rumpitis
344 3565 353 3618 ;
377 3561 446 3619 nos,
463 3541 517 3626 qui
537 3540 590 3606 hic
651 3563 770 3616 sumus,
785 3539 905 3624 primos
926 3538 1135 3622 comprehen-

93 3629 165 3708 dite,
193 3646 227 3694 et
260 3641 298 3692 ut
327 3626 432 3691 hostes
458 3628 622 3691 tractate.'’
669 3626 718 3689 llli
748 3626 846 3706 igitur
876 3624 946 3688 haec
974 3624 1133 3688 dixerunt.

93 3713 264 3803 Quotquot
279 3735 357 3776 vero
367 3733 407 3775 ex
421 3713 593 3797 Corcyraeo
605 3712 748 3775 exercitu
765 3712 942 3776 Corinthios
956 3709 1134 3788 audierant,

93 3801 213 3866 sublato
234 3801 379 3864 clamore
394 3799 499 3862 statim
514 3797 675 3872 dixerunt,
691 3796 761 3859 illos
775 3811 806 3860 et
820 3793 1135 3879 comprehendendos

92 3897 122 3950 et
137 3883 383 3952 interficiendos
407 3905 488 3948 esse.
535 3885 596 3948 Sed
623 3881 835 3946 Athenienses
862 3880 923 3946 hoc
948 3903 1134 3964 responsum

34 3998 39 4008 ·
93 3973 344 4037 illiadederunt.
390 3969 490 4032 “Nee
512 3968 596 4034 bello
615 3989 670 4030 vos
691 3967 882 4041 lacessimus,
898 3967 956 4031 viri
974 3966 1135 4052 Pelopon·

94 4059 179 4134 nesii,
200 4079 263 4122 nec
291 4054 414 4120 loedera
435 4053 621 4142 frangimus.
667 4053 730 4118 Sed
752 4053 819 4116 istis
842 4052 1020 4138 Corcyraeis
1043 4053 1136 4116 sociis
1194 4078 1199 4086 ¹

93 4147 202 4208 nostris
223 4141 353 4206 auxilio
374 4140 527 4204 venimus.
574 4140 607 4204 Sl
624 4160 718 4223 quam
735 4139 832 4225 igitur
854 4137 949 4202 aliam
963 4138 996 4200 in
1012 4149 1134 4221 partem

94 4229 193 4296 velitis
208 4227 374 4313 navigare,
385 4247 448 4290 nou
466 4225 666 4310 impedimus.
713 4224 776 4290 Sed
792 4225 944 4292 siccana
960 4222 1134 4304 Corcyram
