2990 4792
335 293 397 354 119
705 279 1010 354 rttthannts
1060 283 1063 288 ’

232 479 298 530 nen
370 467 424 526 65.
451 457 515 524 His
529 457 631 523 verbis
656 457 793 524 Periclea
808 455 1055 526 Atheniensium
1078 457 1159 522 iram
1183 459 1216 522 in
1232 479 1267 524 ae
1290 481 1369 526 con·

224 547 305 606 resp
327 561 451 633 ceptam
475 544 635 630 mitigare,
656 545 841 646 animosque
863 547 987 610 illorum
1008 567 1028 610 a
1049 543 1260 630 praesentibus
1278 548 1374 612 malis

214 624 264 722 ὄζω
281 611 307 658 ²⁸
327 633 488 698 abducere
509 629 696 698 conabatur.
741 629 793 696 lllr
809 651 886 696 vcro
906 630 1036 716 publice
1080 631 1187 696 uidem
1209 632 1277 718 ejus
1298 655 1372 698 ora-

222 687 315 788 a'lmsl'
328 723 416 786 tione
442 717 661 797 flectebantur,
692 739 752 782 nec
781 720 859 782 ullos
888 720 1006 803 legator
1107 717 1373 784 Lacedaemonios

226 803 255 852 U·
272 805 300 852 ⁰·
327 805 464 892 amplius
487 805 666 886 mittebant,
680 806 761 869 etin
777 802 896 868 bellurn
911 805 1027 869 animia
1050 804 1224 890 impensius
1245 805 1374 870 incum-

225 868 300 984 ζζῖ·
327 892 463 960 babent:
493 891 551 958 sed
574 890 727 978 privatim
752 889 959 968 calamitates,
983 890 1100 976 quibus
1129 891 1372 976 premebantur,

326 1001 413 1132 tit?
429 977 1065 1151 iiilffmittzttltwi
1087 977 1374 1151 {militib

327 1154 468 1238 privatus
497 1165 587 1218 essct
645 1149 699 1216 llli
728 1172 815 1226 vero,
846 1149 902 1237 qui
932 1149 1046 1235 opibm
1074 1149 1249 1234 pollebant,
1281 1151 1371 1237 quod

181 1307 183 1310 .
325 1241 454 1326 egregia
469 1239 502 1304 in
517 1238 603 1327 agria
618 1236 752 1322 prandia,
768 1237 921 1324 villasque
945 1236 1114 1323 magnifice
1135 1235 1324 1316 edificatae,
1339 1253 1372 1302 et

326 1339 489 1392 sumtuosa
502 1323 697 1409 supellectile
715 1324 885 1390 instructus
900 1322 1092 1388 amisissentr
1116 1322 1182 1402 sed,
1197 1325 1285 1410 quod
1300 1347 1372 1389 orn·

325 1413 415 1480 nium
431 1424 501 1477 erat
518 1411 750 1500 marianorum,
767 1409 854 1496 quod
876 1430 939 1496 pro
959 1429 1038 1493 pace
1059 1407 1178 1474 bellum
1200 1409 1369 1476 haberent.

328 1498 399 1564 Nec
412 1499 501 1584 prius
516 1498 654 1563 universi
668 1497 759 1572 imm,
775 1517 871 1584 quam
891 1497 922 1560 in
938 1516 1010 1560 eum
1027 1517 1126 1560 couce
1168 1511 1251 1574 rant,
1268 1495 1371 1584 depo-

325 1595 468 1664 suerunt,
488 1605 584 1671 quam
607 1605 679 1648 eum
702 1583 841 1668 pecunia
862 1581 1069 1646 mulctarunt.
1148 1605 1238 1647 ursus
1261 1595 1371 1648 tamen

326 1693 393 1736 nou
409 1670 513 1738 multo
535 1682 606 1755 post
621 1669 669 1755 (id
689 1668 778 1756 quod
801 1668 915 1756 vulgus
936 1667 1039 1733 facere
1061 1669 1156 1750 solet)
1172 1673 1271 1753 iprum
1294 1669 1372 1736 belli

325 1757 440 1824 ducem
455 1757 628 1847 elegerunt,
643 1758 736 1842 eique
757 1777 865 1820 rerum
888 1758 1033 1822 omnium
1056 1755 1371 1822 administrationem

325 1843 570 1910 commiserunt:
592 1840 681 1930 quod
703 1841 869 1908 domestici
884 1841 1014 1928 quidem
1038 1841 1154 1919 luctus,
1169 1855 1203 1908 et
1218 1845 1369 1929 jacturae,

325 1951 423 2018 quam
438 1929 554 2019 singuli
570 1929 720 2015 privatim
736 1927 887 2005 fecerant,
903 1927 1046 1995 dolorem
1065 1929 1132 2015 jam
1150 1929 1255 1994 minus
1270 1933 1370 1995 senti-

325 2031 414 2096 καις
437 2019 540 2104 ipsum
563 2016 695 2082 veroin
719 2015 826 2092 rebus,
846 2015 962 2103 quibus
984 2017 1132 2081 universa
1152 2016 1264 2080 ciritae
1285 2017 1370 2082 indi·

366 2104 432 2182 bat,
448 2101 718 2180 administrandis,
734 2101 864 2186 plurimi
885 2100 1066 2168 faciendum
1089 2125 1156 2168 esse
1172 2102 1372 2189 judicarent.

324 2127 491 2268 &iamdiu
506 2190 592 2255 enim
614 2189 799 2274 reipublicae
819 2187 948 2274 praefuit
963 2191 995 2253 in
1012 2209 1100 2274 pace,
1117 2211 1186 2253 eam
1203 2189 1372 2256 moderate

324 2278 419 2358 rexit,
434 2298 568 2365 samque
588 2276 673 2342 bona
694 2274 760 2340 fide
782 2287 903 2340 tutatus
924 2286 989 2352 eat3
1012 2275 1141 2362 ejusque
1155 2274 1215 2340 snb
1229 2276 1371 2362 imperio

323 2363 365 2430 ad
390 2364 567 2430 maximam
592 2362 769 2449 potentiam
795 2373 902 2426 evecta
931 2373 1009 2426 erat.
1055 2361 1230 2449 Postquam
1256 2373 1369 2428 autem

322 2448 526 2516 hoc-bellum
548 2461 730 2534 susceptum
754 2459 813 2525 eat,
839 2447 871 2512 in
895 2446 957 2514 boc
982 2449 1079 2512 etiam
1102 2447 1157 2512 ille
1180 2448 1368 2535 reipublicae

322 2537 404 2602 viras
418 2535 545 2602 videtur
559 2535 752 2621 previdisse.
796 2534 890 2600 Duos
913 2545 1021 2600 autem
1042 2555 1144 2600 annos
1158 2546 1191 2599 et
1205 2557 1262 2600 sex
1277 2557 1368 2601 men·

322 2645 371 2688 ses
384 2647 406 2688 a
420 2624 499 2688 bello
512 2633 593 2687 moto
611 2633 767 2708 praeterea
780 2621 878 2686 vixit:
900 2632 932 2684 et
953 2632 1027 2706 post
1047 2621 1116 2772 epus
1135 2636 1283 2700 mortem,
1299 2623 1371 2709 ejus

321 2709 525 2796 providentia
548 2709 580 2774 in
603 2708 688 2772 bello
702 2707 804 2796 magia
818 2706 948 2794 cognita
962 2719 1020 2772 eat.
1084 2707 1125 2772 lle
1138 2708 1224 2772 enim
1238 2707 1369 2776 dicebat

322 2795 459 2862 victores
473 2816 632 2873 evasuros,
648 2795 674 2859 ai
689 2793 896 2881 quiescerent,
908 2795 1067 2880 rebusque
1083 2794 1218 2860 nauticis
1231 2817 1369 2882 operam

322 2881 454 2959 dareut3
488 2901 592 2968 neque
620 2903 740 2946 novum
770 2880 941 2966 imperium
972 2883 1163 2965 quaererent,
1192 2881 1270 2946 dum
1301 2881 1370 2949 hoc

322 2968 442 3034 bellum
498 2980 620 3046 resent3
643 2989 746 3055 neque
767 2965 997 3051 rempublicam
1022 2967 1054 3030 in
1076 2967 1248 3033 discrimen
1271 2991 1370 3034 voca-

322 3067 405 3122 rent.
493 3054 503 3118 i
519 3075 594 3120 vero
608 3069 640 3120 et
654 3053 848 3119 hac-omnia
862 3067 976 3120 contra
990 3066 1136 3140 egerunt,
1152 3067 1184 3119 et
1201 3055 1275 3134 alis,
1290 3079 1370 3143 quae

323 3141 363 3208 ad
392 3141 456 3208 hoc
485 3140 602 3207 bellum
632 3141 792 3229 pertinere
821 3161 886 3204 non
913 3139 1116 3219 ridebantur,
1139 3139 1181 3206 ob
1207 3141 1367 3227 privatam

322 3228 540 3306 ambitionem,
564 3242 596 3293 et
618 3229 758 3314 privatos
782 3241 934 3313 quaestus,
958 3226 991 3290 iu
1018 3249 1117 3304 suam,
1138 3228 1370 3317 sociorumque

322 3317 494 3400 pernicicm
516 3314 791 3382 administrarant.
837 3312 924 3378 Nam
945 3335 1045 3401 quum
1066 3337 1114 3392 ea,
1138 3336 1207 3402 φα
1223 3319 1367 3401 gerenda

320 3403 537 3486 accipiebant,
563 3399 697 3466 feliciter
725 3399 948 3477 succedebant,
977 3398 1083 3465 honor
1111 3413 1143 3466 et
1171 3399 1293 3468 fructura
1321 3403 1368 3469 nd

320 3485 1272 3658 liiiiffllifflinid{illilfflliini'i
1286 3511 1368 3642 'tt’

321 3659 406 3726 bello
427 3659 613 3728 afferebant.
658 3661 765 3747 Hujus
786 3675 892 3725 autem
915 3659 960 3724 rei
979 3659 1051 3726 brea
1071 3658 1131 3724 fnit
1151 3681 1257 3739 cauea,
1273 3663 1366 3750 quod

321 3768 397 3813 cum
412 3747 464 3812 ille
479 3759 511 3811 et
524 3745 680 3834 dignitate
699 3761 732 3812 et
752 3746 887 3814 consilio
907 3744 1052 3832 polleret,
1067 3757 1100 3812 et
1113 3745 1279 3812 manifeste
1291 3753 1367 3814 o'm-

321 3833 410 3898 nium
425 3834 540 3898 civium
557 3833 781 3922 integerrimus
793 3843 884 3911 esset,
900 3847 937 3898 ut
951 3831 1048 3898 nullis
1060 3833 1207 3919 mcunioe
1221 3837 1367 3901 muneri-

321 3920 381 3985 bus
404 3941 438 3984 se
462 3922 625 4005 corrumpi
651 3932 824 4006 pateretur,
846 3919 972 4005 plebem
996 3919 1031 3984 in
1057 3917 1164 3984 officio
1188 3920 1367 3994 liberaliter

321 4006 509 4083 contineret,
534 4027 595 4070 nec
620 4009 661 4071 ab
687 4029 724 4070 ea
751 4008 851 4090 magia
881 4018 1057 4092 regeretur,
1078 4027 1175 4092 quam
1199 4007 1267 4092 ipae
1288 4031 1364 4074 eam

320 4101 453 4178 regeret.
499 4091 582 4157 Nam
598 4113 672 4157 cum
692 4114 756 4156 non
781 4091 871 4156 malis
893 4091 1014 4157 artibus
1035 4093 1210 4178 potentiam
1226 4093 1365 4180 adeptus

320 4193 410 4258 esset,
426 4179 467 4245 ad
489 4178 703 4247 multitudinis
724 4176 920 4245 voluntatem
943 4177 1023 4242 nihil
1046 4177 1188 4245 dicebat:
1212 4179 1266 4246 sed
1289 4204 1365 4248 eam

320 4289 381 4352 pro
395 4289 453 4334 aua
466 4267 636 4332 autoritate
655 4266 819 4352 castigare,
835 4265 1007 4352 quinetiam
1031 4264 1193 4333 nonnullis
1216 4268 1248 4332 iu
1265 4268 1365 4336 rebus
