2996 4782
384 316 634 386 Hls'rotttffl
654 316 744 384 LIB.
769 315 815 382 11.
1076 323 1117 387 te

98 489 343 567 comcnrderunt,
359 507 439 558 etue
452 489 537 578 ipsos
550 490 637 556 fotus
650 490 843 576 dejecerunt,
860 509 897 554 nc
912 486 1057 576 plerique
1071 490 1122 556 in-
1151 501 1214 550 usn.

100 581 263 644 teneruit.
290 579 356 644 Alii
371 601 446 644 vero
462 601 521 663 per
534 577 804 664 portssdesertcs,
817 585 889 640 cuni
905 575 1018 641 mulier
1032 599 1124 664 quse·
1141 567 1225 630 ΜΨ·

99 663 162 728 darn
180 665 309 730 securim
332 667 409 749 ipsis
437 663 582 740 dedisset,
605 665 700 741 clam,
720 676 753 728 et
780 663 912 728 effracto
933 675 1033 741 secte,
1054 684 1121 730 nott
1136 633 1235 759 ὅκῃ,

100 750 179 814 multi
195 752 367 816 exiverunt.
413 751 499 816 Nam
522 751 586 816 cito
607 750 756 815 rescitum
778 761 837 814 est.
880 747 946 814 Alii
967 771 1044 814 vero
1062 771 1122 836 per
1148 762 1226 824 sm.

100 837 196 939 urbetn
223 838 337 938 possint
369 837 622 939 trucidabantur.
667 835 817 940 Mecinus
843 846 951 938 tamen
978 858 1061 920 pers,
1088 850 1121 904 ct
1149 827 1223 940 (ξιξ,

98 943 265 1093 ffitltt,
279 923 1122 1097 {luttllts‘ttllllffttsttttt
1157 957 1214 1021 ³²¹·

97 1107 210 1178 apertae,
232 1097 448 1164 existimantes
477 1097 535 1161 has
555 1095 651 1183 hujus
675 1095 804 1160 aedificii
832 1093 916 1160 tores
940 1117 1010 1160 esse
1036 1099 1124 1163 urbis

98 1193 202 1264 portas,
215 1194 250 1247 et
265 1182 361 1268 plane
372 1181 459 1248 illam
473 1183 555 1248 viam
568 1195 659 1247 extra
672 1181 765 1246 ferre.
824 1179 1017 1247 Platoeenses
1034 1205 1119 1262 vero,

97 1281 247 1353 postquam
277 1291 333 1334 eos
357 1269 526 1334 conclusos
553 1269 707 1346 viderunt,
736 1267 917 1332 deliberare
940 1285 1123 1356 minut,

98 1363 189 1420 utrum
200 1377 262 1432 eos,
275 1357 322 1420 ita
335 1367 374 1420 ut
386 1367 487 1434 erant,
500 1356 632 1420 incenso
641 1354 698 1420 illo
708 1353 856 1432 edificio,
868 1371 1122 1435 concremarent,

97 1459 131 1504 sn
143 1440 223 1506 aliud
236 1441 367 1528 aliquod
380 1463 490 1526 poeuae
503 1463 604 1530 genus
615 1440 733 1506 inillcs
743 1453 926 1506 statuerent.
972 1441 1119 1507 Tandem

97 1546 160 1590 sero
179 1542 209 1590 et
228 1527 263 1593 hi
281 1541 315 1594 et
331 1529 440 1593 caeteri
462 1527 624 1608 Thebani,
640 1528 696 1614 qui
717 1541 915 1612 supererant,
933 1549 991 1612 per
1009 1529 1124 1594 orbern

96 1623 240 1698 ugentes,
252 1637 324 1680 sese
337 1629 369 1680 et
382 1637 473 1681 anna
491 1614 721 1680 Plataeetuibns
740 1635 778 1678 ea
793 1614 976 1679 conditione
990 1614 1122 1680 dedide-

96 1712 169 1776 runt,
185 1701 383 1788 utquicquid
398 1700 458 1765 illis
473 1701 575 1766 visum
587 1699 698 1778 fuerit,
711 1711 896 1765 statuerent.
941 1699 1008 1776 Qui
1023 1700 1124 1789 igitur

96 1781 211 1850 Plataeae
225 1797 330 1869 erant,
344 1787 433 1852 hunc
443 1809 548 1852 rerum
564 1787 687 1851 exitum
701 1785 909 1852 hahuerunt·
1120 1807 1125 1816 ’

135 1879 163 1938 6.
185 1873 303 1939 Caeteri
317 1877 394 1938 vero
409 1873 569 1956 T'hebnni,
586 1893 676 1960 quos,
692 1885 863 1957 antequam
876 1893 944 1936 nox
960 1872 1074 1952 abiret,
1089 1890 1124 1940 et

94 1953 150 2020 tie
159 1957 241 2023 clara
253 1960 466 2036 illucesceret*
477 1981 550 2026 cum
566 1959 717 2025 omnibus
731 1959 832 2044 copiis
848 1959 956 2022 adesse
970 1973 1124 2044 oportue»

93 2055 144 2120 nt,
155 2046 256 2132 siquid
263 2047 349 2112 forte
362 2047 469 2112 miuus
480 2045 661 2112 succederet
673 2043 745 2122 illis,
759 2046 813 2131 qui
826 2044 935 2109 urbem
948 2045 1120 2124 intrarant,

93 2148 156 2193 cnnt
174 2131 248 2217 ipsis
270 2134 306 2198 in
329 2134 401 2218 ipso
419 2134 534 2198 itinere
556 2133 687 2198 nuntius
708 2131 750 2196 de
771 2131 865 2196 rebus
887 2133 982 2218 gestis
1003 2131 1126 2200 allatus

92 2213 196 2295 luisset,
210 2222 276 2285 suis
297 2219 458 2306 suppetias
471 2218 649 2284 veniebant.
695 2217 817 2282 Plutaea
834 2233 942 2282 autem
962 2240 984 2283 a
1001 2217 1124 2285 Thebis

92 2305 581 2469 tettttl‘ntltsltttl
601 2303 1125 2477 tttttlttlflttlt²⁹ttllli

238 2438 249 2471 θ

13 2527 14 2534 ,
92 2474 165 2538 euim
183 2476 300 2543 donus
325 2477 444 2543 multus
468 2478 616 2554 fluxerat,
635 2499 695 2541 nec
717 2475 809 2541 facile
831 2477 961 2542 transiri
986 2487 1122 2562 poteret.

13 2641 14 2646 ἵ
93 2556 190 2635 Quare
209 2585 269 2650 per
292 2564 432 2650 pluviam
454 2565 515 2629 iter
536 2561 695 2640 facientes,
718 2561 879 2648 fluvioque
901 2564 957 2628 vix
978 2565 1125 2650 trajecto,

13 2685 15 2716 ι
91 2665 153 2710 aero
174 2663 344 2730 venerunt,
363 2671 436 2716 cum
463 2649 592 2716 illorum
617 2649 733 2714 milites
760 2651 877 2734 partim
902 2648 1033 2736 quidem
1054 2651 1125 2735 jem

13 2789 14 2794 ,
91 2735 581 2822 asentinrmteettpsnimvero
595 2736 659 2800 vivi
673 2735 902 2800 detinerentur.
948 2735 1126 2822 Postquam

13 2861 14 2908 3
90 2837 157 2884 sero
177 2821 327 2888 Thebani
349 2823 576 2889 intellexerunt
597 2822 642 2904 id,
663 2821 747 2908 quod
771 2821 938 2898 acciderat,
964 2820 1123 2888 Plataeen·

90 2903 176 2988 sibus,
191 2910 246 2995 qui
268 2921 363 2975 erant
383 2921 474 2974 extre
495 2909 618 2986 urbem,
642 2906 773 2972 iusidias
794 2919 991 2974 struxerunt.
1038 2909 1125 2973 Nam*

13 3013 15 3066 ς
89 3005 117 3056 ct
135 2993 332 3060 bominesin
358 2995 442 3083 agris
467 3007 568 3073 erant,
592 3007 624 3058 et
643 2992 796 3079 supellex,
811 2993 930 3080 qnippe
974 2994 1038 3058 uod
1060 2994 1125 3061 hoc

13 3109 14 3146 ³
89 3077 202 3145 uuum.
220 3083 424 3166 inopinatum
449 3081 537 3167 pacis
558 3094 703 3166 tempore
723 3079 917 3166 contigisset.
993 3080 1126 3145 olebant

13 3213 15 3248 3
88 3167 177 3247 onim,
190 3168 217 3232 si
231 3189 329 3254 quem
348 3169 515 3255 cepissent,
530 3187 604 3233 enm
619 3167 679 3231 sibi
701 3187 822 3230 eorum.
836 3165 908 3230 loco
923 3187 1002 3242 esse,
1018 3167 1075 3252 qui
1091 3170 1123 3232 in

13 3281 17 3336 ᾗ,
88 3251 159 3318 urbe
176 3253 417 3332 detinebantur,
433 3254 459 3319 si
475 3254 530 3340 qui
554 3252 651 3318 modo
664 3253 728 3316 viui
749 3263 960 3336 superessent,
975 3273 1055 3338 quos
1076 3253 1124 3316 illi

13 3395 16 3422 ,,
87 3350 188 3422 coptos
200 3342 386 3407 retinerent.
430 3343 538 3426 Atque
559 3338 595 3404 hi
608 3338 737 3426 quidem
759 3335 832 3402 haec
852 3337 885 3402 in
902 3338 1009 3428 anino
1024 3337 1123 3403 habe·

13 3427 15 3504 l
88 3421 167 3492 baut
211 3427 599 3503 praesumeremus
623 3423 670 3490 illi
691 3423 1041 3502 adhucconsultarent,
1057 3447 1124 3490 sus·

13 3513 15 3582 ἶ
86 3509 176 3594 picati
190 3511 314 3600 aliquid
328 3512 513 3599 hujusmodi
527 3522 727 3587 eventumm,
743 3509 920 3596 solicitique
934 3509 977 3574 de
990 3509 1122 3591 civibus,

13 3623 15 3672 t
87 3596 222 3681 quiteria
232 3599 582 3676 erantcaduceatoretn
594 3595 816 3665 ndTltebaucs
824 3597 1124 3676 emisemnt‚dicen·

86 3691 136 3761 tet,
146 3706 199 3750 eos
208 3686 376 3772 nequepie
388 3684 498 3750 fecisse
512 3707 560 3761 es,
573 3705 647 3769 ques
655 3683 807 3758 fecerant,
820 3682 876 3770 qui
887 3693 990 3750 stante
1000 3682 1121 3750 foedere

13 3773 14 3850 l
88 3789 169 3836 snam
185 3772 301 3836 urbem
315 3771 589 3856 occupareconati
600 3782 720 3847 essent3
742 3769 881 3857 ipsisque
891 3783 1125 3856 praeceperunt,

13 3877 14 3920 4
89 3865 121 3920 ut
132 3857 173 3922 eb
186 3858 306 3944 injuria
319 3872 352 3924 et
365 3856 523 3924 maleficio
544 3877 662 3934 retum,
677 3877 751 3942 qua
771 3853 850 3920 foris
870 3867 971 3934 erant,
987 3857 1127 3922 abstine·

13 3921 15 3954 ¹
88 3956 164 4008 emt.
206 3944 264 4010 Ali
330 3945 342 4007 i
377 3943 536 4021 dicebant,
565 3941 644 4023 fore,
673 3954 710 4007 ut
742 3941 814 4027 ipsi.
832 3963 960 4028 quoque
994 3941 1124 4008 illorum

13 4025 15 4106 l
88 4027 197 4094 milites
210 4031 245 4095 in
320 4041 439 4111 cerent,
454 4051 535 4132 quos
549 4027 636 4094 vivos
650 4027 820 4093 haberent:
844 4027 900 4092 sed
914 4027 940 4092 si
955 4027 1001 4092 illi
1015 4051 1054 4094 ex
1066 4051 1125 4094 suo

172 4116 372 4194 recederent,
387 4115 447 4181 hos
467 4114 529 4180 illis
543 4113 723 4180 redderent.
768 4113 916 4178 Thebani
930 4125 1037 4179 antem
1053 4113 1125 4179 haec

13 4235 14 4272 ;
109 4213 204 4280 tcnnt,
232 4215 265 4270 et
287 4202 361 4270 illos
385 4202 456 4270 haec
480 4200 690 4289 jurejurando
714 4197 918 4266 confirmasse
942 4197 1124 4285 perhibent.

13 4297 14 4336 ³
91 4281 278 4358 Platnenses
292 4310 369 4358 vero
383 4303 512 4379 negant,
528 4311 562 4356 se
582 4287 739 4374 pollicitos
754 4285 952 4364 fuissesore,
969 4289 1132 4352 utstatim
