<?xml version="1.0" encoding="UTF-8"?>
<!DOCTYPE html PUBLIC "-//W3C//DTD XHTML 1.0 Transitional//EN"
    "http://www.w3.org/TR/xhtml1/DTD/xhtml1-transitional.dtd">
<html xmlns="http://www.w3.org/1999/xhtml" xml:lang="en" lang="en">
 <head>
  <title>
</title>
<meta http-equiv="Content-Type" content="text/html;charset=utf-8" />
  <meta name='ocr-system' content='tesseract 3.04.00' />
  <meta name='ocr-capabilities' content='ocr_page ocr_carea ocr_par ocr_line ocrx_word'/>
</head>
<body>
  <div class='ocr_page' id='page_1' title='image "./thucydidisdebel00wassgoog_0386.png"; bbox 0 0 2964 4786; ppageno 0'>
   <div class='ocr_carea' id='block_1_1' title="bbox 349 259 1028 337">
    <p class='ocr_par' dir='ltr' id='par_1_1' title="bbox 349 259 1028 337">
     <span class='ocr_line' id='line_1_1' title="bbox 349 259 1028 337; baseline 0 -9"><span class='ocrx_word' id='word_1_1' title='bbox 349 265 412 337; x_wconf 73' lang='lat'>³7⁸</span> <span class='ocrx_word' id='word_1_2' title='bbox 725 259 1028 328; x_wconf 86' lang='lat' dir='ltr'>THUCYDIDIS</span> 
     </span>
    </p>
   </div>
   <div class='ocr_carea' id='block_1_2' title="bbox 213 429 1385 3434">
    <p class='ocr_par' dir='ltr' id='par_1_2' title="bbox 213 429 1385 2518">
     <span class='ocr_line' id='line_1_2' title="bbox 247 429 1382 516; baseline 0.007 -26"><span class='ocrx_word' id='word_1_3' title='bbox 247 440 308 490; x_wconf 77' lang='lat' dir='ltr'>nen.</span> <span class='ocrx_word' id='word_1_4' title='bbox 387 439 443 498; x_wconf 81' lang='grc'>68.</span> <span class='ocrx_word' id='word_1_5' title='bbox 466 437 489 476; x_wconf 85' lang='grc'><strong>“</strong></span> <span class='ocrx_word' id='word_1_6' title='bbox 505 429 629 496; x_wconf 73' lang='lat' dir='ltr'>Loraa</span> <span class='ocrx_word' id='word_1_7' title='bbox 643 429 877 509; x_wconf 85' lang='lat' dir='ltr'>adhortatione,</span> <span class='ocrx_word' id='word_1_8' title='bbox 891 431 964 510; x_wconf 74' lang='lat' dir='ltr'>uiri,</span> <span class='ocrx_word' id='word_1_9' title='bbox 980 429 1058 516; x_wconf 91' lang='lat' dir='ltr'>quid</span> <span class='ocrx_word' id='word_1_10' title='bbox 1080 451 1161 516; x_wconf 87' lang='lat' dir='ltr'>apua</span> <span class='ocrx_word' id='word_1_11' title='bbox 1179 443 1227 498; x_wconf 85' lang='lat' dir='ltr'>est</span> <span class='ocrx_word' id='word_1_12' title='bbox 1247 451 1303 498; x_wconf 81' lang='lat' dir='ltr'>aas</span> <span class='ocrx_word' id='word_1_13' title='bbox 1324 433 1382 508; x_wconf 84' lang='lat' dir='ltr'>uti,</span> 
     </span>
     <span class='ocr_line' id='line_1_3' title="bbox 230 507 1385 618; baseline 0.002 -36"><span class='ocrx_word' id='word_1_14' title='bbox 230 507 322 618; x_wconf 47' lang='grc' dir='ltr'>Ἠ·</span> <span class='ocrx_word' id='word_1_15' title='bbox 343 519 398 605; x_wconf 90' lang='lat' dir='ltr'>qui</span> <span class='ocrx_word' id='word_1_16' title='bbox 414 517 453 582; x_wconf 90' lang='lat' dir='ltr'>ad</span> <span class='ocrx_word' id='word_1_17' title='bbox 470 515 553 582; x_wconf 87' lang='lat' dir='ltr'>idem</span> <span class='ocrx_word' id='word_1_18' title='bbox 568 531 730 582; x_wconf 83' lang='lat' dir='ltr'>certamen</span> <span class='ocrx_word' id='word_1_19' title='bbox 745 515 922 582; x_wconf 85' lang='lat' dir='ltr'>adsumus?</span> <span class='ocrx_word' id='word_1_20' title='bbox 967 516 1035 582; x_wconf 92' lang='lat' dir='ltr'>Hic</span> <span class='ocrx_word' id='word_1_21' title='bbox 1049 517 1134 581; x_wconf 88' lang='lat' dir='ltr'>enim</span> <span class='ocrx_word' id='word_1_22' title='bbox 1156 531 1331 602; x_wconf 85' lang='lat' dir='ltr'>apparatus</span> <span class='ocrx_word' id='word_1_23' title='bbox 1346 519 1385 584; x_wconf 84' lang='lat' dir='ltr'>ad</span> 
     </span>
     <span class='ocr_line' id='line_1_4' title="bbox 227 601 1382 754; baseline -0.002 -86"><span class='ocrx_word' id='word_1_24' title='bbox 227 633 326 746; x_wconf 55' lang='grc' dir='ltr'><strong><em>Ἣ</em></strong></span> <span class='ocrx_word' id='word_1_25' title='bbox 342 604 566 752; x_wconf 62' lang='grc' dir='ltr'>οοιιῦἀεηῑίἓηι</span> <span class='ocrx_word' id='word_1_26' title='bbox 586 601 905 751; x_wconf 54' lang='lat' dir='ltr'>vpbipnpraesbepdana</span> <span class='ocrx_word' id='word_1_27' title='bbox 921 603 1139 750; x_wconf 60' lang='lat' dir='ltr'>magisivalere</span> <span class='ocrx_word' id='word_1_28' title='bbox 1153 602 1382 754; x_wconf 48' lang='lat' dir='ltr'>pribigipletur,</span> 
     </span>
     <span class='ocr_line' id='line_1_5' title="bbox 239 709 1384 922; baseline 0.002 -84"><span class='ocrx_word' id='word_1_29' title='bbox 239 761 310 872; x_wconf 52' lang='lat'>3⁸2·</span> <span class='ocrx_word' id='word_1_30' title='bbox 341 711 441 840; x_wconf 52' lang='lat' dir='ltr'>iiddhlil.</span> <span class='ocrx_word' id='word_1_31' title='bbox 460 711 556 839; x_wconf 67' lang='lat' dir='ltr'>velitri</span> <span class='ocrx_word' id='word_1_32' title='bbox 576 709 662 838; x_wconf 44' lang='lat' dir='ltr'>{nibai</span> <span class='ocrx_word' id='word_1_33' title='bbox 685 710 801 838; x_wconf 56' lang='lat' dir='ltr'>siremrisc</span> <span class='ocrx_word' id='word_1_34' title='bbox 809 709 1384 922; x_wconf 37' lang='lat' dir='ltr'>prpppepopiapptrpwipppmpwpp</span> 
     </span>
     <span class='ocr_line' id='line_1_6' title="bbox 247 855 1380 946; baseline -0.001 -20"><span class='ocrx_word' id='word_1_35' title='bbox 247 855 312 938; x_wconf 50' lang='lat'>339:</span> <span class='ocrx_word' id='word_1_36' title='bbox 339 883 443 941; x_wconf 78' lang='lat' dir='ltr'>enses,</span> <span class='ocrx_word' id='word_1_37' title='bbox 457 873 490 926; x_wconf 93' lang='lat' dir='ltr'>et</span> <span class='ocrx_word' id='word_1_38' title='bbox 511 859 665 945; x_wconf 72' lang='lat' dir='ltr'><strong>praecipui</strong></span> <span class='ocrx_word' id='word_1_39' title='bbox 690 860 772 924; x_wconf 90' lang='lat' dir='ltr'>inter</span> <span class='ocrx_word' id='word_1_40' title='bbox 794 861 863 922; x_wconf 90' lang='lat' dir='ltr'>insu</span> <span class='ocrx_word' id='word_1_41' title='bbox 878 881 965 924; x_wconf 89' lang='lat' dir='ltr'>arum</span> <span class='ocrx_word' id='word_1_42' title='bbox 989 858 1120 937; x_wconf 83' lang='lat' dir='ltr'>incolas,</span> <span class='ocrx_word' id='word_1_43' title='bbox 1135 861 1301 946; x_wconf 88' lang='lat' dir='ltr'>quomodo</span> <span class='ocrx_word' id='word_1_44' title='bbox 1318 882 1380 925; x_wconf 90' lang='lat' dir='ltr'>non</span> 
     </span>
     <span class='ocr_line' id='line_1_7' title="bbox 339 945 1383 1046; baseline 0 -36"><span class='ocrx_word' id='word_1_45' title='bbox 339 958 466 1046; x_wconf 78' lang='lat' dir='ltr'>oportet</span> <span class='ocrx_word' id='word_1_46' title='bbox 491 945 665 1032; x_wconf 84' lang='lat' dir='ltr'><strong>quemlibet</strong></span> <span class='ocrx_word' id='word_1_47' title='bbox 688 967 760 1009; x_wconf 90' lang='lat' dir='ltr'>curn</span> <span class='ocrx_word' id='word_1_48' title='bbox 786 945 900 1009; x_wconf 89' lang='lat' dir='ltr'>talibus</span> <span class='ocrx_word' id='word_1_49' title='bbox 921 958 1031 1030; x_wconf 90' lang='lat' dir='ltr'>totque</span> <span class='ocrx_word' id='word_1_50' title='bbox 1052 946 1142 1010; x_wconf 87' lang='lat' dir='ltr'>sociis</span> <span class='ocrx_word' id='word_1_51' title='bbox 1166 968 1317 1033; x_wconf 82' lang='lat' dir='ltr'>magnam</span> <span class='ocrx_word' id='word_1_52' title='bbox 1344 946 1383 1012; x_wconf 91' lang='lat' dir='ltr'>de</span> 
     </span>
     <span class='ocr_line' id='line_1_8' title="bbox 338 1029 1381 1117; baseline 0.003 -23"><span class='ocrx_word' id='word_1_53' title='bbox 338 1033 470 1097; x_wconf 83' lang='lat' dir='ltr'>matoria</span> <span class='ocrx_word' id='word_1_54' title='bbox 494 1053 580 1116; x_wconf 83' lang='lat' dir='ltr'>apem</span> <span class='ocrx_word' id='word_1_55' title='bbox 605 1029 747 1096; x_wconf 82' lang='lat' dir='ltr'>habere?</span> <span class='ocrx_word' id='word_1_56' title='bbox 769 1030 946 1114; x_wconf 82' lang='lat' dir='ltr'>praesertim</span> <span class='ocrx_word' id='word_1_57' title='bbox 965 1031 1116 1096; x_wconf 85' lang='lat' dir='ltr'>adversus</span> <span class='ocrx_word' id='word_1_58' title='bbox 1141 1030 1298 1108; x_wconf 88' lang='lat' dir='ltr'>homines,</span> <span class='ocrx_word' id='word_1_59' title='bbox 1326 1034 1381 1117; x_wconf 91' lang='lat' dir='ltr'>qui</span> 
     </span>
     <span class='ocr_line' id='line_1_9' title="bbox 337 1115 1382 1202; baseline 0 -20"><span class='ocrx_word' id='word_1_60' title='bbox 337 1118 456 1202; x_wconf 80' lang='lat' dir='ltr'>capies,</span> <span class='ocrx_word' id='word_1_61' title='bbox 473 1139 513 1182; x_wconf 85' lang='lat' dir='ltr'>ex</span> <span class='ocrx_word' id='word_1_62' title='bbox 535 1119 623 1182; x_wconf 89' lang='lat' dir='ltr'>omni</span> <span class='ocrx_word' id='word_1_63' title='bbox 646 1117 743 1181; x_wconf 87' lang='lat' dir='ltr'>totins</span> <span class='ocrx_word' id='word_1_64' title='bbox 765 1116 876 1200; x_wconf 90' lang='lat' dir='ltr'>populi</span> <span class='ocrx_word' id='word_1_65' title='bbox 897 1115 1011 1182; x_wconf 81' lang='lat' dir='ltr'><strong>ordine</strong></span> <span class='ocrx_word' id='word_1_66' title='bbox 1033 1138 1071 1182; x_wconf 86' lang='lat' dir='ltr'>ac</span> <span class='ocrx_word' id='word_1_67' title='bbox 1092 1128 1186 1182; x_wconf 81' lang='lat' dir='ltr'>aetate</span> <span class='ocrx_word' id='word_1_68' title='bbox 1208 1117 1329 1201; x_wconf 88' lang='lat' dir='ltr'>raptim</span> <span class='ocrx_word' id='word_1_69' title='bbox 1351 1131 1382 1182; x_wconf 84' lang='lat' dir='ltr'>et</span> 
     </span>
     <span class='ocr_line' id='line_1_10' title="bbox 337 1201 1382 1288; baseline -0.002 -20"><span class='ocrx_word' id='word_1_70' title='bbox 337 1203 428 1268; x_wconf 88' lang='lat' dir='ltr'>nullo</span> <span class='ocrx_word' id='word_1_71' title='bbox 442 1201 692 1268; x_wconf 88' lang='lat' dir='ltr'>delectu·habit0</span> <span class='ocrx_word' id='word_1_72' title='bbox 709 1201 866 1278; x_wconf 85' lang='lat' dir='ltr'>collectas,</span> <span class='ocrx_word' id='word_1_73' title='bbox 884 1201 924 1267; x_wconf 91' lang='lat' dir='ltr'>ad</span> <span class='ocrx_word' id='word_1_74' title='bbox 948 1219 1090 1267; x_wconf 83' lang='lat' dir='ltr'>nostram</span> <span class='ocrx_word' id='word_1_75' title='bbox 1111 1203 1175 1266; x_wconf 83' lang='lat' dir='ltr'>vim</span> <span class='ocrx_word' id='word_1_76' title='bbox 1190 1203 1382 1288; x_wconf 87' lang='lat' dir='ltr'>propulsan-</span> 
     </span>
     <span class='ocr_line' id='line_1_11' title="bbox 337 1286 1383 1374; baseline 0.001 -21"><span class='ocrx_word' id='word_1_77' title='bbox 337 1289 412 1354; x_wconf 87' lang='lat' dir='ltr'>dum</span> <span class='ocrx_word' id='word_1_78' title='bbox 436 1288 573 1354; x_wconf 86' lang='lat' dir='ltr'>ducunt:</span> <span class='ocrx_word' id='word_1_79' title='bbox 598 1310 664 1351; x_wconf 91' lang='lat' dir='ltr'>non</span> <span class='ocrx_word' id='word_1_80' title='bbox 690 1300 796 1352; x_wconf 87' lang='lat' dir='ltr'>autem</span> <span class='ocrx_word' id='word_1_81' title='bbox 823 1291 967 1354; x_wconf 83' lang='lat' dir='ltr'>adversae</span> <span class='ocrx_word' id='word_1_82' title='bbox 990 1289 1073 1352; x_wconf 83' lang='lat' dir='ltr'>viros</span> <span class='ocrx_word' id='word_1_83' title='bbox 1097 1286 1247 1364; x_wconf 82' lang='lat' dir='ltr'>delectos,</span> <span class='ocrx_word' id='word_1_84' title='bbox 1274 1288 1383 1374; x_wconf 73' lang='lat' dir='ltr'>quales</span> 
     </span>
     <span class='ocr_line' id='line_1_12' title="bbox 213 1373 1382 1460; baseline -0.005 -16"><span class='ocrx_word' id='word_1_85' title='bbox 213 1435 217 1444; x_wconf 77' lang='grc'><strong>,</strong></span> <span class='ocrx_word' id='word_1_86' title='bbox 336 1397 395 1438; x_wconf 83' lang='lat' dir='ltr'>nos</span> <span class='ocrx_word' id='word_1_87' title='bbox 411 1395 530 1439; x_wconf 84' lang='lat' dir='ltr'>sumne.</span> <span class='ocrx_word' id='word_1_88' title='bbox 575 1373 736 1438; x_wconf 79' lang='lat' dir='ltr'>Praeterea</span> <span class='ocrx_word' id='word_1_89' title='bbox 751 1377 895 1438; x_wconf 76' lang='lat' dir='ltr'>aduersus</span> <span class='ocrx_word' id='word_1_90' title='bbox 911 1373 1235 1459; x_wconf 64' lang='lat' dir='ltr'>Siciliensemquinos</span> <span class='ocrx_word' id='word_1_91' title='bbox 1250 1373 1382 1460; x_wconf 88' lang='lat' dir='ltr'>quidem</span> 
     </span>
     <span class='ocr_line' id='line_1_13' title="bbox 337 1458 1381 1559; baseline 0 -35"><span class='ocrx_word' id='word_1_92' title='bbox 337 1472 557 1537; x_wconf 81' lang='lat' dir='ltr'>contemnunt,</span> <span class='ocrx_word' id='word_1_93' title='bbox 573 1459 628 1523; x_wconf 82' lang='lat' dir='ltr'>sed</span> <span class='ocrx_word' id='word_1_94' title='bbox 650 1471 756 1522; x_wconf 88' lang='lat' dir='ltr'>tamen</span> <span class='ocrx_word' id='word_1_95' title='bbox 780 1481 844 1522; x_wconf 90' lang='lat' dir='ltr'>non</span> <span class='ocrx_word' id='word_1_96' title='bbox 867 1458 1077 1535; x_wconf 85' lang='lat' dir='ltr'>sustinebunt,</span> <span class='ocrx_word' id='word_1_97' title='bbox 1092 1459 1179 1559; x_wconf 87' lang='lat' dir='ltr'>quod</span> <span class='ocrx_word' id='word_1_98' title='bbox 1194 1460 1269 1544; x_wconf 87' lang='lat' dir='ltr'>plus</span> <span class='ocrx_word' id='word_1_99' title='bbox 1282 1459 1381 1525; x_wconf 88' lang='lat' dir='ltr'>auda-</span> 
     </span>
     <span class='ocr_line' id='line_1_14' title="bbox 337 1542 1381 1632; baseline 0 -22"><span class='ocrx_word' id='word_1_100' title='bbox 337 1547 406 1622; x_wconf 82' lang='lat' dir='ltr'>ciae,</span> <span class='ocrx_word' id='word_1_101' title='bbox 423 1567 519 1632; x_wconf 87' lang='lat' dir='ltr'>quam</span> <span class='ocrx_word' id='word_1_102' title='bbox 534 1545 668 1630; x_wconf 78' lang='lat' dir='ltr'>peritiae,</span> <span class='ocrx_word' id='word_1_103' title='bbox 684 1544 832 1609; x_wconf 86' lang='lat' dir='ltr'>habeant.</span> <span class='ocrx_word' id='word_1_104' title='bbox 878 1542 966 1608; x_wconf 91' lang='lat' dir='ltr'>lllud</span> <span class='ocrx_word' id='word_1_105' title='bbox 987 1546 1082 1610; x_wconf 88' lang='lat' dir='ltr'>etiam</span> <span class='ocrx_word' id='word_1_106' title='bbox 1104 1565 1137 1608; x_wconf 89' lang='lat' dir='ltr'>m</span> <span class='ocrx_word' id='word_1_107' title='bbox 1154 1558 1296 1609; x_wconf 84' lang='lat' dir='ltr'><strong>mentem</strong></span> <span class='ocrx_word' id='word_1_108' title='bbox 1311 1549 1381 1610; x_wconf 91' lang='lat' dir='ltr'>uni·</span> 
     </span>
     <span class='ocr_line' id='line_1_15' title="bbox 336 1629 1381 1716; baseline 0.001 -22"><span class='ocrx_word' id='word_1_109' title='bbox 336 1631 453 1716; x_wconf 91' lang='lat' dir='ltr'>cuique</span> <span class='ocrx_word' id='word_1_110' title='bbox 468 1631 582 1707; x_wconf 82' lang='lat' dir='ltr'>veniat,</span> <span class='ocrx_word' id='word_1_111' title='bbox 600 1653 658 1694; x_wconf 85' lang='lat' dir='ltr'>nos</span> <span class='ocrx_word' id='word_1_112' title='bbox 674 1644 706 1694; x_wconf 91' lang='lat' dir='ltr'>et</span> <span class='ocrx_word' id='word_1_113' title='bbox 719 1629 830 1715; x_wconf 91' lang='lat' dir='ltr'>procul</span> <span class='ocrx_word' id='word_1_114' title='bbox 846 1653 865 1694; x_wconf 90' lang='lat' dir='ltr'>a</span> <span class='ocrx_word' id='word_1_115' title='bbox 881 1643 998 1694; x_wconf 85' lang='lat' dir='ltr'>noatrae</span> <span class='ocrx_word' id='word_1_116' title='bbox 1009 1629 1121 1716; x_wconf 85' lang='lat' dir='ltr'>patriae</span> <span class='ocrx_word' id='word_1_117' title='bbox 1133 1630 1251 1694; x_wconf 87' lang='lat' dir='ltr'>linibus</span> <span class='ocrx_word' id='word_1_118' title='bbox 1262 1631 1381 1710; x_wconf 70' lang='lat' dir='ltr'>aboese,</span> 
     </span>
     <span class='ocr_line' id='line_1_16' title="bbox 335 1715 1381 1803; baseline -0.001 -22"><span class='ocrx_word' id='word_1_119' title='bbox 335 1731 368 1781; x_wconf 90' lang='lat' dir='ltr'>et</span> <span class='ocrx_word' id='word_1_120' title='bbox 383 1717 415 1780; x_wconf 88' lang='lat' dir='ltr'>in</span> <span class='ocrx_word' id='word_1_121' title='bbox 429 1717 519 1782; x_wconf 90' lang='lat' dir='ltr'>nullo</span> <span class='ocrx_word' id='word_1_122' title='bbox 533 1717 638 1780; x_wconf 89' lang='lat' dir='ltr'>amica</span> <span class='ocrx_word' id='word_1_123' title='bbox 652 1717 732 1793; x_wconf 88' lang='lat' dir='ltr'>solo,</span> <span class='ocrx_word' id='word_1_124' title='bbox 749 1717 808 1780; x_wconf 82' lang='lat' dir='ltr'>nisi</span> <span class='ocrx_word' id='word_1_125' title='bbox 824 1715 911 1802; x_wconf 93' lang='lat' dir='ltr'>quod</span> <span class='ocrx_word' id='word_1_126' title='bbox 926 1739 978 1781; x_wconf 81' lang='lat' dir='ltr'>aas</span> <span class='ocrx_word' id='word_1_127' title='bbox 990 1716 1051 1802; x_wconf 90' lang='lat' dir='ltr'>ipsi</span> <span class='ocrx_word' id='word_1_128' title='bbox 1071 1716 1250 1803; x_wconf 82' lang='lat' dir='ltr'>pugnando</span> <span class='ocrx_word' id='word_1_129' title='bbox 1264 1717 1381 1802; x_wconf 81' lang='lat' dir='ltr'>quaeai-</span> 
     </span>
     <span class='ocr_line' id='line_1_17' title="bbox 334 1801 1380 1889; baseline 0 -21"><span class='ocrx_word' id='word_1_130' title='bbox 334 1802 433 1868; x_wconf 86' lang='lat' dir='ltr'>eritie.</span> <span class='ocrx_word' id='word_1_131' title='bbox 478 1806 588 1889; x_wconf 83' lang='lat' dir='ltr'><strong>Atque</strong></span> <span class='ocrx_word' id='word_1_132' title='bbox 603 1824 664 1888; x_wconf 76' lang='lat' dir='ltr'>ego</span> <span class='ocrx_word' id='word_1_133' title='bbox 687 1824 742 1866; x_wconf 85' lang='lat' dir='ltr'>vos</span> <span class='ocrx_word' id='word_1_134' title='bbox 764 1803 934 1883; x_wconf 81' lang='lat' dir='ltr'>admoneo,</span> <span class='ocrx_word' id='word_1_135' title='bbox 946 1811 955 1842; x_wconf 76' lang='lat'>²</span> <span class='ocrx_word' id='word_1_136' title='bbox 968 1813 1080 1866; x_wconf 86' lang='lat' dir='ltr'>contra</span> <span class='ocrx_word' id='word_1_137' title='bbox 1102 1823 1140 1866; x_wconf 90' lang='lat' dir='ltr'>ac</span> <span class='ocrx_word' id='word_1_138' title='bbox 1154 1801 1264 1867; x_wconf 87' lang='lat' dir='ltr'>hostes</span> <span class='ocrx_word' id='word_1_139' title='bbox 1281 1803 1380 1889; x_wconf 81' lang='lat' dir='ltr'>(quod</span> 
     </span>
     <span class='ocr_line' id='line_1_18' title="bbox 334 1886 1381 1974; baseline 0 -22"><span class='ocrx_word' id='word_1_140' title='bbox 334 1887 436 1971; x_wconf 85' lang='lat' dir='ltr'>probe</span> <span class='ocrx_word' id='word_1_141' title='bbox 451 1889 533 1970; x_wconf 77' lang='lat' dir='ltr'>scial</span> <span class='ocrx_word' id='word_1_142' title='bbox 547 1911 580 1953; x_wconf 88' lang='lat' dir='ltr'>se</span> <span class='ocrx_word' id='word_1_143' title='bbox 595 1888 679 1972; x_wconf 83' lang='lat' dir='ltr'>ipsos</span> <span class='ocrx_word' id='word_1_144' title='bbox 701 1887 922 1952; x_wconf 80' lang='lat' dir='ltr'>adhortantur.</span> <span class='ocrx_word' id='word_1_145' title='bbox 967 1886 1019 1951; x_wconf 90' lang='lat' dir='ltr'>Illi</span> <span class='ocrx_word' id='word_1_146' title='bbox 1041 1887 1125 1951; x_wconf 87' lang='lat' dir='ltr'>enim</span> <span class='ocrx_word' id='word_1_147' title='bbox 1146 1887 1233 1974; x_wconf 91' lang='lat' dir='ltr'>qnod</span> <span class='ocrx_word' id='word_1_148' title='bbox 1248 1909 1312 1973; x_wconf 91' lang='lat' dir='ltr'>pro</span> <span class='ocrx_word' id='word_1_149' title='bbox 1326 1911 1381 1974; x_wconf 88' lang='lat' dir='ltr'>pa·</span> 
     </span>
     <span class='ocr_line' id='line_1_19' title="bbox 335 1971 1379 2060; baseline 0 -21"><span class='ocrx_word' id='word_1_150' title='bbox 335 1974 397 2039; x_wconf 87' lang='lat' dir='ltr'>tria</span> <span class='ocrx_word' id='word_1_151' title='bbox 420 1989 579 2040; x_wconf 86' lang='lat' dir='ltr'>certamen</span> <span class='ocrx_word' id='word_1_152' title='bbox 603 1976 682 2056; x_wconf 80' lang='lat' dir='ltr'>ipris</span> <span class='ocrx_word' id='word_1_153' title='bbox 703 1974 743 2038; x_wconf 83' lang='lat' dir='ltr'>sit</span> <span class='ocrx_word' id='word_1_154' title='bbox 765 1971 924 2038; x_wconf 83' lang='lat' dir='ltr'>futurum:</span> <span class='ocrx_word' id='word_1_155' title='bbox 950 1986 983 2038; x_wconf 88' lang='lat' dir='ltr'>at</span> <span class='ocrx_word' id='word_1_156' title='bbox 1001 1993 1064 2060; x_wconf 82' lang='lat' dir='ltr'>ego</span> <span class='ocrx_word' id='word_1_157' title='bbox 1085 1993 1136 2038; x_wconf 79' lang='lat' dir='ltr'>eoa</span> <span class='ocrx_word' id='word_1_158' title='bbox 1150 1977 1301 2038; x_wconf 80' lang='lat' dir='ltr'>admoneo</span> <span class='ocrx_word' id='word_1_159' title='bbox 1315 1997 1379 2039; x_wconf 89' lang='lat' dir='ltr'>nau</span> 
     </span>
     <span class='ocr_line' id='line_1_20' title="bbox 334 2059 1378 2145; baseline 0 -21"><span class='ocrx_word' id='word_1_160' title='bbox 334 2059 368 2124; x_wconf 90' lang='lat' dir='ltr'>in</span> <span class='ocrx_word' id='word_1_161' title='bbox 392 2061 497 2145; x_wconf 88' lang='lat' dir='ltr'>patrio</span> <span class='ocrx_word' id='word_1_162' title='bbox 520 2059 609 2136; x_wconf 80' lang='lat' dir='ltr'>aol03</span> <span class='ocrx_word' id='word_1_163' title='bbox 633 2059 717 2125; x_wconf 89' lang='lat' dir='ltr'>unde</span> <span class='ocrx_word' id='word_1_164' title='bbox 735 2071 863 2144; x_wconf 85' lang='lat' dir='ltr'>oportet</span> <span class='ocrx_word' id='word_1_165' title='bbox 884 2080 937 2124; x_wconf 83' lang='lat' dir='ltr'>noa</span> <span class='ocrx_word' id='word_1_166' title='bbox 958 2059 1089 2124; x_wconf 82' lang='lat' dir='ltr'>victoria</span> <span class='ocrx_word' id='word_1_167' title='bbox 1108 2060 1227 2143; x_wconf 86' lang='lat' dir='ltr'>potitos</span> <span class='ocrx_word' id='word_1_168' title='bbox 1250 2061 1378 2136; x_wconf 83' lang='lat' dir='ltr'>reverti,</span> 
     </span>
     <span class='ocr_line' id='line_1_21' title="bbox 336 2143 1378 2232; baseline 0.001 -23"><span class='ocrx_word' id='word_1_169' title='bbox 336 2160 392 2210; x_wconf 88' lang='lat' dir='ltr'>aut</span> <span class='ocrx_word' id='word_1_170' title='bbox 406 2167 471 2210; x_wconf 91' lang='lat' dir='ltr'>non</span> <span class='ocrx_word' id='word_1_171' title='bbox 488 2146 581 2211; x_wconf 83' lang='lat' dir='ltr'>facile</span> <span class='ocrx_word' id='word_1_172' title='bbox 595 2147 710 2210; x_wconf 86' lang='lat' dir='ltr'>reverti</span> <span class='ocrx_word' id='word_1_173' title='bbox 724 2167 822 2229; x_wconf 80' lang='lat' dir='ltr'>porse.</span> <span class='ocrx_word' id='word_1_174' title='bbox 870 2143 953 2210; x_wconf 90' lang='lat' dir='ltr'>Nam</span> <span class='ocrx_word' id='word_1_175' title='bbox 975 2143 1126 2230; x_wconf 85' lang='lat' dir='ltr'>permulti</span> <span class='ocrx_word' id='word_1_176' title='bbox 1148 2146 1271 2232; x_wconf 81' lang='lat' dir='ltr'>equites</span> <span class='ocrx_word' id='word_1_177' title='bbox 1284 2146 1378 2211; x_wconf 80' lang='lat' dir='ltr'>nobis</span> 
     </span>
     <span class='ocr_line' id='line_1_22' title="bbox 334 2230 1378 2318; baseline 0.001 -23"><span class='ocrx_word' id='word_1_178' title='bbox 334 2231 510 2298; x_wconf 85' lang='lat' dir='ltr'>instabunt.</span> <span class='ocrx_word' id='word_1_179' title='bbox 556 2231 680 2295; x_wconf 79' lang='lat' dir='ltr'>Vestrae</span> <span class='ocrx_word' id='word_1_180' title='bbox 709 2231 805 2318; x_wconf 81' lang='lat' dir='ltr'>igitur</span> <span class='ocrx_word' id='word_1_181' title='bbox 835 2231 977 2316; x_wconf 86' lang='lat' dir='ltr'>ipsorum</span> <span class='ocrx_word' id='word_1_182' title='bbox 1011 2230 1175 2318; x_wconf 78' lang='lat' dir='ltr'>dignitatis</span> <span class='ocrx_word' id='word_1_183' title='bbox 1208 2253 1378 2309; x_wconf 84' lang='lat' dir='ltr'>memores,</span> 
     </span>
     <span class='ocr_line' id='line_1_23' title="bbox 331 2315 1378 2404; baseline 0.002 -24"><span class='ocrx_word' id='word_1_184' title='bbox 331 2315 437 2381; x_wconf 88' lang='lat' dir='ltr'>hostes</span> <span class='ocrx_word' id='word_1_185' title='bbox 453 2317 597 2382; x_wconf 73' lang='lat' dir='ltr'>alacriter</span> <span class='ocrx_word' id='word_1_186' title='bbox 612 2317 778 2394; x_wconf 83' lang='lat' dir='ltr'>invadetis,</span> <span class='ocrx_word' id='word_1_187' title='bbox 795 2329 826 2380; x_wconf 89' lang='lat' dir='ltr'>et</span> <span class='ocrx_word' id='word_1_188' title='bbox 841 2329 1030 2401; x_wconf 78' lang='lat' dir='ltr'>praesentem</span> <span class='ocrx_word' id='word_1_189' title='bbox 1045 2317 1265 2382; x_wconf 78' lang='lat' dir='ltr'>necessitatem</span> <span class='ocrx_word' id='word_1_190' title='bbox 1281 2333 1378 2404; x_wconf 88' lang='lat' dir='ltr'>atque</span> 
     </span>
     <span class='ocr_line' id='line_1_24' title="bbox 330 2401 1378 2518; baseline 0.004 -52"><span class='ocrx_word' id='word_1_191' title='bbox 330 2401 560 2518; x_wconf 65' lang='lat' dir='ltr'>distipultatem,</span> <span class='ocrx_word' id='word_1_192' title='bbox 583 2425 679 2489; x_wconf 87' lang='lat' dir='ltr'>quam</span> <span class='ocrx_word' id='word_1_193' title='bbox 704 2403 909 2482; x_wconf 87' lang='lat' dir='ltr'>adversarias,</span> <span class='ocrx_word' id='word_1_194' title='bbox 934 2402 1154 2468; x_wconf 86' lang='lat' dir='ltr'>terribiliorem</span> <span class='ocrx_word' id='word_1_195' title='bbox 1183 2425 1251 2468; x_wconf 85' lang='lat' dir='ltr'>esse</span> <span class='ocrx_word' id='word_1_196' title='bbox 1276 2403 1378 2470; x_wconf 85' lang='lat' dir='ltr'>duca·</span> 
     </span>
    </p>

    <p class='ocr_par' dir='ltr' id='par_1_3' title="bbox 334 2503 384 2555">
     <span class='ocr_line' id='line_1_25' title="bbox 334 2503 384 2555; baseline 0.02 -1"><span class='ocrx_word' id='word_1_197' title='bbox 334 2503 384 2555; x_wconf 86' lang='lat' dir='ltr'>tre.</span> 
     </span>
    </p>

    <p class='ocr_par' dir='ltr' id='par_1_4' title="bbox 323 2575 1381 3434">
     <span class='ocr_line' id='line_1_26' title="bbox 374 2575 1378 2660; baseline 0.001 -18"><span class='ocrx_word' id='word_1_198' title='bbox 374 2585 429 2642; x_wconf 89' lang='grc'>69.</span> <span class='ocrx_word' id='word_1_199' title='bbox 453 2575 563 2642; x_wconf 86' lang='lat' dir='ltr'>Nicias</span> <span class='ocrx_word' id='word_1_200' title='bbox 585 2587 690 2642; x_wconf 88' lang='lat' dir='ltr'>autem</span> <span class='ocrx_word' id='word_1_201' title='bbox 714 2575 831 2641; x_wconf 83' lang='lat' dir='ltr'>talibus</span> <span class='ocrx_word' id='word_1_202' title='bbox 857 2576 1053 2653; x_wconf 77' lang='lat' dir='ltr'>adhortatus,</span> <span class='ocrx_word' id='word_1_203' title='bbox 1076 2577 1184 2660; x_wconf 86' lang='lat' dir='ltr'>copias</span> <span class='ocrx_word' id='word_1_204' title='bbox 1204 2577 1378 2643; x_wconf 75' lang='lat' dir='ltr'>confestim</span> 
     </span>
     <span class='ocr_line' id='line_1_27' title="bbox 328 2661 1379 2764; baseline 0.001 -37"><span class='ocrx_word' id='word_1_205' title='bbox 328 2662 478 2727; x_wconf 80' lang='lat' dir='ltr'>adversam</span> <span class='ocrx_word' id='word_1_206' title='bbox 492 2664 608 2728; x_wconf 82' lang='lat' dir='ltr'>lrostem</span> <span class='ocrx_word' id='word_1_207' title='bbox 622 2661 726 2726; x_wconf 88' lang='lat' dir='ltr'>duxit.</span> <span class='ocrx_word' id='word_1_208' title='bbox 773 2664 962 2748; x_wconf 82' lang='lat' dir='ltr'>Syracusani</span> <span class='ocrx_word' id='word_1_209' title='bbox 979 2683 1054 2728; x_wconf 86' lang='lat' dir='ltr'>vero</span> <span class='ocrx_word' id='word_1_210' title='bbox 1069 2676 1146 2728; x_wconf 90' lang='lat' dir='ltr'>tunc</span> <span class='ocrx_word' id='word_1_211' title='bbox 1161 2661 1290 2764; x_wconf 80' lang='lat' dir='ltr'>quidem</span> <span class='ocrx_word' id='word_1_212' title='bbox 1307 2683 1379 2728; x_wconf 88' lang='lat' dir='ltr'>nou</span> 
     </span>
     <span class='ocr_line' id='line_1_28' title="bbox 328 2746 1338 2834; baseline 0 -22"><span class='ocrx_word' id='word_1_213' title='bbox 328 2749 566 2833; x_wconf 79' lang='lat' dir='ltr'>exspectabant,</span> <span class='ocrx_word' id='word_1_214' title='bbox 594 2747 653 2812; x_wconf 82' lang='lat' dir='ltr'>sibi</span> <span class='ocrx_word' id='word_1_215' title='bbox 674 2749 741 2832; x_wconf 87' lang='lat' dir='ltr'>jam</span> <span class='ocrx_word' id='word_1_216' title='bbox 766 2746 984 2814; x_wconf 87' lang='lat' dir='ltr'>dimicandum</span> <span class='ocrx_word' id='word_1_217' title='bbox 1007 2769 1089 2824; x_wconf 71' lang='lat' dir='ltr'>esser</span> <span class='ocrx_word' id='word_1_218' title='bbox 1120 2749 1298 2834; x_wconf 75' lang='lat' dir='ltr'>quinetiam</span> <span class='ocrx_word' id='word_1_219' title='bbox 1326 2751 1338 2812; x_wconf 90' lang='lat' dir='ltr'>i</span> 
     </span>
     <span class='ocr_line' id='line_1_29' title="bbox 327 2772 1379 2919; baseline 0.002 -22"><span class='ocrx_word' id='word_1_220' title='bbox 327 2856 436 2898; x_wconf 84' lang='lat' dir='ltr'>aarum</span> <span class='ocrx_word' id='word_1_221' title='bbox 451 2833 596 2899; x_wconf 90' lang='lat' dir='ltr'>nonnulli</span> <span class='ocrx_word' id='word_1_222' title='bbox 618 2834 651 2896; x_wconf 92' lang='lat' dir='ltr'>in</span> <span class='ocrx_word' id='word_1_223' title='bbox 667 2833 789 2911; x_wconf 85' lang='lat' dir='ltr'>urbem,</span> <span class='ocrx_word' id='word_1_224' title='bbox 810 2855 884 2919; x_wconf 86' lang='lat' dir='ltr'>quoe</span> <span class='ocrx_word' id='word_1_225' title='bbox 900 2834 1001 2897; x_wconf 87' lang='lat' dir='ltr'>vicina</span> <span class='ocrx_word' id='word_1_226' title='bbox 1016 2846 1094 2911; x_wconf 89' lang='lat' dir='ltr'>erat,</span> <span class='ocrx_word' id='word_1_227' title='bbox 1107 2835 1258 2901; x_wconf 75' lang='lat' dir='ltr'>abierant.</span> <span class='ocrx_word' id='word_1_228' title='bbox 1306 2772 1379 2899; x_wconf 75' lang='lat' dir='ltr'>Alii</span> 
     </span>
     <span class='ocr_line' id='line_1_30' title="bbox 326 2917 1379 3004; baseline 0.003 -21"><span class='ocrx_word' id='word_1_229' title='bbox 326 2940 403 2984; x_wconf 79' lang='lat' dir='ltr'>vero</span> <span class='ocrx_word' id='word_1_230' title='bbox 421 2919 637 2984; x_wconf 84' lang='lat' dir='ltr'>festinabundi</span> <span class='ocrx_word' id='word_1_231' title='bbox 658 2918 700 2983; x_wconf 96' lang='lat' dir='ltr'>ad</span> <span class='ocrx_word' id='word_1_232' title='bbox 722 2941 794 2984; x_wconf 87' lang='lat' dir='ltr'>suos</span> <span class='ocrx_word' id='word_1_233' title='bbox 808 2917 1004 3004; x_wconf 83' lang='lat' dir='ltr'>adjuvandos</span> <span class='ocrx_word' id='word_1_234' title='bbox 1025 2935 1234 2997; x_wconf 85' lang='lat' dir='ltr'>accurrentes,</span> <span class='ocrx_word' id='word_1_235' title='bbox 1250 2919 1379 2986; x_wconf 85' lang='lat' dir='ltr'>tardius</span> 
     </span>
     <span class='ocr_line' id='line_1_31' title="bbox 327 3003 1379 3092; baseline 0.003 -23"><span class='ocrx_word' id='word_1_236' title='bbox 327 3005 455 3091; x_wconf 87' lang='lat' dir='ltr'>quidem</span> <span class='ocrx_word' id='word_1_237' title='bbox 482 3003 727 3092; x_wconf 79' lang='lat' dir='ltr'>perveniebant3</span> <span class='ocrx_word' id='word_1_238' title='bbox 751 3019 959 3069; x_wconf 86' lang='lat' dir='ltr'>veruntamen</span> <span class='ocrx_word' id='word_1_239' title='bbox 982 3019 1019 3068; x_wconf 93' lang='lat' dir='ltr'>ut</span> <span class='ocrx_word' id='word_1_240' title='bbox 1041 3005 1157 3092; x_wconf 80' lang='lat' dir='ltr'>singuli</span> <span class='ocrx_word' id='word_1_241' title='bbox 1178 3003 1220 3070; x_wconf 87' lang='lat' dir='ltr'>ad</span> <span class='ocrx_word' id='word_1_242' title='bbox 1244 3004 1286 3069; x_wconf 90' lang='lat' dir='ltr'>ali</span> <span class='ocrx_word' id='word_1_243' title='bbox 1316 3029 1379 3072; x_wconf 84' lang='lat' dir='ltr'>uos</span> 
     </span>
     <span class='ocr_line' id='line_1_32' title="bbox 325 3029 1380 3167; baseline 0.002 -11"><span class='ocrx_word' id='word_1_244' title='bbox 325 3093 482 3158; x_wconf 85' lang='lat' dir='ltr'>exercitus</span> <span class='ocrx_word' id='word_1_245' title='bbox 498 3091 626 3156; x_wconf 84' lang='lat' dir='ltr'>ordinae</span> <span class='ocrx_word' id='word_1_246' title='bbox 641 3091 844 3167; x_wconf 88' lang='lat' dir='ltr'>accedebant,</span> <span class='ocrx_word' id='word_1_247' title='bbox 855 3092 887 3154; x_wconf 90' lang='lat' dir='ltr'>in</span> <span class='ocrx_word' id='word_1_248' title='bbox 901 3091 938 3154; x_wconf 88' lang='lat' dir='ltr'>iie</span> <span class='ocrx_word' id='word_1_249' title='bbox 953 3090 1236 3156; x_wconf 83' lang='lat' dir='ltr'>aaseeolloeahaut.</span> <span class='ocrx_word' id='word_1_250' title='bbox 1282 3029 1380 3158; x_wconf 50' lang='lat' dir='ltr'>§aaa</span> 
     </span>
     <span class='ocr_line' id='line_1_33' title="bbox 325 3175 1380 3262; baseline 0 -20"><span class='ocrx_word' id='word_1_251' title='bbox 325 3199 385 3252; x_wconf 84' lang='lat' dir='ltr'>nec</span> <span class='ocrx_word' id='word_1_252' title='bbox 399 3179 432 3243; x_wconf 90' lang='lat' dir='ltr'>in</span> <span class='ocrx_word' id='word_1_253' title='bbox 449 3179 510 3242; x_wconf 82' lang='lat' dir='ltr'>isto</span> <span class='ocrx_word' id='word_1_254' title='bbox 525 3176 651 3262; x_wconf 78' lang='lat' dir='ltr'>proelio,</span> <span class='ocrx_word' id='word_1_255' title='bbox 667 3197 727 3240; x_wconf 89' lang='lat' dir='ltr'>nec</span> <span class='ocrx_word' id='word_1_256' title='bbox 741 3177 776 3240; x_wconf 90' lang='lat' dir='ltr'>in</span> <span class='ocrx_word' id='word_1_257' title='bbox 791 3176 870 3252; x_wconf 84' lang='lat' dir='ltr'>aliis,</span> <span class='ocrx_word' id='word_1_258' title='bbox 886 3189 942 3242; x_wconf 88' lang='lat' dir='ltr'>aut</span> <span class='ocrx_word' id='word_1_259' title='bbox 964 3175 1138 3254; x_wconf 84' lang='lat' dir='ltr'>alacritate,</span> <span class='ocrx_word' id='word_1_260' title='bbox 1155 3189 1209 3240; x_wconf 90' lang='lat' dir='ltr'>aut</span> <span class='ocrx_word' id='word_1_261' title='bbox 1223 3175 1380 3259; x_wconf 80' lang='lat' dir='ltr'>audacia,</span> 
     </span>
     <span class='ocr_line' id='line_1_34' title="bbox 324 3260 1379 3349; baseline 0.004 -23"><span class='ocrx_word' id='word_1_262' title='bbox 324 3264 460 3330; x_wconf 66' lang='lat' dir='ltr'>hostilem</span> <span class='ocrx_word' id='word_1_263' title='bbox 474 3262 639 3328; x_wconf 82' lang='lat' dir='ltr'>inferiores</span> <span class='ocrx_word' id='word_1_264' title='bbox 654 3260 793 3326; x_wconf 84' lang='lat' dir='ltr'>fuerunt.</span> <span class='ocrx_word' id='word_1_265' title='bbox 841 3261 903 3328; x_wconf 86' lang='lat' dir='ltr'>Sed</span> <span class='ocrx_word' id='word_1_266' title='bbox 927 3264 1043 3328; x_wconf 85' lang='lat' dir='ltr'>virtute</span> <span class='ocrx_word' id='word_1_267' title='bbox 1066 3262 1194 3349; x_wconf 89' lang='lat' dir='ltr'>quidem</span> <span class='ocrx_word' id='word_1_268' title='bbox 1216 3263 1281 3326; x_wconf 83' lang='lat' dir='ltr'>illis</span> <span class='ocrx_word' id='word_1_269' title='bbox 1304 3285 1379 3330; x_wconf 88' lang='lat' dir='ltr'>nou</span> 
     </span>
     <span class='ocr_line' id='line_1_35' title="bbox 323 3347 1381 3434; baseline 0.004 -22"><span class='ocrx_word' id='word_1_270' title='bbox 323 3347 453 3416; x_wconf 78' lang='lat' dir='ltr'>luerunt</span> <span class='ocrx_word' id='word_1_271' title='bbox 468 3349 644 3426; x_wconf 84' lang='lat' dir='ltr'>inferiores,</span> <span class='ocrx_word' id='word_1_272' title='bbox 660 3361 816 3434; x_wconf 84' lang='lat' dir='ltr'>quatenus</span> <span class='ocrx_word' id='word_1_273' title='bbox 834 3351 882 3412; x_wconf 84' lang='lat' dir='ltr'>rei</span> <span class='ocrx_word' id='word_1_274' title='bbox 900 3349 1047 3413; x_wconf 81' lang='lat' dir='ltr'>militaria</span> <span class='ocrx_word' id='word_1_275' title='bbox 1067 3347 1198 3412; x_wconf 85' lang='lat' dir='ltr'>scientia</span> <span class='ocrx_word' id='word_1_276' title='bbox 1218 3365 1381 3432; x_wconf 75' lang='lat' dir='ltr'>suppete-</span> 
     </span>
    </p>
   </div>
   <div class='ocr_carea' id='block_1_3' title="bbox 324 3433 1380 3585">
    <p class='ocr_par' dir='ltr' id='par_1_5' title="bbox 324 3433 1380 3585">
     <span class='ocr_line' id='line_1_36' title="bbox 324 3433 1380 3585; baseline 0.004 -85"><span class='ocrx_word' id='word_1_277' title='bbox 324 3435 389 3502; x_wconf 88' lang='lat' dir='ltr'>bat.</span> <span class='ocrx_word' id='word_1_278' title='bbox 436 3435 515 3585; x_wconf 46' lang='lat' dir='ltr'>El?</span> <span class='ocrx_word' id='word_1_279' title='bbox 538 3458 613 3500; x_wconf 90' lang='lat' dir='ltr'>vera</span> <span class='ocrx_word' id='word_1_280' title='bbox 635 3433 771 3511; x_wconf 84' lang='lat' dir='ltr'>delectu,</span> <span class='ocrx_word' id='word_1_281' title='bbox 788 3433 982 3500; x_wconf 85' lang='lat' dir='ltr'>alacritatem</span> <span class='ocrx_word' id='word_1_282' title='bbox 1007 3435 1102 3499; x_wconf 88' lang='lat' dir='ltr'>etiam</span> <span class='ocrx_word' id='word_1_283' title='bbox 1127 3433 1219 3497; x_wconf 89' lang='lat' dir='ltr'>inviti</span> <span class='ocrx_word' id='word_1_284' title='bbox 1242 3436 1380 3504; x_wconf 82' lang='lat' dir='ltr'>amitte·</span> 
     </span>
    </p>
   </div>
   <div class='ocr_carea' id='block_1_4' title="bbox 322 3519 1382 4106">
    <p class='ocr_par' dir='ltr' id='par_1_6' title="bbox 322 3519 1382 4106">
     <span class='ocr_line' id='line_1_37' title="bbox 326 3519 1382 3606; baseline 0.004 -20"><span class='ocrx_word' id='word_1_285' title='bbox 326 3523 412 3588; x_wconf 89' lang='lat' dir='ltr'>bant.</span> <span class='ocrx_word' id='word_1_286' title='bbox 490 3534 688 3600; x_wconf 87' lang='lat' dir='ltr'>ernntamen,</span> <span class='ocrx_word' id='word_1_287' title='bbox 714 3520 802 3606; x_wconf 90' lang='lat' dir='ltr'>quod</span> <span class='ocrx_word' id='word_1_288' title='bbox 827 3541 893 3584; x_wconf 89' lang='lat' dir='ltr'>non</span> <span class='ocrx_word' id='word_1_289' title='bbox 923 3519 1130 3603; x_wconf 88' lang='lat' dir='ltr'>opinarentur</span> <span class='ocrx_word' id='word_1_290' title='bbox 1157 3519 1382 3590; x_wconf 84' lang='lat' dir='ltr'>Athenienses</span> 
     </span>
     <span class='ocr_line' id='line_1_38' title="bbox 323 3603 1380 3691; baseline 0.002 -19"><span class='ocrx_word' id='word_1_291' title='bbox 323 3608 447 3691; x_wconf 82' lang='lat' dir='ltr'>priores</span> <span class='ocrx_word' id='word_1_292' title='bbox 468 3621 582 3674; x_wconf 85' lang='lat' dir='ltr'>contra</span> <span class='ocrx_word' id='word_1_293' title='bbox 604 3629 637 3670; x_wconf 83' lang='lat' dir='ltr'>ee</span> <span class='ocrx_word' id='word_1_294' title='bbox 658 3620 817 3684; x_wconf 85' lang='lat' dir='ltr'>venturas,</span> <span class='ocrx_word' id='word_1_295' title='bbox 841 3603 991 3691; x_wconf 90' lang='lat' dir='ltr'>quodque</span> <span class='ocrx_word' id='word_1_296' title='bbox 1010 3605 1154 3672; x_wconf 90' lang='lat' dir='ltr'>celeriter</span> <span class='ocrx_word' id='word_1_297' title='bbox 1179 3609 1380 3690; x_wconf 81' lang='lat' dir='ltr'>propulsare</span> 
     </span>
     <span class='ocr_line' id='line_1_39' title="bbox 323 3690 1381 3779; baseline 0.002 -21"><span class='ocrx_word' id='word_1_298' title='bbox 323 3707 526 3779; x_wconf 81' lang='lat' dir='ltr'>cogerentur,</span> <span class='ocrx_word' id='word_1_299' title='bbox 550 3695 662 3758; x_wconf 81' lang='lat' dir='ltr'>sumtis</span> <span class='ocrx_word' id='word_1_300' title='bbox 682 3692 789 3772; x_wconf 84' lang='lat' dir='ltr'>armis,</span> <span class='ocrx_word' id='word_1_301' title='bbox 807 3690 974 3756; x_wconf 82' lang='lat' dir='ltr'>confestim</span> <span class='ocrx_word' id='word_1_302' title='bbox 997 3690 1124 3756; x_wconf 86' lang='lat' dir='ltr'>obviam</span> <span class='ocrx_word' id='word_1_303' title='bbox 1151 3695 1214 3774; x_wconf 84' lang='lat' dir='ltr'>ipei</span> <span class='ocrx_word' id='word_1_304' title='bbox 1239 3695 1381 3775; x_wconf 86' lang='lat' dir='ltr'>prodie-</span> 
     </span>
     <span class='ocr_line' id='line_1_40' title="bbox 323 3776 1380 3866; baseline 0.003 -25"><span class='ocrx_word' id='word_1_305' title='bbox 323 3793 410 3844; x_wconf 90' lang='lat' dir='ltr'>runt.</span> <span class='ocrx_word' id='word_1_306' title='bbox 456 3781 506 3844; x_wconf 85' lang='lat' dir='ltr'>Ac</span> <span class='ocrx_word' id='word_1_307' title='bbox 520 3779 659 3864; x_wconf 88' lang='lat' dir='ltr'>primurn</span> <span class='ocrx_word' id='word_1_308' title='bbox 676 3777 804 3862; x_wconf 89' lang='lat' dir='ltr'>quidem</span> <span class='ocrx_word' id='word_1_309' title='bbox 822 3776 923 3842; x_wconf 85' lang='lat' dir='ltr'>utrius</span> <span class='ocrx_word' id='word_1_310' title='bbox 949 3800 988 3842; x_wconf 95' lang='lat' dir='ltr'>ue</span> <span class='ocrx_word' id='word_1_311' title='bbox 1002 3776 1160 3842; x_wconf 83' lang='lat' dir='ltr'>exercitus</span> <span class='ocrx_word' id='word_1_312' title='bbox 1173 3777 1298 3856; x_wconf 83' lang='lat' dir='ltr'>velites,</span> <span class='ocrx_word' id='word_1_313' title='bbox 1317 3782 1380 3866; x_wconf 89' lang='lat' dir='ltr'>qui</span> 
     </span>
     <span class='ocr_line' id='line_1_41' title="bbox 323 3799 1382 3951; baseline 0.004 -23"><span class='ocrx_word' id='word_1_314' title='bbox 323 3863 445 3948; x_wconf 87' lang='lat' dir='ltr'>lapidee</span> <span class='ocrx_word' id='word_1_315' title='bbox 461 3887 556 3929; x_wconf 85' lang='lat' dir='ltr'>manu</span> <span class='ocrx_word' id='word_1_316' title='bbox 566 3863 801 3951; x_wconf 84' lang='lat' dir='ltr'>jaculabantur,</span> <span class='ocrx_word' id='word_1_317' title='bbox 818 3875 850 3928; x_wconf 90' lang='lat' dir='ltr'>et</span> <span class='ocrx_word' id='word_1_318' title='bbox 864 3799 1050 3940; x_wconf 81' lang='lat' dir='ltr'>funditores,</span> <span class='ocrx_word' id='word_1_319' title='bbox 1066 3876 1099 3928; x_wconf 91' lang='lat' dir='ltr'>et</span> <span class='ocrx_word' id='word_1_320' title='bbox 1121 3863 1277 3950; x_wconf 76' lang='lat' dir='ltr'>sagittarii</span> <span class='ocrx_word' id='word_1_321' title='bbox 1295 3881 1382 3932; x_wconf 81' lang='lat' dir='ltr'>ante</span> 
     </span>
     <span class='ocr_line' id='line_1_42' title="bbox 324 3949 1380 4038; baseline 0.001 -23"><span class='ocrx_word' id='word_1_322' title='bbox 324 3951 528 4038; x_wconf 80' lang='lat' dir='ltr'>pugnabant:</span> <span class='ocrx_word' id='word_1_323' title='bbox 552 3963 583 4016; x_wconf 89' lang='lat' dir='ltr'>et</span> <span class='ocrx_word' id='word_1_324' title='bbox 592 3950 646 4015; x_wconf 87' lang='lat' dir='ltr'>alii</span> <span class='ocrx_word' id='word_1_325' title='bbox 655 3950 732 4016; x_wconf 85' lang='lat' dir='ltr'>alios</span> <span class='ocrx_word' id='word_1_326' title='bbox 744 3949 777 4015; x_wconf 89' lang='lat' dir='ltr'>iu</span> <span class='ocrx_word' id='word_1_327' title='bbox 788 3950 896 4037; x_wconf 82' lang='lat' dir='ltr'>lugam</span> <span class='ocrx_word' id='word_1_328' title='bbox 908 3949 1044 4014; x_wconf 84' lang='lat' dir='ltr'>vicissim</span> <span class='ocrx_word' id='word_1_329' title='bbox 1056 3950 1230 4029; x_wconf 86' lang='lat' dir='ltr'>vertebant,</span> <span class='ocrx_word' id='word_1_330' title='bbox 1238 3962 1276 4014; x_wconf 91' lang='lat' dir='ltr'>ut</span> <span class='ocrx_word' id='word_1_331' title='bbox 1287 3953 1380 4018; x_wconf 81' lang='lat' dir='ltr'>reri-</span> 
     </span>
     <span class='ocr_line' id='line_1_43' title="bbox 322 4035 1382 4106; baseline 0.006 -6"><span class='ocrx_word' id='word_1_332' title='bbox 322 4036 423 4102; x_wconf 83' lang='lat' dir='ltr'>simile</span> <span class='ocrx_word' id='word_1_333' title='bbox 445 4048 492 4104; x_wconf 91' lang='lat' dir='ltr'>est</span> <span class='ocrx_word' id='word_1_334' title='bbox 508 4037 575 4101; x_wconf 88' lang='lat' dir='ltr'>lieri</span> <span class='ocrx_word' id='word_1_335' title='bbox 591 4036 674 4102; x_wconf 89' lang='lat' dir='ltr'>inter</span> <span class='ocrx_word' id='word_1_336' title='bbox 687 4035 765 4101; x_wconf 85' lang='lat' dir='ltr'>levis</span> <span class='ocrx_word' id='word_1_337' title='bbox 785 4047 955 4102; x_wconf 81' lang='lat' dir='ltr'>armaturae</span> <span class='ocrx_word' id='word_1_338' title='bbox 977 4035 1101 4100; x_wconf 86' lang='lat' dir='ltr'>milites.</span> <span class='ocrx_word' id='word_1_339' title='bbox 1149 4035 1275 4102; x_wconf 87' lang='lat' dir='ltr'>Deinde</span> <span class='ocrx_word' id='word_1_340' title='bbox 1293 4062 1382 4106; x_wconf 83' lang='lat' dir='ltr'>vero</span> 
     </span>
    </p>
   </div>
   <div class='ocr_carea' id='block_1_5' title="bbox 618 4247 1061 4298">
    <p class='ocr_par' dir='ltr' id='par_1_7' title="bbox 618 4247 1061 4298">
     <span class='ocr_line' id='line_1_44' title="bbox 618 4247 1061 4298; baseline 0.002 -3"><span class='ocrx_word' id='word_1_341' title='bbox 618 4247 626 4281; x_wconf 68' lang='lat'><strong>²</strong></span> <span class='ocrx_word' id='word_1_342' title='bbox 645 4251 699 4296; x_wconf 77' lang='lat' dir='ltr'>arra</span> <span class='ocrx_word' id='word_1_343' title='bbox 712 4251 750 4296; x_wconf 87' lang='lat' dir='ltr'>viu</span> <span class='ocrx_word' id='word_1_344' title='bbox 762 4265 789 4296; x_wconf 85' lang='lat' dir='ltr'>ac</span> <span class='ocrx_word' id='word_1_345' title='bbox 801 4251 942 4298; x_wconf 79' lang='lat' dir='ltr'>toateeetc.</span> <span class='ocrx_word' id='word_1_346' title='bbox 977 4250 1061 4298; x_wconf 68' lang='lat' dir='ltr'>Hune</span> 
     </span>
    </p>
   </div>
   <div class='ocr_carea' id='block_1_6' title="bbox 0 0 1486 4786">
    <p class='ocr_par' dir='ltr' id='par_1_8' title="bbox 0 0 1486 4786">
     <span class='ocr_line' id='line_1_45' title="bbox 0 0 1486 4786; baseline 0 2"><span class='ocrx_word' id='word_1_347' title='bbox 0 0 1486 4786; x_wconf 95' lang='lat' dir='ltr'> </span> 
     </span>
    </p>
   </div>
  </div>
 </body>
</html>
