2982 4786
378 245 628 314 HISTORIAE
650 247 740 315 LIB.
764 247 823 314 tv.
1053 249 1114 320 en

83 426 216 503 spectat.
263 415 377 504 Neque
400 416 607 506 Megarenses
634 441 808 506 eorumque
833 419 909 486 socii
931 419 1015 486 hanc
1035 373 1117 487 iriam
1152 436 1214 484 nor.

83 500 253 581 transeant,
268 517 320 568 ‘et
336 505 480 582 insulam,
492 528 587 591 qnam
599 505 811 571 Athenienses
826 519 989 592 ceperunt,
999 507 1120 573 nentri·
1142 502 1224 610 9²¹⁰&

82 613 144 740 qqe
159 612 234 655 eum
249 589 355 656 alteris
367 591 452 656 ultro
461 592 604 676 citroque
616 593 840 658 commercium
852 593 1005 658 habeant:
1022 616 1121 742 eaque
1135 580 1233 690 0531„ss

122 698 284 762 egarertses
308 677 477 754 retineant,
494 700 692 764 quaecunque
716 680 749 742 in
772 678 928 745 Troezene
956 701 1042 746 nunc
1087 703 1120 744 a·
1145 693 1184 745 ut·
1196 689 1218 751 l·

83 761 170 838 bent,
186 776 218 826 et
244 761 284 827 de
306 763 547 849 quibuscunque
561 763 644 828 inter
667 766 751 849 ipsos
772 778 803 828 et
819 763 1029 830 Athenienses
1044 787 1121 830 con·
1150 755 1218 807 uc.

83 849 179 912 venit.
205 853 321 934 ‘utque
332 849 412 914 mari
428 862 559 914 utantur
574 871 647 914 cum
662 871 719 935 per
735 872 843 914 omnes
857 851 927 938 agri
942 852 991 916 sui
1005 864 1121 936 partes,
1146 825 1221 943 ζξῗ

84 947 151 998 tum
167 957 226 1020 per
242 957 306 1016 eos,
322 957 395 1020 qum
416 937 456 999 ad
484 935 625 1018 ipsorum
650 936 751 999 socios
775 936 944 1020 pertinent.
990 938 1072 1001 Item
1087 950 1124 1002 ut

84 1019 321 1084 Lacedaemonii
347 1040 521 1106 eorumque
546 1021 621 1086 socii
646 1021 798 1108 navigent
820 1022 894 1086 naui
919 1044 984 1086 non
1006 1021 1122 1110 longa:

83 1105 137 1170 sed
161 1105 225 1170 ulio
246 1107 386 1193 navigio,
403 1107 488 1193 quod
513 1106 607 1172 remis
629 1120 753 1194 agatur,
769 1107 854 1172 etad
876 1108 1124 1196 quingentorum

83 1191 276 1256 talentorum
287 1192 413 1278 pondus
429 1191 533 1256 vehat.
579 1192 660 1256 ltem
680 1206 713 1257 ut
727 1193 941 1269 caduceatort
955 1207 987 1257 et
1001 1194 1123 1278 legatia,

84 1297 262 1364 eorumque
277 1277 455 1354 comitibus,
472 1292 675 1364 quotcunque
696 1280 772 1360 ipsit
792 1277 948 1365 placuerit
963 1277 1038 1342 belli
1053 1279 1125 1342 fini-

83 1363 161 1429 endi
175 1376 208 1428 et
221 1365 504 1428 controversiarum
517 1385 620 1441 causa,
636 1365 668 1426 in
682 1363 938 1450 Peloponnesum
953 1377 1009 1429 ant
1024 1364 1124 1430 Athe·

83 1471 142 1514 nas
166 1449 314 1514 euntibus
337 1471 375 1513 ac
400 1449 614 1526 redeuntibus,
635 1461 718 1514 terro
739 1453 880 1537 marique
902 1449 1026 1516 foedera
1051 1453 1125 1515 sint.

85 1535 214 1600 Interea
224 1557 300 1600 vero
315 1537 420 1600 neutri
430 1534 617 1622 transfugas,
634 1548 689 1600 aut
704 1536 851 1617 liberum,
866 1549 921 1602 aut
936 1558 1059 1602 servum
1076 1559 1125 1600 re·

84 1622 218 1707 cipiunt.
264 1621 344 1686 Item
361 1634 442 1686 utet
456 1621 578 1685 avobis
599 1621 684 1706 apud
706 1643 765 1685 nos
780 1633 812 1686 et
825 1645 845 1686 a
858 1622 950 1688 nobis
970 1622 1054 1708 apud
1070 1646 1126 1688 vos

85 1730 184 1772 cauea
196 1706 321 1771 dicatur
332 1729 372 1771 ex
389 1707 500 1791 patriis
511 1708 672 1784 institutis,
685 1719 720 1770 ut
731 1708 954 1772 controversiae
964 1709 1048 1793 jure,
1059 1709 1126 1772 siue

84 1793 174 1858 bello
185 1791 387 1858 dirimantur.
432 1793 539 1878 Atque
551 1793 802 1858 Lacedaemoniis
814 1794 941 1879 quidem
952 1815 1126 1880 eorumque

85 1880 181 1945 metis
195 1877 266 1943 haec
285 1877 423 1964 placent.
468 1878 566 1956 Quod
589 1877 615 1942 si
637 1879 712 1963 quid
728 1893 782 1942 eut
795 1877 968 1955 honestius,
984 1892 1039 1942 aut
1057 1880 1122 1964 jus·

86 1967 151 2032 tius
167 1965 217 2028 his
231 1987 298 2028 csse
313 1964 402 2028 vobis
418 1965 552 2041 videtur,
569 1962 832 2030 Lacedaemonem
856 1963 987 2049 profecti
1003 1965 1124 2028 docete.

86 2049 168 2115 nihil
184 2051 268 2114 enim
284 2073 406 2128 eorum,
418 2073 492 2136 quoe
501 2052 590 2138 justa
603 2072 672 2114 esse
684 2049 946 2127 demonstrantis,
957 2063 1013 2114 aut
1023 2049 1125 2114 Lace-
1167 2123 1171 2130 .

85 2137 255 2217 daemonii,
269 2149 325 2201 aut
339 2159 448 2201 eorum
461 2137 538 2200 socii
552 2136 752 2202 recusabunt.
798 2135 866 2213 Qui
880 2149 984 2201 autem
1000 2157 1035 2199 eo
1048 2157 1124 2220 pro-

86 2223 281 2297 ficiscentur,
297 2222 540 2307 proficiscantur
561 2244 634 2286 cum
660 2223 799 2287 abrelicto
823 2224 873 2286 rei
893 2221 1050 2286 arbitratu
1070 2243 1124 2286 stro

86 2311 300 2394 transigendae
328 2310 508 2386 autoritate,
535 2307 803 2394 quemadmodum
825 2330 881 2372 ros
909 2329 1037 2393 quoque
1066 2328 1124 2371 nos

81 2393 193 2477 facere
213 2395 344 2479 jubetis.
389 2395 473 2460 Haec
492 2406 598 2459 autem
619 2393 743 2458 foedera
756 2394 796 2458 ad
813 2415 932 2460 annum
953 2393 1127 2458 durabunt.

87 2484 137 2547 ita
153 2480 275 2565 placuit
286 2479 417 2567 populo.
455 2481 625 2546 Senatores
635 2479 849 2545 Acamantidis
857 2479 1000 2545 tribueP
1039 2493 1127 2542 tanes

87 2578 193 2644 erant,
209 2565 345 2652 Phoenip
369 2589 405 2631 us
419 2567 523 2631 scriba
537 2580 615 2644 erat,
632 2565 781 2630 Nisiades
796 2565 967 2651 Epistates.
1034 2563 1128 2629 acher

87 2652 320 2755 pronuntiarit,
332 2589 429 2728 (duod
442 2652 517 2717 felix
531 2651 730 2737 faustumque
741 2652 782 2716 sit
792 2651 980 2716 Atheniensi
997 2648 1127 2734 populo,

87 2739 238 2804 inducias
253 2739 332 2817 lieri,
347 2753 444 2823 prout
456 2739 704 2811 Lacedaemonii,
720 2759 895 2822 eorumque
909 2736 985 2801 socii
996 2757 1129 2800 consen-

88 2825 188 2891 tiunt.
235 2823 278 2888 Et
292 2828 491 2910 magistratio
505 2824 649 2889 inducias
663 2845 784 2888 annuas
798 2845 864 2888 esse
885 2844 992 2888 coram
1007 2822 1129 2908 populo

87 2908 345 2997 spoponderunt.
391 2909 520 2975 Harum
545 2924 650 2973 autern
674 2909 798 2973 initium
823 2909 891 2972 lieri
917 2907 959 2973 ab
984 2907 1129 2983 hoodie,

88 2998 148 3084 qui
163 3011 210 3060 est
225 2994 366 3060 decimus
388 3010 519 3081 quartus
540 2995 655 3059 mensis
670 2993 939 3080 Elaphebolionis.
985 2993 1063 3058 Hoc
1082 2995 1130 3056 in·
1158 3009 1233 3056 Mart.

89 3083 186 3148 terim
203 3093 346 3165 tempore
360 3096 566 3167 utrorumque
577 3080 705 3168 legatos,
722 3095 818 3166 atque
832 3078 1067 3156 caduceatores,
1081 3079 1131 3143 in·
1176 3071 1215 3120 ²²·

87 3170 193 3234 vicem
216 3168 378 3246 adeuntes,
394 3180 529 3233 tractare
544 3188 606 3252 qua
622 3167 745 3231 ratione
760 3164 877 3229 bellurn
899 3165 1001 3229 sedari
1022 3165 1131 3248 possit.

91 3253 263 3318 concione
277 3267 380 3318 autern
397 3253 437 3317 ab
452 3253 696 3338 imperatoribus
710 3264 742 3315 et
758 3250 955 3314 Praetoribus
970 3252 1131 3324 advocata,

86 3340 236 3427 primum
256 3339 410 3424 populum
427 3338 649 3404 Atheniensem
672 3337 712 3401 de
733 3358 811 3421 pace
832 3336 1021 3411 consultare,
1036 3346 1134 3420 prout

88 3427 141 3491 ad
154 3428 251 3509 ipsum
266 3424 383 3512 legatio
397 3424 533 3489 debello
548 3422 688 3487 sedando
702 3423 833 3486 venerit.
880 3421 921 3486 Et
933 3421 1038 3506 primo
1053 3442 1132 3506 quo·
1195 3429 1197 3432 '

88 3535 159 3600 que
174 3525 317 3594 tempore
331 3510 460 3597 legatos,
476 3511 530 3596 qui
545 3508 690 3586 ederunt,
707 3509 797 3573 factis
820 3507 955 3572 induciis
974 3506 1060 3591 apud
1075 3529 1133 3591 po-

86 3597 209 3685 pulum
226 3597 391 3681 spondere,
408 3619 440 3660 se
454 3617 573 3660 annum
589 3596 748 3682 integrum
759 3593 957 3659 induciarum
970 3592 1134 3658 conventis

86 3696 247 3750 staturos.

128 3852 142 3880 θ
160 3847 523 3908 Etinsulamhabentas,quam
533 3846 695 3892 Athenienses
706 3853 838 3906 ceperunt:
856 3847 1041 3907 neutriqueetc.
1059 3843 1135 3891 Vallo.

86 3913 268 3970 naualemque,
279 3924 353 3971 quam
361 3917 488 3972 ceperunt,
495 3912 615 3956 retineant
623 3910 800 3964 Athenienses;
820 3912 948 3970 neutrique
959 3917 1004 3957 etc.
1024 3908 1136 3956 Acasto.

86 3978 187 4028 fluns.

128 4035 142 4074 f
158 4042 273 4102 Matique
286 4039 334 4094 nti,
347 4053 491 4100 quocunque
507 4039 634 4100 placuerit,
647 4039 685 4085 vel
696 4039 727 4084 ad
738 4051 782 4084 sua
793 4039 911 4098 ipsorum,
925 4037 962 4082 uel
973 4037 1004 4082 ad
1015 4035 1135 4080 sociomm

86 4109 141 4158 ire.
171 4106 246 4153 Vatte.
267 4105 342 4157 Mari,
354 4111 383 4150 ut
393 4111 436 4150 aut
447 4117 498 4151 sure
515 4111 558 4150 aut
575 4103 696 4149 sociorum
715 4115 753 4147 res
771 4103 937 4161 postulabunt,
949 4105 1057 4145 utantur.
1074 4096 1137 4143 Atu-

84 4175 157 4222 cfur.
174 4170 286 4230 Matique
297 4171 372 4216 rrum
383 4174 492 4224 utantur,
503 4174 557 4214 tum
569 4180 618 4228 qua
628 4179 681 4214 suaa
688 4167 795 4224 ditionis,
803 4173 858 4213 tum
865 4179 914 4226 que
921 4165 1041 4210 sociorum
1050 4173 1137 4222 agrurn

86 4237 178 4287 nlluit.
209 4233 344 4300 [lotherius.
369 4233 450 4280 loru.
