2982 4786
316 291 381 350 354
685 280 991 352 THUCYDlDIS

225 479 288 530 mn,
319 454 459 519 mmcisa
475 456 614 520 luerunt.
659 452 760 554 Cujus
773 452 923 522 facinoris
936 466 1081 552 auctores
1101 449 1360 553 nullus-sciebat:

214 543 300 606 retop.
320 539 377 605 sed
391 541 443 605 isti
457 539 581 626 magnis
594 541 734 625 proemirs
748 559 810 626 pro
825 541 944 605 indicio
955 539 1083 626 publrce
1093 539 1265 625 propositis
1275 561 1362 626 quae-

207 621 248 720 ὃῗ
262 610 301 658 ¹⁷·
321 625 491 692 rebantur:
512 637 665 709 praeterea
679 625 882 691 Athenienses
902 626 1111 691 decreverunt
1132 647 1171 689 ac
1189 625 1364 702 edicerem,

218 687 306 786 elffii
320 723 368 790 ut,
384 713 411 776 si
425 713 496 798 quis
509 711 640 812 aliquod
659 709 746 776 aliud
768 710 930 796 piaculum
952 711 1125 777 admissum
1146 709 1252 788 sciret,
1270 709 1364 796 quill-

224 800 255 848 tt.
267 801 297 850 ⁰·
321 797 385 874 bet,
401 798 466 861 sive
479 798 566 873 cius,
582 800 647 862 sire
663 798 858 884 peregrinus,
874 798 940 864 sive
955 819 1071 874 servus,
1087 797 1142 861 hoc
1161 797 1230 860 sine
1248 797 1365 861 timore

219 865 293 978 tgr.
321 882 486 948 indicaret
532 883 608 948 Hoc
637 895 744 948 autem
768 882 890 949 facinus
915 883 1055 950 atrocius
1078 881 1365 1032 essep'udicabant.

208 961 306 1043 ιωιό.
323 969 434 1056 Hujus
447 968 533 1034 enim
551 968 761 1055 expeditionis
780 971 892 1034 molum
913 991 1008 1035 omen
1028 989 1096 1034 esse
1116 967 1147 1032 vl
1170 969 1302 1043 ebatur;
1324 966 1365 1031 si-

321 1057 389 1120 mul
403 1056 499 1120 etiam
513 1055 571 1120 tce
584 1077 642 1140 per
663 1056 912 1141 conjurationem
935 1055 1053 1121 iactum
1077 1051 1174 1118 fuisse
1187 1053 1364 1132 uidebatur,

321 1161 429 1206 rernm
443 1141 675 1219 novandarum,
691 1151 853 1227 statusque
867 1141 1030 1244 popularis
1045 1139 1209 1204 evertendi
1222 1159 1329 1204 causa

365 1235 419 1294 28.
443 1227 474 1292 A
497 1227 686 1313 quibusdam
711 1227 810 1328 igitur
829 1227 994 1312 inqurlinie
1010 1238 1042 1291 ct
1064 1224 1199 1303 famulis,
1216 1221 1258 1289 de
1275 1221 1365 1289 Mer-

322 1314 404 1378 curii
418 1313 548 1399 quidem
572 1311 748 1377 simulacris
770 1311 852 1376 nihil
875 1313 1051 1378 indicatum
1067 1322 1131 1376 est:
1154 1309 1210 1375 sed
1232 1309 1275 1374 de
1297 1311 1367 1397 qui-

323 1398 456 1463 busdam
471 1397 540 1462 aliis
553 1397 664 1462 statuis
685 1395 727 1462 ab
741 1396 993 1464 adolescentibus
1009 1419 1066 1484 per
1088 1399 1192 1461 lusum
1209 1418 1248 1460 ac
1263 1409 1367 1460 temu-

322 1484 452 1550 lentiam
464 1483 657 1570 jampridem
672 1483 809 1549 concisis
818 1507 827 1560 3
853 1484 948 1549 simul
962 1485 1056 1549 etiem
1066 1481 1107 1547 de
1121 1483 1217 1546 sacris
1232 1483 1367 1564 nemun,

323 1591 397 1656 quae
423 1589 483 1655 per
511 1568 758 1634 contemtionem
786 1569 876 1634 domi
904 1569 1034 1636 fiebant.
1079 1567 1227 1645 Quarum
1257 1589 1365 1633 rerum

323 1657 419 1720 etiarn
450 1654 652 1720 Alcibiadem
681 1654 916 1720 insimulabant.
963 1655 1030 1732 Qut
1061 1667 1167 1719 autem
1204 1653 1367 1719 Alcibiadi

323 1740 463 1806 maxime
484 1739 597 1806 infensi
616 1751 719 1818 erent,
735 1741 822 1827 quod
845 1741 921 1826 ipsis
943 1739 1173 1826 impedimento
1192 1752 1290 1821 esset,
1304 1763 1367 1827 quo

323 1827 431 1892 minus
449 1827 482 1890 in
503 1826 755 1891 administranda
776 1826 940 1910 republica
959 1826 1136 1911 principem
1159 1825 1270 1890 locum
1293 1848 1369 1892 con·

324 1923 444 1978 stanter
466 1911 658 1991 obtinerent,
672 1910 744 1977 baec
767 1913 886 1976 indicia
908 1935 946 1978 ac
964 1915 1097 1977 crimina
1114 1911 1325 1997 excipientes,
1338 1925 1369 1978 et

323 1999 551 2075 existimantes,
575 1999 601 2063 si
626 2018 701 2063 eum
727 1997 931 2081 expulissent,
953 2021 985 2063 se
1005 1998 1185 2082 respublica
1205 1998 1369 2084 principes

323 2083 457 2162 futuros,
480 2105 544 2148 rent
560 2083 812 2172 exaggerabant,
825 2083 1154 2170 vociferabanturque,
1169 2081 1212 2148 ad
1233 2085 1369 2169 popula·

324 2171 370 2234 ria
387 2182 487 2234 status
506 2170 700 2234 eversionem
720 2182 871 2256 spectare,
895 2183 963 2235 turn
991 2169 1078 2256 quod
1103 2169 1159 2234 illa
1183 2169 1322 2256 mystica
1339 2181 1368 2234 et

326 2275 444 2320 arcanc
458 2277 547 2320 sacra
563 2257 647 2319 domi
654 2275 716 2338 per
731 2257 867 2320 Deorum
881 2259 1108 2321 contemtionem
1127 2253 1211 2321 facta
1226 2255 1366 2335 fuissem,

326 2341 503 2406 tumetiam
518 2339 606 2426 quod
624 2339 781 2406 Mercurii
804 2341 972 2408 simulacra
993 2343 1120 2408 concisa
1138 2340 1293 2408 fuissent:
1316 2365 1366 2408 eo·

326 2447 462 2512 rumque
477 2425 557 2491 nibil
571 2429 638 2491 sine
653 2427 709 2490 illo
731 2429 849 2492 lactum
871 2449 939 2493 esse
959 2429 1121 2492 dicebant:
1145 2427 1304 2494 addentes
1318 2449 1365 2494 ar-

324 2525 490 2602 mamenta,
503 2514 610 2600 quinas
629 2513 805 2595 probarent,
821 2515 1011 2598 labefaciunt
1032 2515 1072 2578 ab
1090 2535 1125 2578 eo
1140 2525 1365 2598 perpetratam,

325 2599 479 2687 reliquam
505 2599 580 2664 vitae
603 2598 773 2676 licentiam,
799 2621 861 2686 qua
884 2599 917 2664 iu
941 2600 1025 2664 rictu
1049 2599 1202 2686 cultuque
1219 2602 1364 2687 corporis

324 2699 442 2770 praeter
455 2687 595 2770 patrium
610 2697 641 2750 et
655 2684 810 2770 populare
824 2685 1003 2751 institutum
1021 2686 1180 2753 utebatur.

370 2779 423 2838 29.
447 2769 505 2835 llle
519 2791 595 2834 vero
610 2785 641 2834 et
656 2771 688 2834 in
709 2772 878 2857 praesentia
899 2771 1050 2837 adversus
1064 2772 1183 2836 indicia
1199 2795 1233 2837 se
1250 2795 1365 2860 purga·
1478 2769 1479 2844 Ϊ

325 2857 390 2931 bat,
406 2867 439 2920 et
453 2869 623 2941 antequam
638 2857 824 2937 discederet,
839 2861 884 2921 ad
896 2879 1017 2922 causam
1037 2860 1194 2922 dicendam
1211 2869 1241 2923 et
1264 2861 1305 2924 ad
1315 2861 1365 2945 ju·
1478 2875 1479 2880 ’

326 2942 446 3007 dicium
463 2941 662 3007 subeundum
679 2957 809 3025 paratus
824 2957 902 3020 erat,
918 2945 942 3007 si
959 2945 1035 3029 quid
1053 2943 1169 3009 horum
1181 2945 1365 3010 admisisset.
1477 2947 1479 3010 f

325 3029 414 3113 (Jam
430 3029 514 3093 enim
530 3049 602 3112 quae
622 3028 663 3094 ad
679 3029 768 3093 illum
790 3043 978 3114 apparatum
998 3029 1191 3116 spectabant,
1210 3030 1326 3096 collata
1340 3041 1367 3096 et
1478 3033 1479 3036 ’

320 3125 506 3198 praeparata
522 3115 625 3194 erant)
641 3116 712 3178 etsi
728 3116 806 3202 quid
826 3116 942 3180 horum
964 3117 1181 3192 commisisset,
1198 3117 1239 3181 ad
1258 3139 1368 3202 poenas
1478 3169 1479 3202 ,

326 3200 448 3265 dandas
471 3211 539 3264 erat
561 3203 781 3282 paraenesin
807 3201 969 3266 absolutus
993 3200 1111 3279 fuisset,
1135 3201 1176 3266 ad
1197 3203 1367 3288 imperium
1478 3205 1479 3228 ³

368 3287 513 3363 rendum,
530 3290 611 3370 quod
625 3289 688 3370 ipsi
702 3289 851 3351 decretum
853 3288 979 3372 ficerat.
1025 3287 1068 3352 Et
1083 3289 1314 3367 obtestabatur,
1329 3311 1369 3353 ne
1478 3327 1479 3376 l

326 3309 415 3437 ἔξω
433 3372 562 3438 absente
584 3373 718 3437 crimina
739 3374 934 3457 reciperent:
960 3373 1014 3438 sed
1033 3374 1112 3460 jam,
1129 3376 1153 3438 si
1174 3373 1367 3461 deliquisset,
1478 3451 1479 3456 γ

326 3472 431 3522 morte
445 3457 645 3522 mulctarent.
692 3457 735 3522 Et
758 3459 929 3542 sapientius
952 3481 1019 3523 esse
1043 3461 1174 3537 dicebat,
1189 3481 1232 3525 ne
1251 3460 1369 3526 setalis
1478 3475 1479 3490 ¹

327 3545 469 3608 criminis
494 3563 595 3621 reum,
611 3545 795 3630 priusquam
818 3565 943 3610 causam
965 3546 1196 3633 cognovissent,
1212 3547 1294 3611 tanti
1316 3569 1369 3612 ex·

326 3630 443 3693 ercitus
469 3629 693 3714 imperatorem
722 3630 891 3695 mitterent.
941 3631 1004 3696 Sed
1027 3653 1090 3716 epus
1109 3632 1244 3712 inimici,
1267 3633 1369 3710 veriti,

326 3735 378 3791 ne,
392 3715 417 3778 si
428 3716 495 3799 jam
516 3728 660 3792 certaret,
677 3715 874 3799 acjudt'cium
895 3717 1019 3794 stediret,
1036 3718 1213 3783 exercitum
1231 3717 1295 3782 siti
1315 3719 1368 3783 be·

327 3803 475 3864 nevolum
491 3799 633 3879 haberet,
650 3822 728 3866 neve
742 3801 842 3886 plebs,
858 3805 925 3888 ejus
940 3803 1059 3868 habens
1079 3804 1245 3880 rationem,
1263 3805 1370 3868 animo

328 3885 504 3951 remissiore
519 3900 607 3964 esset,
646 3887 709 3951 uod
725 3903 856 3973 propter
870 3889 974 3972 ipsum
989 3901 1020 3952 et
1036 3890 1149 3976 Argivi
1166 3903 1254 3954 etex
1272 3887 1370 3955 Mun·

305 4007 308 4012 ·
327 3971 422 4036 tineis
440 3971 587 4035 nonnulli
604 3910 644 4036 ad
665 3971 748 4037 hanc
770 3973 1007 4059 expeditionem
1030 3995 1103 4040 cum
1123 3998 1161 4039 eo
1186 3975 1371 4060 proficisce-

329 4067 449 4136 rentur,
465 4059 544 4122 ¹’icoc
558 4057 794 4138 dissuadebant,
807 4074 838 4124 et
847 4061 994 4144 populum
1009 4061 1219 4140 deterrebant,
1235 4063 1372 4127 submis-

358 4269 371 4305 Ρ
389 4263 543 4312 Remiserunt
551 4267 581 4312 de
592 4265 754 4324 contentione,
763 4267 890 4329 studioque
899 4269 1050 4318 declinarunt
1058 4277 1106 4318 etr.
1122 4269 1232 4318 nasas.
1250 4271 1335 4317 uuna
