<?xml version="1.0" encoding="UTF-8"?>
<!DOCTYPE html PUBLIC "-//W3C//DTD XHTML 1.0 Transitional//EN"
    "http://www.w3.org/TR/xhtml1/DTD/xhtml1-transitional.dtd">
<html xmlns="http://www.w3.org/1999/xhtml" xml:lang="en" lang="en">
 <head>
  <title>
</title>
<meta http-equiv="Content-Type" content="text/html;charset=utf-8" />
  <meta name='ocr-system' content='tesseract 3.04.00' />
  <meta name='ocr-capabilities' content='ocr_page ocr_carea ocr_par ocr_line ocrx_word'/>
</head>
<body>
  <div class='ocr_page' id='page_1' title='image "./thucydidisdebel00wassgoog_0202.png"; bbox 0 0 2994 4788; ppageno 0'>
   <div class='ocr_carea' id='block_1_1' title="bbox 347 287 999 374">
    <p class='ocr_par' dir='ltr' id='par_1_1' title="bbox 347 287 999 374">
     <span class='ocr_line' id='line_1_1' title="bbox 347 287 999 374; baseline 0.003 -3"><span class='ocrx_word' id='word_1_1' title='bbox 347 289 413 374; x_wconf 71' lang='lat' dir='ltr'><strong>ist</strong></span> <span class='ocrx_word' id='word_1_2' title='bbox 692 287 999 374; x_wconf 71' lang='lat' dir='ltr'><strong>incoronata</strong></span> 
     </span>
    </p>
   </div>
   <div class='ocr_carea' id='block_1_2' title="bbox 236 469 1398 889">
    <p class='ocr_par' dir='ltr' id='par_1_2' title="bbox 236 469 1398 889">
     <span class='ocr_line' id='line_1_2' title="bbox 253 469 1396 565; baseline -0.003 -17"><span class='ocrx_word' id='word_1_3' title='bbox 253 494 309 548; x_wconf 75' lang='lat' dir='ltr'><strong>aar</strong></span> <span class='ocrx_word' id='word_1_4' title='bbox 349 491 408 544; x_wconf 79' lang='lat' dir='ltr'><strong>ret</strong></span> <span class='ocrx_word' id='word_1_5' title='bbox 453 469 639 546; x_wconf 72' lang='lat' dir='ltr'>suadebant</span> <span class='ocrx_word' id='word_1_6' title='bbox 654 487 771 557; x_wconf 84' lang='lat' dir='ltr'><strong>autern,</strong></span> <span class='ocrx_word' id='word_1_7' title='bbox 785 491 823 544; x_wconf 88' lang='lat' dir='ltr'><strong>ut</strong></span> <span class='ocrx_word' id='word_1_8' title='bbox 837 473 1293 565; x_wconf 76' lang='lat' dir='ltr'><strong>primumquideurinmriaret</strong></span> <span class='ocrx_word' id='word_1_9' title='bbox 1305 471 1396 564; x_wconf 61' lang='lat' dir='ltr'><strong>asts</strong></span> 
     </span>
     <span class='ocr_line' id='line_1_3' title="bbox 349 563 1397 718; baseline 0 -2"><span class='ocrx_word' id='word_1_10' title='bbox 349 563 454 644; x_wconf 60' lang='lat' dir='ltr'><strong>‘tt</strong></span> <span class='ocrx_word' id='word_1_11' title='bbox 470 563 1397 718; x_wconf 41' lang='lat' dir='ltr'><strong>t*”tattftttmafmttuttturto</strong></span> 
     </span>
     <span class='ocr_line' id='line_1_4' title="bbox 236 664 1398 889; baseline -0.002 -83"><span class='ocrx_word' id='word_1_12' title='bbox 236 691 334 806; x_wconf 49' lang='grc' dir='ltr'>Ἢ</span> <span class='ocrx_word' id='word_1_13' title='bbox 349 664 557 889; x_wconf 41' lang='lat' dir='ltr'><strong>iiiam&amp;</strong></span> <span class='ocrx_word' id='word_1_14' title='bbox 576 737 708 820; x_wconf 85' lang='lat' dir='ltr'><strong>difficili,</strong></span> <span class='ocrx_word' id='word_1_15' title='bbox 723 675 925 804; x_wconf 69' lang='lat' dir='ltr'><strong>etpcariribirs</strong></span> <span class='ocrx_word' id='word_1_16' title='bbox 940 739 1047 806; x_wconf 86' lang='lat' dir='ltr'><strong>erudis</strong></span> <span class='ocrx_word' id='word_1_17' title='bbox 1062 752 1244 820; x_wconf 83' lang='lat' dir='ltr'><strong>vescuntur,</strong></span> <span class='ocrx_word' id='word_1_18' title='bbox 1258 669 1398 824; x_wconf 51' lang='lat' dir='ltr'><strong>moliendi</strong></span> 
     </span>
    </p>
   </div>
   <div class='ocr_carea' id='block_1_3' title="bbox 249 820 1396 978">
    <p class='ocr_par' dir='ltr' id='par_1_3' title="bbox 249 820 1396 978">
     <span class='ocr_line' id='line_1_5' title="bbox 249 820 1396 978; baseline 0.002 -89"><span class='ocrx_word' id='word_1_19' title='bbox 249 820 320 933; x_wconf 43' lang='grc' dir='ltr'><em>ψ</em></span> <span class='ocrx_word' id='word_1_20' title='bbox 350 837 382 890; x_wconf 83' lang='lat' dir='ltr'><strong>ct</strong></span> <span class='ocrx_word' id='word_1_21' title='bbox 397 825 784 978; x_wconf 43' lang='lat' dir='ltr'><strong>Omopdff·vmantur.)</strong></span> <span class='ocrx_word' id='word_1_22' title='bbox 831 826 894 891; x_wconf 90' lang='lat' dir='ltr'><strong>His</strong></span> <span class='ocrx_word' id='word_1_23' title='bbox 916 827 1000 892; x_wconf 89' lang='lat' dir='ltr'><strong>enim</strong></span> <span class='ocrx_word' id='word_1_24' title='bbox 1017 826 1278 912; x_wconf 64' lang='lat' dir='ltr'><strong>seposueram</strong></span> <span class='ocrx_word' id='word_1_25' title='bbox 1298 826 1396 891; x_wconf 76' lang='lat' dir='ltr'><strong>etiam</strong></span> 
     </span>
     <span class='ocr_line' id='line_1_6' title="bbox 563 925 597 976; baseline -0.059 0"><span class='ocrx_word' id='word_1_26' title='bbox 563 925 597 976; x_wconf 83' lang='lat' dir='ltr'><strong>ttr</strong></span> 
     </span>
    </p>
   </div>
   <div class='ocr_carea' id='block_1_4' title="bbox 259 900 1394 1088">
    <p class='ocr_par' dir='ltr' id='par_1_4' title="bbox 259 900 1394 1088">
     <span class='ocr_line' id='line_1_7' title="bbox 259 900 487 1002; baseline 0.004 -2"><span class='ocrx_word' id='word_1_27' title='bbox 259 900 320 1000; x_wconf 65' lang='lat' dir='ltr'><strong>sii</strong></span> <span class='ocrx_word' id='word_1_28' title='bbox 349 913 487 1002; x_wconf 72' lang='lat' dir='ltr'><strong>torulo</strong></span> 
     </span>
     <span class='ocr_line' id='line_1_8' title="bbox 394 998 1394 1088; baseline -0.004 -22"><span class='ocrx_word' id='word_1_29' title='bbox 394 1007 448 1066; x_wconf 83' lang='grc'><strong>95.</strong></span> <span class='ocrx_word' id='word_1_30' title='bbox 473 998 532 1066; x_wconf 89' lang='lat' dir='ltr'><strong>llle</strong></span> <span class='ocrx_word' id='word_1_31' title='bbox 556 1021 633 1064; x_wconf 87' lang='lat' dir='ltr'><strong>rero</strong></span> <span class='ocrx_word' id='word_1_32' title='bbox 657 999 903 1077; x_wconf 70' lang='lat' dir='ltr'><strong>Messeniorum,</strong></span> <span class='ocrx_word' id='word_1_33' title='bbox 930 1000 1045 1086; x_wconf 89' lang='lat' dir='ltr'><strong>quiin</strong></span> <span class='ocrx_word' id='word_1_34' title='bbox 1074 999 1178 1088; x_wconf 83' lang='lat' dir='ltr'><strong>grstia</strong></span> <span class='ocrx_word' id='word_1_35' title='bbox 1202 998 1290 1084; x_wconf 82' lang='lat' dir='ltr'><strong>apud</strong></span> <span class='ocrx_word' id='word_1_36' title='bbox 1320 1013 1394 1063; x_wconf 80' lang='lat' dir='ltr'><strong>eunt</strong></span> 
     </span>
    </p>
   </div>
   <div class='ocr_carea' id='block_1_5' title="bbox 228 1084 1496 4291">
    <p class='ocr_par' dir='ltr' id='par_1_5' title="bbox 228 1084 1496 4291">
     <span class='ocr_line' id='line_1_9' title="bbox 350 1084 1396 1173; baseline 0 -23"><span class='ocrx_word' id='word_1_37' title='bbox 350 1100 454 1169; x_wconf 84' lang='lat' dir='ltr'><strong>erant,</strong></span> <span class='ocrx_word' id='word_1_38' title='bbox 474 1084 577 1152; x_wconf 85' lang='lat' dir='ltr'><strong>verbis</strong></span> <span class='ocrx_word' id='word_1_39' title='bbox 602 1085 769 1164; x_wconf 88' lang='lat' dir='ltr'><strong>adductus,</strong></span> <span class='ocrx_word' id='word_1_40' title='bbox 797 1087 959 1173; x_wconf 79' lang='lat' dir='ltr'><strong>praecipue</strong></span> <span class='ocrx_word' id='word_1_41' title='bbox 977 1107 1064 1163; x_wconf 80' lang='lat' dir='ltr'><strong>vero,</strong></span> <span class='ocrx_word' id='word_1_42' title='bbox 1090 1087 1165 1173; x_wconf 85' lang='lat' dir='ltr'><strong>quia</strong></span> <span class='ocrx_word' id='word_1_43' title='bbox 1190 1084 1344 1162; x_wconf 83' lang='lat' dir='ltr'><strong>credidit,</strong></span> <span class='ocrx_word' id='word_1_44' title='bbox 1363 1104 1396 1150; x_wconf 79' lang='lat' dir='ltr'><strong>ss</strong></span> 
     </span>
     <span class='ocr_line' id='line_1_10' title="bbox 350 1171 1398 1259; baseline -0.002 -21"><span class='ocrx_word' id='word_1_45' title='bbox 350 1173 417 1238; x_wconf 87' lang='lat' dir='ltr'><strong>aine</strong></span> <span class='ocrx_word' id='word_1_46' title='bbox 441 1171 686 1239; x_wconf 74' lang='lat' dir='ltr'>Atheniensium</span> <span class='ocrx_word' id='word_1_47' title='bbox 711 1173 822 1258; x_wconf 90' lang='lat' dir='ltr'><strong>copiis,</strong></span> <span class='ocrx_word' id='word_1_48' title='bbox 848 1195 912 1238; x_wconf 84' lang='lat' dir='ltr'><strong>eum</strong></span> <span class='ocrx_word' id='word_1_49' title='bbox 934 1175 1008 1238; x_wconf 83' lang='lat' dir='ltr'><strong>sciis</strong></span> <span class='ocrx_word' id='word_1_50' title='bbox 1034 1172 1208 1259; x_wconf 75' lang='lat' dir='ltr'><strong>Epiroticis</strong></span> <span class='ocrx_word' id='word_1_51' title='bbox 1232 1171 1342 1250; x_wconf 83' lang='lat' dir='ltr'><strong>sociis,</strong></span> <span class='ocrx_word' id='word_1_52' title='bbox 1365 1184 1398 1237; x_wconf 87' lang='lat' dir='ltr'><strong>et</strong></span> 
     </span>
     <span class='ocr_line' id='line_1_11' title="bbox 348 1256 1396 1345; baseline 0.001 -22"><span class='ocrx_word' id='word_1_53' title='bbox 348 1265 424 1325; x_wconf 77' lang='lat' dir='ltr'><strong>cum</strong></span> <span class='ocrx_word' id='word_1_54' title='bbox 442 1258 561 1325; x_wconf 84' lang='lat' dir='ltr'><strong>AEtolis</strong></span> <span class='ocrx_word' id='word_1_55' title='bbox 582 1276 673 1344; x_wconf 84' lang='lat' dir='ltr'><strong>posse</strong></span> <span class='ocrx_word' id='word_1_56' title='bbox 687 1260 801 1324; x_wconf 89' lang='lat' dir='ltr'><strong>itinere</strong></span> <span class='ocrx_word' id='word_1_57' title='bbox 814 1261 953 1326; x_wconf 83' lang='lat' dir='ltr'><strong>terrestri</strong></span> <span class='ocrx_word' id='word_1_58' title='bbox 977 1256 1139 1345; x_wconf 85' lang='lat' dir='ltr'><strong>proticisci</strong></span> <span class='ocrx_word' id='word_1_59' title='bbox 1160 1271 1275 1324; x_wconf 75' lang='lat' dir='ltr'><strong>conca</strong></span> <span class='ocrx_word' id='word_1_60' title='bbox 1298 1257 1396 1324; x_wconf 80' lang='lat' dir='ltr'><strong>Boeu·</strong></span> 
     </span>
     <span class='ocr_line' id='line_1_12' title="bbox 349 1345 1396 1496; baseline 0 -86"><span class='ocrx_word' id='word_1_61' title='bbox 349 1359 409 1424; x_wconf 90' lang='lat' dir='ltr'><strong>tos,</strong></span> <span class='ocrx_word' id='word_1_62' title='bbox 425 1367 483 1433; x_wconf 88' lang='lat' dir='ltr'><strong>per</strong></span> <span class='ocrx_word' id='word_1_63' title='bbox 498 1345 621 1411; x_wconf 85' lang='lat' dir='ltr'><strong>Locros</strong></span> <span class='ocrx_word' id='word_1_64' title='bbox 638 1345 764 1424; x_wconf 80' lang='lat' dir='ltr'><strong>Ouolas,</strong></span> <span class='ocrx_word' id='word_1_65' title='bbox 777 1347 818 1411; x_wconf 85' lang='lat' dir='ltr'><strong>ad</strong></span> <span class='ocrx_word' id='word_1_66' title='bbox 834 1346 999 1433; x_wconf 83' lang='lat' dir='ltr'><strong>Cytinium</strong></span> <span class='ocrx_word' id='word_1_67' title='bbox 1024 1346 1193 1423; x_wconf 87' lang='lat' dir='ltr'><strong>Doricum,</strong></span> <span class='ocrx_word' id='word_1_68' title='bbox 1206 1345 1298 1496; x_wconf 56' lang='lat' dir='ltr'><strong>guod</strong></span> <span class='ocrx_word' id='word_1_69' title='bbox 1317 1345 1396 1410; x_wconf 77' lang='lat' dir='ltr'><strong>Par·</strong></span> 
     </span>
     <span class='ocr_line' id='line_1_13' title="bbox 350 1427 1396 1512; baseline 0 -16"><span class='ocrx_word' id='word_1_70' title='bbox 350 1452 479 1497; x_wconf 81' lang='lat' dir='ltr'>nassum</span> <span class='ocrx_word' id='word_1_71' title='bbox 495 1431 537 1497; x_wconf 89' lang='lat' dir='ltr'><strong>ad</strong></span> <span class='ocrx_word' id='word_1_72' title='bbox 551 1432 697 1497; x_wconf 82' lang='lat' dir='ltr'><strong>dextram</strong></span> <span class='ocrx_word' id='word_1_73' title='bbox 712 1432 821 1512; x_wconf 83' lang='lat' dir='ltr'><strong>habet,</strong></span> <span class='ocrx_word' id='word_1_74' title='bbox 836 1433 940 1498; x_wconf 89' lang='lat' dir='ltr'><strong>donec</strong></span> <span class='ocrx_word' id='word_1_75' title='bbox 959 1432 1166 1498; x_wconf 79' lang='lat' dir='ltr'><strong>descenderet</strong></span> <span class='ocrx_word' id='word_1_76' title='bbox 1187 1455 1204 1495; x_wconf 90' lang='lat' dir='ltr'><strong>a</strong></span> <span class='ocrx_word' id='word_1_77' title='bbox 1245 1427 1396 1496; x_wconf 83' lang='lat' dir='ltr'><strong>Phocen-</strong></span> 
     </span>
     <span class='ocr_line' id='line_1_14' title="bbox 350 1518 1396 1606; baseline 0.002 -25"><span class='ocrx_word' id='word_1_78' title='bbox 350 1535 409 1599; x_wconf 84' lang='lat' dir='ltr'><strong>ses,</strong></span> <span class='ocrx_word' id='word_1_79' title='bbox 432 1518 489 1605; x_wconf 88' lang='lat' dir='ltr'><strong>qui</strong></span> <span class='ocrx_word' id='word_1_80' title='bbox 503 1531 635 1606; x_wconf 84' lang='lat' dir='ltr'><strong>propter</strong></span> <span class='ocrx_word' id='word_1_81' title='bbox 656 1521 838 1598; x_wconf 82' lang='lat' dir='ltr'><strong>amicitiam,</strong></span> <span class='ocrx_word' id='word_1_82' title='bbox 863 1541 936 1605; x_wconf 82' lang='lat' dir='ltr'><strong>quse</strong></span> <span class='ocrx_word' id='word_1_83' title='bbox 958 1520 1034 1604; x_wconf 87' lang='lat' dir='ltr'><strong>ipsis</strong></span> <span class='ocrx_word' id='word_1_84' title='bbox 1055 1539 1127 1584; x_wconf 89' lang='lat' dir='ltr'><strong>cum</strong></span> <span class='ocrx_word' id='word_1_85' title='bbox 1145 1519 1396 1584; x_wconf 81' lang='lat' dir='ltr'><strong>Atheniensibus</strong></span> 
     </span>
     <span class='ocr_line' id='line_1_15' title="bbox 349 1605 1395 1693; baseline 0 -23"><span class='ocrx_word' id='word_1_86' title='bbox 349 1619 508 1691; x_wconf 86' lang='lat' dir='ltr'><strong>perpetuo</strong></span> <span class='ocrx_word' id='word_1_87' title='bbox 527 1605 687 1693; x_wconf 90' lang='lat' dir='ltr'><strong>quondam</strong></span> <span class='ocrx_word' id='word_1_88' title='bbox 703 1606 931 1684; x_wconf 77' lang='lat' dir='ltr'><strong>intercesserat,</strong></span> <span class='ocrx_word' id='word_1_89' title='bbox 947 1607 988 1671; x_wconf 91' lang='lat' dir='ltr'><strong>ad</strong></span> <span class='ocrx_word' id='word_1_90' title='bbox 1010 1605 1144 1672; x_wconf 86' lang='lat' dir='ltr'><strong>eandem</strong></span> <span class='ocrx_word' id='word_1_91' title='bbox 1167 1605 1315 1673; x_wconf 85' lang='lat' dir='ltr'><strong>mititiam</strong></span> <span class='ocrx_word' id='word_1_92' title='bbox 1331 1605 1395 1670; x_wconf 80' lang='lat' dir='ltr'><strong>ala·</strong></span> 
     </span>
     <span class='ocr_line' id='line_1_16' title="bbox 351 1691 1396 1780; baseline 0.003 -25"><span class='ocrx_word' id='word_1_93' title='bbox 351 1693 448 1758; x_wconf 86' lang='lat' dir='ltr'><strong>criter</strong></span> <span class='ocrx_word' id='word_1_94' title='bbox 461 1692 597 1770; x_wconf 80' lang='lat' dir='ltr'><strong>venturi,</strong></span> <span class='ocrx_word' id='word_1_95' title='bbox 614 1694 662 1758; x_wconf 84' lang='lat' dir='ltr'><strong>vel</strong></span> <span class='ocrx_word' id='word_1_96' title='bbox 683 1692 779 1758; x_wconf 86' lang='lat' dir='ltr'><strong>etism</strong></span> <span class='ocrx_word' id='word_1_97' title='bbox 802 1693 949 1780; x_wconf 86' lang='lat' dir='ltr'><strong>pervim,</strong></span> <span class='ocrx_word' id='word_1_98' title='bbox 966 1715 1030 1778; x_wconf 90' lang='lat' dir='ltr'><strong>qua</strong></span> <span class='ocrx_word' id='word_1_99' title='bbox 1052 1704 1252 1778; x_wconf 74' lang='lat' dir='ltr'><strong>cogerentur,</strong></span> <span class='ocrx_word' id='word_1_100' title='bbox 1268 1691 1396 1776; x_wconf 76' lang='lat' dir='ltr'><strong>profec-</strong></span> 
     </span>
     <span class='ocr_line' id='line_1_17' title="bbox 350 1775 1395 1864; baseline 0.004 -22"><span class='ocrx_word' id='word_1_101' title='bbox 350 1777 414 1842; x_wconf 91' lang='lat' dir='ltr'><strong>turi</strong></span> <span class='ocrx_word' id='word_1_102' title='bbox 431 1775 632 1846; x_wconf 88' lang='lat' dir='ltr'><strong>videbantur.</strong></span> <span class='ocrx_word' id='word_1_103' title='bbox 643 1779 710 1864; x_wconf 90' lang='lat' dir='ltr'><strong>jam</strong></span> <span class='ocrx_word' id='word_1_104' title='bbox 723 1799 801 1844; x_wconf 79' lang='lat' dir='ltr'><strong>sero</strong></span> <span class='ocrx_word' id='word_1_105' title='bbox 813 1778 943 1845; x_wconf 82' lang='lat' dir='ltr'><strong>Boeotia</strong></span> <span class='ocrx_word' id='word_1_106' title='bbox 959 1779 1179 1844; x_wconf 67' lang='lat' dir='ltr'><strong>phocensibus</strong></span> <span class='ocrx_word' id='word_1_107' title='bbox 1189 1777 1395 1846; x_wconf 87' lang='lat' dir='ltr'><strong>esttinitima.</strong></span> 
     </span>
     <span class='ocr_line' id='line_1_18' title="bbox 351 1861 1396 1952; baseline 0 -22"><span class='ocrx_word' id='word_1_108' title='bbox 351 1863 436 1930; x_wconf 87' lang='lat' dir='ltr'><strong>Cum</strong></span> <span class='ocrx_word' id='word_1_109' title='bbox 452 1865 600 1932; x_wconf 76' lang='lat' dir='ltr'><strong>omnibus</strong></span> <span class='ocrx_word' id='word_1_110' title='bbox 614 1865 713 1952; x_wconf 81' lang='lat' dir='ltr'><strong>igitur</strong></span> <span class='ocrx_word' id='word_1_111' title='bbox 727 1865 838 1952; x_wconf 85' lang='lat' dir='ltr'><strong>copiis,</strong></span> <span class='ocrx_word' id='word_1_112' title='bbox 850 1867 958 1932; x_wconf 84' lang='lat' dir='ltr'><strong>inritis</strong></span> <span class='ocrx_word' id='word_1_113' title='bbox 971 1864 1204 1946; x_wconf 83' lang='lat' dir='ltr'><strong>Acmnsnibus,</strong></span> <span class='ocrx_word' id='word_1_114' title='bbox 1216 1861 1396 1930; x_wconf 86' lang='lat' dir='ltr'><strong>aLeucsde</strong></span> 
     </span>
     <span class='ocr_line' id='line_1_19' title="bbox 350 1947 1394 2040; baseline 0.002 -25"><span class='ocrx_word' id='word_1_115' title='bbox 350 1947 484 2030; x_wconf 83' lang='lat' dir='ltr'><strong>solvens,</strong></span> <span class='ocrx_word' id='word_1_116' title='bbox 511 1973 601 2016; x_wconf 83' lang='lat' dir='ltr'><strong>oram</strong></span> <span class='ocrx_word' id='word_1_117' title='bbox 631 1954 823 2018; x_wconf 75' lang='lat' dir='ltr'><strong>maritimam</strong></span> <span class='ocrx_word' id='word_1_118' title='bbox 849 1952 957 2040; x_wconf 81' lang='lat' dir='ltr'><strong>legens</strong></span> <span class='ocrx_word' id='word_1_119' title='bbox 984 1952 1025 2016; x_wconf 89' lang='lat' dir='ltr'><strong>ad</strong></span> <span class='ocrx_word' id='word_1_120' title='bbox 1056 1951 1191 2018; x_wconf 82' lang='lat' dir='ltr'><strong>Sollium</strong></span> <span class='ocrx_word' id='word_1_121' title='bbox 1220 1947 1394 2038; x_wconf 66' lang='lat' dir='ltr'><strong>nauigauit.</strong></span> 
     </span>
     <span class='ocr_line' id='line_1_20' title="bbox 350 2031 1396 2118; baseline 0 -16"><span class='ocrx_word' id='word_1_122' title='bbox 350 2036 494 2104; x_wconf 88' lang='lat' dir='ltr'><strong>Consilio</strong></span> <span class='ocrx_word' id='word_1_123' title='bbox 513 2049 620 2103; x_wconf 87' lang='lat' dir='ltr'><strong>autem</strong></span> <span class='ocrx_word' id='word_1_124' title='bbox 645 2059 717 2103; x_wconf 85' lang='lat' dir='ltr'><strong>curn</strong></span> <span class='ocrx_word' id='word_1_125' title='bbox 742 2038 965 2104; x_wconf 82' lang='lat' dir='ltr'><strong>Acarnanibus</strong></span> <span class='ocrx_word' id='word_1_126' title='bbox 984 2039 1232 2118; x_wconf 84' lang='lat' dir='ltr'><strong>communicato,</strong></span> <span class='ocrx_word' id='word_1_127' title='bbox 1252 2055 1328 2103; x_wconf 87' lang='lat' dir='ltr'><strong>cum</strong></span> <span class='ocrx_word' id='word_1_128' title='bbox 1350 2031 1396 2102; x_wconf 72' lang='lat' dir='ltr'><strong>iffi</strong></span> 
     </span>
     <span class='ocr_line' id='line_1_21' title="bbox 348 2118 1396 2212; baseline 0 -23"><span class='ocrx_word' id='word_1_129' title='bbox 348 2123 412 2190; x_wconf 87' lang='lat' dir='ltr'><strong>hoc</strong></span> <span class='ocrx_word' id='word_1_130' title='bbox 427 2147 492 2189; x_wconf 89' lang='grc' dir='ltr'><strong>ιιοιι</strong></span> <span class='ocrx_word' id='word_1_131' title='bbox 515 2125 723 2202; x_wconf 75' lang='lat' dir='ltr'><strong>admisissent,</strong></span> <span class='ocrx_word' id='word_1_132' title='bbox 739 2124 825 2212; x_wconf 89' lang='lat' dir='ltr'><strong>quod</strong></span> <span class='ocrx_word' id='word_1_133' title='bbox 842 2124 1024 2190; x_wconf 87' lang='lat' dir='ltr'><strong>Leucadem</strong></span> <span class='ocrx_word' id='word_1_134' title='bbox 1046 2124 1287 2190; x_wconf 81' lang='lat' dir='ltr'><strong>circumvallare</strong></span> <span class='ocrx_word' id='word_1_135' title='bbox 1299 2118 1396 2189; x_wconf 83' lang='lat' dir='ltr'><strong>nolu·</strong></span> 
     </span>
     <span class='ocr_line' id='line_1_22' title="bbox 348 2209 1395 2298; baseline 0.001 -24"><span class='ocrx_word' id='word_1_136' title='bbox 348 2209 433 2288; x_wconf 87' lang='lat' dir='ltr'><strong>isset,</strong></span> <span class='ocrx_word' id='word_1_137' title='bbox 450 2212 518 2296; x_wconf 85' lang='lat' dir='ltr'><strong>ipse</strong></span> <span class='ocrx_word' id='word_1_138' title='bbox 537 2233 610 2276; x_wconf 85' lang='lat' dir='ltr'><strong>cunr</strong></span> <span class='ocrx_word' id='word_1_139' title='bbox 634 2211 765 2298; x_wconf 88' lang='lat' dir='ltr'><strong>reliquis</strong></span> <span class='ocrx_word' id='word_1_140' title='bbox 786 2213 886 2298; x_wconf 90' lang='lat' dir='ltr'><strong>copiis</strong></span> <span class='ocrx_word' id='word_1_141' title='bbox 902 2209 1196 2297; x_wconf 85' lang='lat' dir='ltr'><strong>Cephallenlornm,</strong></span> <span class='ocrx_word' id='word_1_142' title='bbox 1215 2210 1395 2276; x_wconf 75' lang='lat' dir='ltr'><strong>Messenio·</strong></span> 
     </span>
     <span class='ocr_line' id='line_1_23' title="bbox 347 2295 1394 2384; baseline -0.001 -22"><span class='ocrx_word' id='word_1_143' title='bbox 347 2305 432 2374; x_wconf 75' lang='lat' dir='ltr'><strong>ium,</strong></span> <span class='ocrx_word' id='word_1_144' title='bbox 466 2295 727 2384; x_wconf 88' lang='lat' dir='ltr'><strong>Zacynthiorum,</strong></span> <span class='ocrx_word' id='word_1_145' title='bbox 753 2309 786 2363; x_wconf 88' lang='lat' dir='ltr'><strong>et</strong></span> <span class='ocrx_word' id='word_1_146' title='bbox 815 2312 1030 2364; x_wconf 88' lang='lat' dir='ltr'><strong>trecentorum</strong></span> <span class='ocrx_word' id='word_1_147' title='bbox 1059 2319 1102 2363; x_wconf 89' lang='lat' dir='ltr'><strong>ex</strong></span> <span class='ocrx_word' id='word_1_148' title='bbox 1131 2297 1197 2363; x_wconf 88' lang='lat' dir='ltr'><strong>suis</strong></span> <span class='ocrx_word' id='word_1_149' title='bbox 1225 2295 1394 2363; x_wconf 74' lang='lat' dir='ltr'><strong>classiariis</strong></span> 
     </span>
     <span class='ocr_line' id='line_1_24' title="bbox 349 2379 1394 2486; baseline 0 -38"><span class='ocrx_word' id='word_1_150' title='bbox 349 2379 594 2449; x_wconf 85' lang='lat' dir='ltr'><strong>Atheniensium</strong></span> <span class='ocrx_word' id='word_1_151' title='bbox 617 2390 705 2470; x_wconf 83' lang='lat' dir='ltr'><strong>(num</strong></span> <span class='ocrx_word' id='word_1_152' title='bbox 728 2382 910 2486; x_wconf 83' lang='lat' dir='ltr'><strong>quindecim</strong></span> <span class='ocrx_word' id='word_1_153' title='bbox 935 2385 1181 2472; x_wconf 81' lang='lat' dir='ltr'><strong>Corcyraeorum</strong></span> <span class='ocrx_word' id='word_1_154' title='bbox 1207 2405 1303 2450; x_wconf 84' lang='lat' dir='ltr'><strong>nares</strong></span> <span class='ocrx_word' id='word_1_155' title='bbox 1325 2383 1394 2448; x_wconf 79' lang='lat' dir='ltr'><strong>aisi-</strong></span> 
     </span>
     <span class='ocr_line' id='line_1_25' title="bbox 348 2466 1395 2552; baseline -0.001 -16"><span class='ocrx_word' id='word_1_156' title='bbox 348 2472 452 2552; x_wconf 82' lang='lat' dir='ltr'><strong>erant)</strong></span> <span class='ocrx_word' id='word_1_157' title='bbox 470 2468 586 2536; x_wconf 83' lang='lat' dir='ltr'><strong>AEtolis</strong></span> <span class='ocrx_word' id='word_1_158' title='bbox 602 2469 720 2536; x_wconf 86' lang='lat' dir='ltr'><strong>bellum</strong></span> <span class='ocrx_word' id='word_1_159' title='bbox 735 2473 854 2538; x_wconf 77' lang='lat' dir='ltr'><strong>intulit.</strong></span> <span class='ocrx_word' id='word_1_160' title='bbox 898 2471 952 2538; x_wconf 82' lang='lat' dir='ltr'><strong>Ex</strong></span> <span class='ocrx_word' id='word_1_161' title='bbox 971 2467 1105 2537; x_wconf 72' lang='grc' dir='ltr'><strong>(Ειιοιιε</strong></span> <span class='ocrx_word' id='word_1_162' title='bbox 1119 2483 1227 2537; x_wconf 67' lang='lat' dir='ltr'><strong>summ</strong></span> <span class='ocrx_word' id='word_1_163' title='bbox 1243 2466 1395 2536; x_wconf 82' lang='lat' dir='ltr'><strong>Locridis</strong></span> 
     </span>
     <span class='ocr_line' id='line_1_26' title="bbox 347 2551 1395 2662; baseline 0.002 -42"><span class='ocrx_word' id='word_1_164' title='bbox 347 2551 509 2642; x_wconf 78' lang='lat' dir='ltr'><strong>proiectus</strong></span> <span class='ocrx_word' id='word_1_165' title='bbox 525 2569 582 2624; x_wconf 84' lang='lat' dir='ltr'><strong>est.</strong></span> <span class='ocrx_word' id='word_1_166' title='bbox 628 2557 685 2623; x_wconf 87' lang='lat' dir='ltr'><strong>Isti</strong></span> <span class='ocrx_word' id='word_1_167' title='bbox 701 2567 807 2623; x_wconf 86' lang='lat' dir='ltr'><strong>autem</strong></span> <span class='ocrx_word' id='word_1_168' title='bbox 824 2559 921 2623; x_wconf 86' lang='lat' dir='ltr'><strong>Locri</strong></span> <span class='ocrx_word' id='word_1_169' title='bbox 938 2557 1051 2624; x_wconf 78' lang='lat' dir='ltr'><strong>Onoloe</strong></span> <span class='ocrx_word' id='word_1_170' title='bbox 1066 2569 1158 2624; x_wconf 79' lang='lat' dir='ltr'><strong>eram</strong></span> <span class='ocrx_word' id='word_1_171' title='bbox 1171 2557 1259 2636; x_wconf 88' lang='lat' dir='ltr'><strong>socii,</strong></span> <span class='ocrx_word' id='word_1_172' title='bbox 1275 2571 1395 2662; x_wconf 69' lang='lat' dir='ltr'><strong>eoaque</strong></span> 
     </span>
     <span class='ocr_line' id='line_1_27' title="bbox 348 2643 1393 2732; baseline 0.002 -24"><span class='ocrx_word' id='word_1_173' title='bbox 348 2652 422 2708; x_wconf 80' lang='lat' dir='ltr'><strong>&#39;cum</strong></span> <span class='ocrx_word' id='word_1_174' title='bbox 442 2643 589 2710; x_wconf 88' lang='lat' dir='ltr'><strong>omnibus</strong></span> <span class='ocrx_word' id='word_1_175' title='bbox 609 2645 673 2710; x_wconf 90' lang='lat' dir='ltr'><strong>suis</strong></span> <span class='ocrx_word' id='word_1_176' title='bbox 698 2644 799 2730; x_wconf 86' lang='lat' dir='ltr'><strong>copiis</strong></span> <span class='ocrx_word' id='word_1_177' title='bbox 821 2646 855 2710; x_wconf 90' lang='lat' dir='ltr'><strong>in</strong></span> <span class='ocrx_word' id='word_1_178' title='bbox 882 2644 954 2710; x_wconf 84' lang='lat' dir='ltr'><strong>locs</strong></span> <span class='ocrx_word' id='word_1_179' title='bbox 980 2645 1213 2710; x_wconf 78' lang='lat' dir='ltr'><strong>mediterranea</strong></span> <span class='ocrx_word' id='word_1_180' title='bbox 1234 2643 1393 2732; x_wconf 72' lang='lat' dir='ltr'><strong>proticisci</strong></span> 
     </span>
     <span class='ocr_line' id='line_1_28' title="bbox 347 2729 1393 2819; baseline 0.003 -27"><span class='ocrx_word' id='word_1_181' title='bbox 347 2749 368 2792; x_wconf 93' lang='grc' dir='ltr'>ο</span> <span class='ocrx_word' id='word_1_182' title='bbox 393 2729 527 2808; x_wconf 84' lang='lat' dir='ltr'><strong>ortebut,</strong></span> <span class='ocrx_word' id='word_1_183' title='bbox 542 2741 580 2796; x_wconf 88' lang='lat' dir='ltr'><strong>ut</strong></span> <span class='ocrx_word' id='word_1_184' title='bbox 593 2729 660 2796; x_wconf 87' lang='lat' dir='ltr'><strong>illic</strong></span> <span class='ocrx_word' id='word_1_185' title='bbox 675 2729 924 2796; x_wconf 77' lang='lat' dir='ltr'><strong>&#39;Atheniensibus</strong></span> <span class='ocrx_word' id='word_1_186' title='bbox 939 2745 1057 2816; x_wconf 82' lang='lat' dir='ltr'><strong>praesto</strong></span> <span class='ocrx_word' id='word_1_187' title='bbox 1068 2744 1180 2800; x_wconf 71' lang='lat' dir='ltr'><strong>assurt.</strong></span> <span class='ocrx_word' id='word_1_188' title='bbox 1203 2731 1292 2819; x_wconf 86' lang='lat' dir='ltr'><strong>quod</strong></span> <span class='ocrx_word' id='word_1_189' title='bbox 1305 2733 1393 2795; x_wconf 69' lang='lat' dir='ltr'><strong>atius</strong></span> 
     </span>
     <span class='ocr_line' id='line_1_29' title="bbox 347 2749 1496 2907; baseline 0.001 -27"><span class='ocrx_word' id='word_1_190' title='bbox 347 2749 464 2880; x_wconf 59' lang='lat' dir='ltr'><strong>AEtolis</strong></span> <span class='ocrx_word' id='word_1_191' title='bbox 489 2827 592 2881; x_wconf 87' lang='lat' dir='ltr'><strong>essent</strong></span> <span class='ocrx_word' id='word_1_192' title='bbox 616 2815 754 2896; x_wconf 87' lang='lat' dir='ltr'><strong>finitimi,</strong></span> <span class='ocrx_word' id='word_1_193' title='bbox 781 2831 814 2884; x_wconf 88' lang='lat' dir='ltr'><strong>et</strong></span> <span class='ocrx_word' id='word_1_194' title='bbox 839 2839 1003 2884; x_wconf 87' lang='lat' dir='ltr'><strong>armorum</strong></span> <span class='ocrx_word' id='word_1_195' title='bbox 1026 2839 1143 2907; x_wconf 82' lang='lat' dir='ltr'><strong>genere</strong></span> <span class='ocrx_word' id='word_1_196' title='bbox 1166 2817 1294 2896; x_wconf 86' lang='lat' dir='ltr'><strong>similes,</strong></span> <span class='ocrx_word' id='word_1_197' title='bbox 1317 2831 1393 2882; x_wconf 85' lang='lat' dir='ltr'><strong>cnrtt</strong></span> <span class='ocrx_word' id='word_1_198' title='bbox 1495 2835 1496 2880; x_wconf 82' lang='lat'>3</span> 
     </span>
     <span class='ocr_line' id='line_1_30' title="bbox 347 2901 1392 3053; baseline 0.006 -89"><span class='ocrx_word' id='word_1_199' title='bbox 347 2911 481 2990; x_wconf 85' lang='lat' dir='ltr'><strong>propter</strong></span> <span class='ocrx_word' id='word_1_200' title='bbox 493 2901 648 3053; x_wconf 85' lang='lat' dir='ltr'><strong>lperitiam</strong></span> <span class='ocrx_word' id='word_1_201' title='bbox 674 2925 804 2992; x_wconf 77' lang='lat' dir='ltr'><strong>pugnis,</strong></span> <span class='ocrx_word' id='word_1_202' title='bbox 828 2927 892 2991; x_wconf 85' lang='lat' dir='ltr'><strong>qua</strong></span> <span class='ocrx_word' id='word_1_203' title='bbox 916 2905 961 2969; x_wconf 91' lang='lat' dir='ltr'><strong>illi</strong></span> <span class='ocrx_word' id='word_1_204' title='bbox 990 2908 1172 2980; x_wconf 88' lang='lat' dir='ltr'><strong>utebantur,</strong></span> <span class='ocrx_word' id='word_1_205' title='bbox 1198 2917 1268 2969; x_wconf 83' lang='lat' dir='ltr'><strong>tam</strong></span> <span class='ocrx_word' id='word_1_206' title='bbox 1293 2904 1392 2970; x_wconf 79' lang='lat' dir='ltr'><strong>etium</strong></span> 
     </span>
     <span class='ocr_line' id='line_1_31' title="bbox 346 2989 1391 3079; baseline 0.005 -28"><span class='ocrx_word' id='word_1_207' title='bbox 346 2999 480 3079; x_wconf 82' lang='lat' dir='ltr'><strong>proptor</strong></span> <span class='ocrx_word' id='word_1_208' title='bbox 506 3010 637 3054; x_wconf 88' lang='lat' dir='ltr'><strong>ocornm</strong></span> <span class='ocrx_word' id='word_1_209' title='bbox 653 2991 812 3074; x_wconf 85' lang='lat' dir='ltr'><strong>notitiam,</strong></span> <span class='ocrx_word' id='word_1_210' title='bbox 825 3011 934 3057; x_wconf 91' lang='lat' dir='ltr'><strong>eorum</strong></span> <span class='ocrx_word' id='word_1_211' title='bbox 951 2991 1109 3058; x_wconf 86' lang='lat' dir='ltr'><strong>auxilium</strong></span> <span class='ocrx_word' id='word_1_212' title='bbox 1125 2991 1158 3055; x_wconf 90' lang='lat' dir='ltr'><strong>in</strong></span> <span class='ocrx_word' id='word_1_213' title='bbox 1180 2989 1242 3056; x_wconf 81' lang='lat' dir='ltr'><strong>hac</strong></span> <span class='ocrx_word' id='word_1_214' title='bbox 1255 2990 1391 3076; x_wconf 78' lang='lat' dir='ltr'><strong>expeti·</strong></span> 
     </span>
     <span class='ocr_line' id='line_1_32' title="bbox 347 3073 1200 3164; baseline 0.005 -24"><span class='ocrx_word' id='word_1_215' title='bbox 347 3073 435 3140; x_wconf 84' lang='lat' dir='ltr'><strong>tione</strong></span> <span class='ocrx_word' id='word_1_216' title='bbox 449 3095 568 3164; x_wconf 84' lang='lat' dir='ltr'><strong>magno</strong></span> <span class='ocrx_word' id='word_1_217' title='bbox 581 3077 651 3144; x_wconf 90' lang='lat' dir='ltr'><strong>usui</strong></span> <span class='ocrx_word' id='word_1_218' title='bbox 666 3076 736 3142; x_wconf 86' lang='lat' dir='ltr'><strong>fore</strong></span> <span class='ocrx_word' id='word_1_219' title='bbox 750 3078 925 3143; x_wconf 82' lang='lat' dir='ltr'><strong>videbatur.</strong></span> <span class='ocrx_word' id='word_1_220' title='bbox 1196 3155 1200 3162; x_wconf 31' lang='grc' dir='ltr'>Ι</span> 
     </span>
     <span class='ocr_line' id='line_1_33' title="bbox 390 3161 1496 3250; baseline 0 -22"><span class='ocrx_word' id='word_1_221' title='bbox 390 3169 446 3228; x_wconf 86' lang='grc'><strong>96.</strong></span> <span class='ocrx_word' id='word_1_222' title='bbox 469 3161 554 3228; x_wconf 87' lang='lat' dir='ltr'><strong>Cum</strong></span> <span class='ocrx_word' id='word_1_223' title='bbox 577 3175 683 3228; x_wconf 88' lang='lat' dir='ltr'><strong>autem</strong></span> <span class='ocrx_word' id='word_1_224' title='bbox 707 3165 741 3228; x_wconf 91' lang='lat' dir='ltr'><strong>in</strong></span> <span class='ocrx_word' id='word_1_225' title='bbox 763 3164 852 3229; x_wconf 88' lang='lat' dir='ltr'><strong>Jovis</strong></span> <span class='ocrx_word' id='word_1_226' title='bbox 878 3163 1021 3230; x_wconf 85' lang='lat' dir='ltr'><strong>Nemeaei</strong></span> <span class='ocrx_word' id='word_1_227' title='bbox 1043 3163 1166 3250; x_wconf 84' lang='lat' dir='ltr'><strong>templo</strong></span> <span class='ocrx_word' id='word_1_228' title='bbox 1184 3163 1233 3249; x_wconf 88' lang='lat' dir='ltr'><strong>(in</strong></span> <span class='ocrx_word' id='word_1_229' title='bbox 1258 3177 1326 3250; x_wconf 87' lang='lat' dir='ltr'><strong>qno</strong></span> <span class='ocrx_word' id='word_1_230' title='bbox 1348 3161 1393 3228; x_wconf 79' lang='lat' dir='ltr'><strong>ab</strong></span> <span class='ocrx_word' id='word_1_231' title='bbox 1495 3189 1496 3194; x_wconf 43' lang='lat'>¹</span> 
     </span>
     <span class='ocr_line' id='line_1_34' title="bbox 346 3243 1496 3338; baseline 0.002 -24"><span class='ocrx_word' id='word_1_232' title='bbox 346 3243 431 3314; x_wconf 88' lang='lat' dir='ltr'><strong>illius</strong></span> <span class='ocrx_word' id='word_1_233' title='bbox 446 3247 584 3338; x_wconf 82' lang='lat' dir='ltr'><strong>regionis</strong></span> <span class='ocrx_word' id='word_1_234' title='bbox 598 3249 709 3315; x_wconf 88' lang='lat' dir='ltr'><strong>incolis</strong></span> <span class='ocrx_word' id='word_1_235' title='bbox 727 3249 890 3316; x_wconf 86' lang='lat' dir='ltr'><strong>Hesiodus</strong></span> <span class='ocrx_word' id='word_1_236' title='bbox 913 3252 1031 3316; x_wconf 90' lang='lat' dir='ltr'><strong>obiisse</strong></span> <span class='ocrx_word' id='word_1_237' title='bbox 1045 3251 1171 3329; x_wconf 73' lang='lat' dir='ltr'><strong>dicitnr,</strong></span> <span class='ocrx_word' id='word_1_238' title='bbox 1187 3267 1263 3315; x_wconf 82' lang='lat' dir='ltr'><strong>cuns</strong></span> <span class='ocrx_word' id='word_1_239' title='bbox 1278 3265 1393 3316; x_wconf 76' lang='lat' dir='ltr'><strong>omon-</strong></span> <span class='ocrx_word' id='word_1_240' title='bbox 1495 3243 1496 3264; x_wconf 60' lang='lat'><strong>³</strong></span> 
     </span>
     <span class='ocr_line' id='line_1_35' title="bbox 346 3329 1496 3440; baseline 0.002 -40"><span class='ocrx_word' id='word_1_241' title='bbox 346 3329 415 3400; x_wconf 88' lang='lat' dir='ltr'><strong>lum</strong></span> <span class='ocrx_word' id='word_1_242' title='bbox 433 3335 613 3438; x_wconf 69' lang='lat' dir='ltr'><strong>accepisset,</strong></span> <span class='ocrx_word' id='word_1_243' title='bbox 630 3335 692 3402; x_wconf 89' lang='lat' dir='ltr'><strong>hoc</strong></span> <span class='ocrx_word' id='word_1_244' title='bbox 711 3337 772 3402; x_wconf 89' lang='lat' dir='ltr'><strong>sibi</strong></span> <span class='ocrx_word' id='word_1_245' title='bbox 795 3336 827 3400; x_wconf 91' lang='lat' dir='ltr'><strong>in</strong></span> <span class='ocrx_word' id='word_1_246' title='bbox 852 3337 975 3403; x_wconf 86' lang='lat' dir='ltr'><strong>Nemea</strong></span> <span class='ocrx_word' id='word_1_247' title='bbox 997 3339 1199 3418; x_wconf 83' lang='lat' dir='ltr'><strong>eventurum)</strong></span> <span class='ocrx_word' id='word_1_248' title='bbox 1222 3355 1298 3401; x_wconf 84' lang='lat' dir='ltr'><strong>cunr</strong></span> <span class='ocrx_word' id='word_1_249' title='bbox 1316 3349 1394 3440; x_wconf 40' lang='lat' dir='ltr'><strong>&#39;toto</strong></span> <span class='ocrx_word' id='word_1_250' title='bbox 1494 3397 1496 3426; x_wconf 29' lang='grc' dir='ltr'><em>Ξ</em></span> 
     </span>
     <span class='ocr_line' id='line_1_36' title="bbox 347 3422 1496 3599; baseline -0.012 -25"><span class='ocrx_word' id='word_1_251' title='bbox 347 3422 1393 3599; x_wconf 53' lang='lat' dir='ltr'><strong>‘attii”tttrot&#39;ttttttttttstitttltttttt</strong></span> <span class='ocrx_word' id='word_1_252' title='bbox 1494 3451 1496 3554; x_wconf 71' lang='grc' dir='ltr'><strong>ἓ</strong></span> 
     </span>
     <span class='ocr_line' id='line_1_37' title="bbox 228 3595 1393 3700; baseline 0.004 -41"><span class='ocrx_word' id='word_1_253' title='bbox 228 3613 233 3622; x_wconf 88' lang='grc'><em>·</em></span> <span class='ocrx_word' id='word_1_254' title='bbox 347 3595 500 3674; x_wconf 89' lang='lat' dir='ltr'><strong>secundo,</strong></span> <span class='ocrx_word' id='word_1_255' title='bbox 523 3595 728 3683; x_wconf 80' lang='lat' dir='ltr'><strong>Crocylium3</strong></span> <span class='ocrx_word' id='word_1_256' title='bbox 751 3599 855 3674; x_wconf 88' lang='lat' dir='ltr'><strong>tertio,</strong></span> <span class='ocrx_word' id='word_1_257' title='bbox 874 3597 1026 3663; x_wconf 86' lang='lat' dir='ltr'><strong>Tichion.</strong></span> <span class='ocrx_word' id='word_1_258' title='bbox 1052 3597 1160 3700; x_wconf 68' lang='lat' dir='ltr'><strong>ibique</strong></span> <span class='ocrx_word' id='word_1_259' title='bbox 1178 3596 1337 3662; x_wconf 84' lang='lat' dir='ltr'><strong>substitit:</strong></span> <span class='ocrx_word' id='word_1_260' title='bbox 1360 3609 1393 3664; x_wconf 84' lang='lat' dir='ltr'><strong>ct</strong></span> 
     </span>
     <span class='ocr_line' id='line_1_38' title="bbox 347 3679 1496 3769; baseline 0.004 -25"><span class='ocrx_word' id='word_1_261' title='bbox 347 3679 492 3766; x_wconf 86' lang='lat' dir='ltr'><strong>praedam</strong></span> <span class='ocrx_word' id='word_1_262' title='bbox 508 3683 541 3745; x_wconf 92' lang='lat' dir='ltr'><strong>in</strong></span> <span class='ocrx_word' id='word_1_263' title='bbox 558 3681 719 3769; x_wconf 83' lang='lat' dir='ltr'><strong>Eupalion</strong></span> <span class='ocrx_word' id='word_1_264' title='bbox 743 3682 890 3750; x_wconf 86' lang='lat' dir='ltr'><strong>Locridis</strong></span> <span class='ocrx_word' id='word_1_265' title='bbox 906 3686 1000 3752; x_wconf 89' lang='lat' dir='ltr'><strong>misit.</strong></span> <span class='ocrx_word' id='word_1_266' title='bbox 1024 3705 1097 3748; x_wconf 89' lang='lat' dir='ltr'><strong>narn</strong></span> <span class='ocrx_word' id='word_1_267' title='bbox 1112 3705 1146 3747; x_wconf 92' lang='grc' dir='ltr'><strong>ιιι</strong></span> <span class='ocrx_word' id='word_1_268' title='bbox 1168 3684 1278 3748; x_wconf 83' lang='lat' dir='ltr'><strong>animo</strong></span> <span class='ocrx_word' id='word_1_269' title='bbox 1292 3681 1392 3748; x_wconf 82' lang='lat' dir='ltr'><strong>habe·</strong></span> <span class='ocrx_word' id='word_1_270' title='bbox 1495 3763 1496 3766; x_wconf 8' lang='grc' dir='ltr'><strong>Ἴ</strong></span> 
     </span>
     <span class='ocr_line' id='line_1_39' title="bbox 348 3765 1496 3858; baseline 0.005 -29"><span class='ocrx_word' id='word_1_271' title='bbox 348 3767 413 3842; x_wconf 86' lang='lat' dir='ltr'><strong>bat,</strong></span> <span class='ocrx_word' id='word_1_272' title='bbox 431 3765 485 3830; x_wconf 89' lang='lat' dir='ltr'><strong>nbi</strong></span> <span class='ocrx_word' id='word_1_273' title='bbox 501 3780 617 3833; x_wconf 82' lang='lat' dir='ltr'><strong>caetera</strong></span> <span class='ocrx_word' id='word_1_274' title='bbox 633 3769 704 3834; x_wconf 88' lang='lat' dir='ltr'><strong>loca</strong></span> <span class='ocrx_word' id='word_1_275' title='bbox 726 3769 813 3852; x_wconf 84' lang='lat' dir='ltr'><strong>prius</strong></span> <span class='ocrx_word' id='word_1_276' title='bbox 836 3771 869 3835; x_wconf 93' lang='lat' dir='ltr'><strong>in</strong></span> <span class='ocrx_word' id='word_1_277' title='bbox 891 3793 980 3836; x_wconf 86' lang='lat' dir='ltr'><strong>suam</strong></span> <span class='ocrx_word' id='word_1_278' title='bbox 997 3781 1183 3856; x_wconf 86' lang='lat' dir='ltr'><strong>potestatem</strong></span> <span class='ocrx_word' id='word_1_279' title='bbox 1207 3770 1391 3858; x_wconf 78' lang='lat' dir='ltr'><strong>redegisset,</strong></span> <span class='ocrx_word' id='word_1_280' title='bbox 1494 3767 1496 3810; x_wconf 68' lang='lat' dir='ltr'><strong>t</strong></span> 
     </span>
     <span class='ocr_line' id='line_1_40' title="bbox 346 3851 1392 3942; baseline 0.005 -26"><span class='ocrx_word' id='word_1_281' title='bbox 346 3851 391 3917; x_wconf 81' lang='lat' dir='ltr'><strong>ita</strong></span> <span class='ocrx_word' id='word_1_282' title='bbox 412 3853 540 3918; x_wconf 90' lang='lat' dir='ltr'><strong>demum</strong></span> <span class='ocrx_word' id='word_1_283' title='bbox 555 3869 667 3940; x_wconf 85' lang='lat' dir='ltr'><strong>postea</strong></span> <span class='ocrx_word' id='word_1_284' title='bbox 688 3856 838 3920; x_wconf 85' lang='lat' dir='ltr'><strong>aduersus</strong></span> <span class='ocrx_word' id='word_1_285' title='bbox 852 3855 1087 3942; x_wconf 87' lang='lat' dir='ltr'><strong>Ophionenses,</strong></span> <span class='ocrx_word' id='word_1_286' title='bbox 1112 3855 1318 3942; x_wconf 81' lang='lat' dir='ltr'><strong>Naupactum</strong></span> <span class='ocrx_word' id='word_1_287' title='bbox 1341 3875 1392 3921; x_wconf 85' lang='lat' dir='ltr'><strong>ra-</strong></span> 
     </span>
     <span class='ocr_line' id='line_1_41' title="bbox 347 3940 1392 4030; baseline 0.005 -27"><span class='ocrx_word' id='word_1_288' title='bbox 347 3959 464 4030; x_wconf 70' lang='lat' dir='ltr'><strong>rersus,</strong></span> <span class='ocrx_word' id='word_1_289' title='bbox 481 3940 540 4005; x_wconf 89' lang='lat' dir='ltr'><strong>nisi</strong></span> <span class='ocrx_word' id='word_1_290' title='bbox 556 3963 589 4006; x_wconf 84' lang='lat' dir='ltr'><strong>se</strong></span> <span class='ocrx_word' id='word_1_291' title='bbox 603 3941 721 4008; x_wconf 83' lang='lat' dir='ltr'><strong>dedere</strong></span> <span class='ocrx_word' id='word_1_292' title='bbox 734 3941 916 4020; x_wconf 80' lang='lat' dir='ltr'><strong>voluissent,</strong></span> <span class='ocrx_word' id='word_1_293' title='bbox 933 3963 1005 4008; x_wconf 88' lang='lat' dir='ltr'><strong>cum</strong></span> <span class='ocrx_word' id='word_1_294' title='bbox 1021 3944 1085 4008; x_wconf 85' lang='lat' dir='ltr'><strong>suis</strong></span> <span class='ocrx_word' id='word_1_295' title='bbox 1106 3943 1205 4028; x_wconf 88' lang='lat' dir='ltr'><strong>copiis</strong></span> <span class='ocrx_word' id='word_1_296' title='bbox 1220 3942 1392 4028; x_wconf 81' lang='lat' dir='ltr'><strong>proficisci.</strong></span> 
     </span>
     <span class='ocr_line' id='line_1_42' title="bbox 349 4023 1389 4118; baseline 0.003 -27"><span class='ocrx_word' id='word_1_297' title='bbox 349 4023 413 4091; x_wconf 83' lang='lat' dir='ltr'><strong>Sed</strong></span> <span class='ocrx_word' id='word_1_298' title='bbox 429 4025 481 4092; x_wconf 88' lang='lat' dir='ltr'><strong>hic</strong></span> <span class='ocrx_word' id='word_1_299' title='bbox 495 4042 666 4114; x_wconf 87' lang='lat' dir='ltr'><strong>apparatus</strong></span> <span class='ocrx_word' id='word_1_300' title='bbox 682 4027 809 4093; x_wconf 83' lang='lat' dir='ltr'><strong>AEtolos</strong></span> <span class='ocrx_word' id='word_1_301' title='bbox 822 4049 888 4094; x_wconf 90' lang='lat' dir='ltr'><strong>non</strong></span> <span class='ocrx_word' id='word_1_302' title='bbox 904 4029 1006 4109; x_wconf 85' lang='lat' dir='ltr'><strong>latuit,</strong></span> <span class='ocrx_word' id='word_1_303' title='bbox 1022 4030 1090 4094; x_wconf 90' lang='lat' dir='ltr'><strong>imo</strong></span> <span class='ocrx_word' id='word_1_304' title='bbox 1106 4051 1146 4094; x_wconf 90' lang='lat' dir='ltr'><strong>ne</strong></span> <span class='ocrx_word' id='word_1_305' title='bbox 1164 4041 1244 4094; x_wconf 88' lang='lat' dir='ltr'><strong>tuuc</strong></span> <span class='ocrx_word' id='word_1_306' title='bbox 1259 4029 1389 4118; x_wconf 81' lang='lat' dir='ltr'><strong>quidem</strong></span> 
     </span>
     <span class='ocr_line' id='line_1_43' title="bbox 346 4113 1391 4203; baseline 0.003 -26"><span class='ocrx_word' id='word_1_307' title='bbox 346 4131 445 4200; x_wconf 89' lang='lat' dir='ltr'><strong>quum</strong></span> <span class='ocrx_word' id='word_1_308' title='bbox 459 4115 599 4199; x_wconf 87' lang='lat' dir='ltr'><strong>primum</strong></span> <span class='ocrx_word' id='word_1_309' title='bbox 615 4113 782 4180; x_wconf 89' lang='lat' dir='ltr'><strong>consilinm</strong></span> <span class='ocrx_word' id='word_1_310' title='bbox 797 4115 955 4182; x_wconf 84' lang='lat' dir='ltr'><strong>inibatur:</strong></span> <span class='ocrx_word' id='word_1_311' title='bbox 982 4132 1014 4182; x_wconf 89' lang='lat' dir='ltr'><strong>et</strong></span> <span class='ocrx_word' id='word_1_312' title='bbox 1029 4125 1196 4203; x_wconf 85' lang='lat' dir='ltr'><strong>postquam</strong></span> <span class='ocrx_word' id='word_1_313' title='bbox 1220 4115 1285 4202; x_wconf 69' lang='lat' dir='ltr'><strong>qiua</strong></span> <span class='ocrx_word' id='word_1_314' title='bbox 1298 4135 1391 4182; x_wconf 81' lang='lat' dir='ltr'><strong>exer·</strong></span> 
     </span>
     <span class='ocr_line' id='line_1_44' title="bbox 346 4197 1391 4291; baseline 0.005 -27"><span class='ocrx_word' id='word_1_315' title='bbox 346 4197 428 4266; x_wconf 79' lang='lat' dir='ltr'><strong>citus</strong></span> <span class='ocrx_word' id='word_1_316' title='bbox 443 4203 477 4266; x_wconf 82' lang='lat' dir='ltr'><strong>irs</strong></span> <span class='ocrx_word' id='word_1_317' title='bbox 492 4203 641 4268; x_wconf 82' lang='lat' dir='ltr'><strong>AEtoliara</strong></span> <span class='ocrx_word' id='word_1_318' title='bbox 656 4201 782 4288; x_wconf 87' lang='lat' dir='ltr'><strong>irrupit,</strong></span> <span class='ocrx_word' id='word_1_319' title='bbox 798 4225 908 4269; x_wconf 88' lang='lat' dir='ltr'><strong>omnes</strong></span> <span class='ocrx_word' id='word_1_320' title='bbox 920 4203 1026 4270; x_wconf 81' lang='lat' dir='ltr'><strong>AEtoli</strong></span> <span class='ocrx_word' id='word_1_321' title='bbox 1039 4201 1161 4291; x_wconf 78' lang='lat' dir='ltr'><strong>ingenti</strong></span> <span class='ocrx_word' id='word_1_322' title='bbox 1177 4221 1275 4269; x_wconf 88' lang='lat' dir='ltr'><strong>manu</strong></span> <span class='ocrx_word' id='word_1_323' title='bbox 1286 4201 1391 4270; x_wconf 80' lang='lat' dir='ltr'><strong>ei‘als·</strong></span> 
     </span>
    </p>
   </div>
   <div class='ocr_carea' id='block_1_6' title="bbox 600 911 963 980">
    <p class='ocr_par' dir='ltr' id='par_1_6' title="bbox 600 911 963 980">
     <span class='ocr_line' id='line_1_45' title="bbox 600 911 963 980; baseline -0.006 0"><span class='ocrx_word' id='word_1_324' title='bbox 600 935 693 980; x_wconf 87' lang='lat' dir='ltr'><strong>onem</strong></span> <span class='ocrx_word' id='word_1_325' title='bbox 708 911 800 978; x_wconf 81' lang='lat' dir='ltr'><strong>facile</strong></span> <span class='ocrx_word' id='word_1_326' title='bbox 812 911 963 978; x_wconf 83' lang='lat' dir='ltr'><strong>facturos.</strong></span> 
     </span>
    </p>
   </div>
   <div class='ocr_carea' id='block_1_7' title="bbox 0 0 1502 4788">
    <p class='ocr_par' dir='ltr' id='par_1_7' title="bbox 0 0 1502 4788">
     <span class='ocr_line' id='line_1_46' title="bbox 0 0 1502 4788; baseline 0 1"><span class='ocrx_word' id='word_1_327' title='bbox 0 0 1502 4788; x_wconf 95' lang='lat' dir='ltr'><strong> </strong></span> 
     </span>
    </p>
   </div>
   <div class='ocr_carea' id='block_1_8' title="bbox 1495 3815 1498 4788">
    <p class='ocr_par' dir='ltr' id='par_1_8' title="bbox 1495 3815 1498 4788">
     <span class='ocr_line' id='line_1_47' title="bbox 1495 3815 1498 4788; baseline 0 0"><span class='ocrx_word' id='word_1_328' title='bbox 1495 3815 1498 4788; x_wconf 95' lang='lat' dir='ltr'><strong> </strong></span> 
     </span>
    </p>
   </div>
  </div>
 </body>
</html>
