3004 4768
383 282 631 374 IssllS'llORlAE
653 282 744 352 LlB.
766 279 865 350 v111.
1091 291 1155 358 481

114 447 171 514 reti
217 451 280 518 Sed
302 453 449 524 eum‘llle
472 477 591 523 morem
614 456 691 543 ipsis
710 477 820 546 gerere
839 453 956 521 nollett
988 452 1157 525 Pedsritce
1188 464 1254 517 neu.-

112 535 154 600 de
176 535 242 616 illo,
267 554 303 605 nt
325 542 554 626 rempublicam
579 544 725 620 loedente,
748 540 1012 607 Lacedoemonern
1034 542 1153 608 scribit.
1170 528 1257 642 ἓξὲξ

114 621 223 712 Atque
245 647 295 690 res
317 627 457 714 quidem,
473 650 546 713 quoe
569 630 611 694 eb
622 626 876 708 Atheniensibus
898 626 933 690 in
957 625 1041 694 Chio
1063 625 1271 719 gere-015&

110 706 239 786 buntur,
254 711 288 775 in
303 711 366 778 hoc
380 727 471 780 erent
484 725 577 780 stetu.
623 715 686 780 Sed
701 735 795 780 neres
809 712 962 797 ipsorum,
977 735 1051 800 quse
1065 715 1150 799 opud
1178 720 1219 771 ⁹²·
1236 721 1260 772 1.

111 793 244 862 Qum
258 799 428 864 stetionem
448 799 618 878 bebebent,
633 797 867 865 incursionibus
880 797 1014 884 quidem·
1023 798 1152 868 infeste·
1177 785 1254 898 ξιξ·

108 880 187 946 bent
209 904 271 961 ees,
287 905 361 965 quie
380 885 465 972 epod
491 885 641 952 Miletum
660 887 805 952 nubunt:
834 885 887 950 sed
908 903 981 949 cum
1003 883 1153 952 adversus
1186 881 1254 964 ω]

107 967 239 1051 prodire
252 970 384 1049 nollent,
400 972 609 1051 Athenienses,
624 971 658 1036 in
677 972 810 1038 Senium
832 972 1151 1060 rursus'eeserecipi·

105 1065 208 1135 entes,
244 1056 437 1124 uiescebent.
1120 1066 1125 1074 '

16 1182 19 1188 -
151 1139 205 1206 8'9.
256 1163 292 1208 er
305 1144 438 1209 eandem
461 1143 608 1231 hyemem
631 1142 695 1208 ille
717 1157 837 1231 reptem
860 1155 893 1210 et
906 1141 1019 1231 viginti
1043 1165 1149 1226 neves,

104 1245 181 1326 quse
199 1225 406 1294 Phernebcw
420 1251 440 1294 e
455 1229 707 1295 lacedemoniis
718 1242 910 1317 preparate
923 1229 1060 1310 fuerent,
1073 1229 1149 1296 Cel·

103 1310 194 1399 lrgeti
217 1311 417 1402 Megarensis
438 1328 471 1380 et
485 1315 561 1380 Tm
625 1339 671 1380 rae
695 1316 845 1404 Cyziceni
866 1337 975 1402 opere,
996 1333 1038 1380 ex
1054 1314 1148 1382 Pelo·
1283 1315 1286 1322 ’

148 1417 249 1464 nnem
269 1401 430 1486 proiecte,
446 1401 532 1466 circe
553 1423 590 1466 eo
617 1402 721 1467 titium
745 1402 918 1468 inluuiem
942 1401 1146 1488 trajecerunt.

122 1481 237 1574 llisque
250 1501 387 1571 preerat
401 1487 607 1552 Antisthenes
624 1489 809 1573 Sportenue.
854 1488 940 1553 Cum
963 1486 1144 1552 hoc'eutem
1163 1497 1266 1544 neaem-

101 1567 343 1638 Leccdeemonii
371 1573 525 1638 miserunt
554 1573 647 1638 etiem
680 1573 827 1639 undecim
857 1573 941 1637 viros
971 1574 1146 1657 Spartanos
1154 1563 1232 1676 “⁰2¹ss

102 1656 257 1741 (quorum
281 1679 364 1723 unns
379 1673 447 1723 eret
470 1657 596 1735 Lichas,
612 1660 763 1723 Arcesilai
776 1660 891 1744 filims)
908 1670 945 1723 ut
960 1657 1146 1746 Astyoches

99 1761 216 1807 eorum
233 1744 367 1810 consilio
388 1757 540 1809 uteretur.
585 1744 667 1829 ipsis
689 1757 795 1810 entem
820 1757 1016 1830 praeceptum
1030 1742 1152 1824 fueret,

99 1839 138 1891 ut
156 1825 307 1893 Miletum
323 1829 466 1913 proiecti,
482 1828 575 1893 simul
590 1851 664 1894 cum
675 1829 912 1906 slie'curerent,
929 1841 964 1895 ut
974 1849 1071 1932 quern
1085 1851 1145 1915 op-

98 1912 182 1977 time
202 1912 366 1993 heberent,
383 1929 449 1980 tum
471 1935 546 1980 vero
569 1913 626 1980 hes
648 1915 731 1999 ipses
744 1937 849 1994 neves,
866 1913 914 1980 vel
939 1915 1080 1996 totidem,
1094 1915 1146 1982 vel

95 1995 222 2084 plures,
238 1999 287 2066 vel
298 2001 392 2065 etiem
409 2002 583 2084 pauciores,
599 2000 633 2065 in
659 1999 917 2086 Hellespontum,
932 1999 972 2066 ed
998 1999 1144 2067 Pherno-

98 2085 227 2164 beznrn,
250 2087 277 2149 si
290 2086 461 2164 rideretur,
483 2087 655 2165 mitterent,
670 2085 921 2163 et.Cleerchum,
947 2085 1143 2171 Rhsmphise

79 2172 207 2254 flium,
223 2173 279 2258 qui
301 2175 334 2236 in
352 2173 461 2236 eedem
485 2171 583 2237 clesse
596 2171 780 2252 vehebatur,
795 2173 842 2238 Ιώ
863 2171 977 2236 ducem
999 2171 1143 2255 praefice·

95 2259 182 2335 rent,
206 2271 238 2322 et
252 2257 447 2345 Astyochum
463 2259 503 2341 (si
527 2257 674 2323 undecim
694 2259 770 2323 viris
792 2256 944 2343 placeret)
958 2269 1144 2325 amoverent

93 2364 117 2406 e
140 2343 325 2422 neverchio,
347 2359 381 2408 et
403 2343 627 2409 Antisthenem
651 2346 686 2408 in
709 2342 772 2429 ejus
790 2345 882 2409 Ιοαιηι
905 2342 1142 2412 substituerent.

94 2427 186 2494 Nem
207 2441 339 2515 propter
355 2428 498 2496 Pederiti
520 2427 667 2514 epistolas
688 2430 794 2513 ipsum
809 2429 842 2494 A
1015 2449 1145 2514 suspec-

91 2527 167 2580 tnrn
183 2515 355 2580 hebebant.
400 2514 485 2580 Cum
508 2515 607 2602 igitur
622 2515 672 2579 hee
691 2537 820 2580 nevese
877 2514 946 2581 eles
967 2514 1140 2600 pereleum

89 2599 1144 2770 tuuuttututututttu

1086 2733 1095 2765 θ

90 2776 293 2838 cremarunt.
335 2773 451 2840 Postea
471 2793 556 2850 vero,
573 2773 675 2852 veriti,
692 2795 731 2838 ne
744 2771 871 2856 reliques
895 2770 1139 2836 Atheniensium

80 2875 192 2924 ,neves
209 2879 251 2924 ex
267 2858 357 2924 Melo
378 2859 522 2944 elspsae(
547 2857 611 2922 uod
625 2859 755 2940 eccidit)
772 2856 1020 2924 Atheniensibus
1041 2856 1074 2921 in
1090 2855 1141 2920 in·

87 2943 166 3008 sule
189 2945 282 3011 Samo
306 2945 472 3010 stationem
496 2943 539 3008 he
578 2944 686 3008 ntibus
708 2965 799 3009 suurn
829 2942 1000 3008 edventum
1026 2955 1139 3008 notum

88 3031 248 3107 fecerent,
265 3031 395 3096 Cretum
410 3051 519 3094 versus
540 3029 736 3118 navigantes,
750 3040 804 3094 ‘et
825 3030 973 3094 coniecto
995 3025 1049 3092 lon
1074 3027 1141 3092 ‘ore

86 3115 305 3203 navigationis
315 3137 422 3193 cursu,
434 3129 469 3180 ut
483 3115 584 3181 tutius
597 3132 658 3180 tter
667 3112 818 3191 fecerent,
833 3113 874 3179 ed
889 3112 1037 3178 Cenum
1083 3113 1141 3178 sie

87 3203 297 3287 appulerunt.
344 3201 435 3266 Hinc
450 3223 536 3280 vero,
552 3199 641 3286 qussi
654 3201 688 3264 in
702 3197 848 3286 tntojom
858 3211 974 3276 essent,
988 3199 1139 3264 nuntium

87 3288 250 3352 eniserunt
263 3286 303 3350 sd
319 3285 460 3366 classem,
477 3287 606 3374 quoted
622 3285 772 3352 Miletum
787 3284 900 3364 stabnt,
917 3297 953 3350 ut
975 3285 1043 3372 ejus
1056 3306 1139 3369 prae·

86 3371 179 3438 sidio
192 3373 306 3437 muniti
321 3375 396 3438 illuc
410 3371 652 3439 deducerentur.

136 3466 192 3524 4⁰.
218 3459 344 3523 lntereu
371 3479 449 3523 vero
479 3457 554 3523 Chii
583 3471 617 3524 et
647 3457 814 3524 Pederitus
842 3456 1049 3545 Astyochum,
1079 3456 1137 3522 etsi
1171 3467 1230 3515 rost

85 3557 308 3622 coementem,
324 3544 427 3609 nihilo
440 3557 546 3610 temen
563 3545 668 3610 minus
677 3567 735 3630 per
748 3545 878 3610 nuntios
889 3547 933 3608 a‘d
946 3542 1139 3612 summissos
1155 3533 1212 3580 ³⁸¹¹·
1226 3533 1248 3582 ¹·

80 3629 239 3708 orebent,
255 3643 292 3696 nt
312 3631 372 3696 sibi
396 3630 529 3696 obsessis
543 3651 637 3717 opem
660 3651 732 3697 cum
749 3642 817 3695 tote
839 3628 1058 3707 desuesceret,
1077 3648 1137 3694 nec

83 3715 264 3782 maximam
278 3717 408 3781 omniumr
429 3717 592 3782 socielimn
608 3716 836 3802 urbiumque
857 3715 889 3780 in
913 3713 1006 3783 Ionie'
1020 3727 1136 3796 essent,

82 3814 125 3868 et
139 3823 158 3865 e
172 3803 252 3866 meri
267 3801 448 3880 intercludi,
464 3805 511 3868 ita
525 3813 560 3866 ut
573 3801 636 3887 eires
648 3823 704 3867 usu
717 3802 941 3886 prohiberetur,
963 3813 1030 3865 ete
1052 3811 1137 3876 terre

82 3888 268 3954 latrociniis
296 3888 393 3973 diripi
422 3899 594 3974 peteretur.
639 3887 795 3954 Chiorum
823 3886 909 3954 eoin
939 3885 1031 3963 servi,
1061 3885 1136 3972 quie

1233 1633 1266 1673 le·

124 4119 137 4149 ⁸
148 4117 182 4166 Et
192 4120 307 4184 ubsque
318 4119 473 4182 nerlgntione
484 4133 527 4180 per
537 4119 673 4168 custodient
684 4119 803 4174 mnisete,
814 4119 845 4165 sd
857 4119 970 4166 ceunum
981 4121 1029 4163 ete.
1060 4113 1135 4162 Velle.

81 4180 127 4229 Et
137 4195 216 4242 quum
231 4197 349 4246 moenem
365 4184 527 4246 navigationis
542 4191 637 4246 pectem
649 4183 758 4232 adhibite
768 4183 877 4232 custodle
887 4185 911 4228 ct
926 4179 1050 4240 diligenter
1067 4191 1136 4226 eces-

80 4248 172 4294 uua
182 4248 342 4297 mntoetumt
353 4256 399 4297 ete
427 4249 506 4311 erepte
629 4313 636 4330 Ι

599 4333 610 4377 Ι
628 4334 638 4376 l
