3004 4768
422 295 667 379 HtsT'outm
692 305 781 379 LIB.
797 311 882 380 'VlL
1113 327 1175 386 451

155 477 231 550 Ἥ.
255 479 365 546 Duces
378 487 484 547 autem
499 482 543 547 'ob
555 481 650 547 istum
666 483 815 549 nuntium
831 507 870 550 eu
884 487 1177 574 noctesup'ersede-
1211 509 1273 560 neu.

15 628 20 636 ,
131 577 218 643 runt,
241 566 361 632 nullam
386 567 685 634 subesse'fraudeni
702 569 781 636 rati.
826 571 912 635 Cum
939 582 1045 638 autem
1069 597 1110 641 ne
1132 575 1177 642 sic
1195 573 1279 636 stlte

132 653 263 738 quidem
278 654 387 718 statim
403 654 626 732 discessissent,
643 655 718 740 ipsis
733 669 764 721 et
776 657 994 744 insequentem
1010 659 1094 724 diem
1109 663 1178 727 illie
1192 639 1287 765 3ὲῇ

130 759 298 804 remanere
309 741 437 825 placuit,
450 752 487 804 ut
498 741 612 804 milites
627 761 687 824 pro
702 744 850 826 proesenti
863 742 1010 810 facultate
1025 753 1178 814 convasa·
1202 767 1242 819 91.
1253 736 1294 814 ι’

130 836 205 888 rent
218 847 313 911 quam
325 825 581 890 commodissime
591 841 739 910 possent:
762 839 793 891 et
803 841 918 893 caetera
929 817 1059 916 quidem
1069 835 1177 900 omnia
1204 829 1236 879 U·
1247 833 1276 880 α

131 909 328 997 relinqueres
351 911 425 976 solis
440 933 516 976 vero
531 913 636 990 rebus,
652 925 811 1000 quotquot
833 916 872 978 ad
899 917 1042 1000 corporis
1057 918 1176 986 victum
1204 894 1273 1007 {ff

131 1016 169 1060 ae
183 998 330 1062 vestitum
346 1010 450 1062 essent
464 998 660 1075 necessariae,
671 999 829 1076 assumtis,
842 1000 938 1064 abire.
984 1001 1175 1088 Syracusani
1209 1025 1273 1084 nug.

132 1103 209 1146 vero
223 1093 255 1148 et
270 1083 431 1170 Gylippus
445 1106 517 1148 cum
534 1083 677 1169 peditatu
692 1084 819 1171 quidem
835 1086 924 1170 prius
939 1089 1067 1170 egressi,
1084 1112 1175 1188 quam
1216 1087 1258 1137 ⁸¹·

131 1169 184 1231 itti
197 1171 396 1247 discederent,
414 1182 445 1234 et
459 1171 525 1234 rias
546 1191 604 1254 per
625 1191 710 1235 suam
732 1171 909 1258 regionem,
925 1193 989 1258 qua
1006 1174 1175 1240 verisimile

131 1265 202 1316 erat
217 1255 426 1320 Athenienses
442 1257 502 1320 iter
518 1254 670 1333 facturos,
687 1255 926 1338 obstruxerunt,
940 1271 972 1322 et
987 1257 1127 1324 rivorum
1142 1273 1175 1326 et

130 1338 301 1406 fluviorum
316 1341 468 1406 transitus
480 1341 711 1408 custodiebant.
757 1341 802 1408 Et
821 1342 852 1406 in
867 1341 945 1406 lucis
958 1344 998 1408 ad
1014 1345 1175 1430 excipien-

131 1425 210 1489 dum
233 1427 407 1492 exercitum
434 1427 714 1514 opportunisque
735 1431 923 1493 trurtsiturus
944 1429 1123 1514 videbatur,
1139 1446 1175 1498 ut

131 1511 196 1595 ejus
210 1515 374 1578 transitum
389 1514 589 1598 impedirent,
606 1514 674 1578 acie
689 1514 844 1579 instructa
858 1513 992 1579 stabant.
1039 1516 1086 1582 At
1100 1539 1174 1582 cum

130 1597 232 1662 classe
245 1599 648 1684 profecti,Atheniensium
672 1621 766 1663 naves
782 1621 801 1663 a
815 1599 921 1664 littore
940 1599 1174 1668 abstraxerunt.

131 1683 268 1769 Aliquot
293 1688 387 1750 etiam
411 1685 790 1771 concremarunt,·(quod
812 1685 861 1749 vel
886 1685 945 1770 ipsi
963 1685 1174 1768 Athenienses

129 1767 236 1834 facere
250 1769 282 1834 in
300 1772 407 1837 animo
421 1771 614 1852 habuerant)
630 1783 761 1836 caeteras
782 1791 855 1836 vero
873 1792 931 1856 per
953 1772 1068 1853 otium,
1083 1774 1173 1840 nullo

129 1856 331 1938 prohibente,
347 1870 385 1922 ut
398 1880 534 1944 quaeque
547 1856 628 1922 forte
644 1855 873 1943 aliquodelata
890 1855 1003 1935 fuerat,
1023 1859 1173 1948 religatas

130 1941 166 2004 in
181 1942 294 2008 urbem
308 1956 486 2008 traxerunt.

161 2035 228 2096 v75.
253 2028 370 2102 Postea
378 2051 463 2108 vero,
477 2052 548 2096 cum
563 2029 667 2095 Niciae
679 2040 711 2093 et
721 2027 931 2094 Demostheni
941 2049 992 2095 res
1002 2028 1078 2096 satis
1088 2051 1172 2116 prae·
1182 2043 1248 2104 Seps.
1259 2043 1280 2090 r.

128 2127 252 2199 paratae
267 2138 334 2180 esse
348 2117 424 2180 visae
437 2130 522 2191 sum,
532 2115 598 2200 jam
616 2115 744 2184 tertios
758 2115 861 2180 navali
877 2137 985 2203 pugna
999 2115 1051 2181 die
1071 2121 1173 2180 castra

129 2216 314 2268 moverunt.
359 2201 445 2267 Haec
470 2202 568 2290 igitur
592 2223 642 2266 res
667 2213 735 2266 erat
761 2204 885 2278 acerba,
908 2221 974 2266 nou
995 2213 1130 2280 tantum,
1145 2203 1172 2268 si

127 2288 203 2438 quis
218 2287 343 2376 singula
351 2301 481 2373 spectet,
494 2287 580 2374 quod
592 2289 733 2352 nimirum
747 2301 778 2351 et
790 2287 903 2353 amissa
913 2282 1173 2362 classe'uuiversa

153 2373 340 2453 iscederent,
356 2387 388 2440 et
409 2395 469 2460 pro
492 2396 543 2438 ma
588 2395 782 2458 aspe,cum
806 2373 876 2456 ipsi,
900 2374 1086 2438 tumetium
1102 2377 1172 2438 uni·
1203 2421 1207 2432 .

127 2481 220 2524 versa
235 2461 346 2526 civitas
356 2461 391 2524 in
405 2461 516 2524 solertis
554 2459 699 2523 rscriruen
716 2470 798 2523 esset
812 2457 969 2523 adducta:
994 2459 1050 2524 scd
1066 2459 1172 2537 etiam,

127 2545 219 2630 quod
234 2546 267 2610 in
282 2547 392 2612 castris
405 2543 588 2610 deserendis
604 2545 773 2630 unicuique
784 2543 1017 2632 contingerent,
1030 2567 1102 2632 quae
1114 2566 1173 2610 nec

127 2633 267 2717 spectari
296 2654 355 2698 nec
378 2631 511 2718 cogitari
536 2631 604 2695 sine
628 2629 726 2694 animi
755 2637 876 2716 angore
900 2641 1041 2716 possent.
1085 2627 1171 2694 Nam

127 2739 206 2781 curn
228 2720 349 2784 mortui
374 2731 476 2784 essent
498 2713 657 2801 insepulti,
673 2716 797 2803 quoties
818 2714 889 2800 quia
911 2715 1049 2804 aliquem
1064 2737 1172 2780 neces·

126 2804 287 2869 sariorum
299 2807 458 2892 jacentem
466 2803 691 2888 conspexisset,
701 2823 839 2867 moerore
850 2802 943 2866 simul
956 2814 988 2867 et
1002 2815 1087 2867 metu
1104 2801 1172 2868 affi-

127 2889 286 2957 ciebatur.
334 2893 403 2962 Vivi
425 2913 511 2970 vero,
536 2890 592 2976 qui
618 2889 878 2974 relinquebantur
902 2901 935 2952 et
959 2887 1117 2954 vulnerati
1140 2901 1171 2953 et

201 2977 258 3057 oti,
270 2977 373 3043 multo
384 2979 534 3065 majorem
551 2997 734 3052 moerorem,
750 2995 844 3061 quam
859 2973 988 3051 mortui,
1005 2975 1082 3038 vivis
1097 2973 1172 3038 affe·

209 3079 257 3144 nt,
272 3077 304 3130 et
318 3057 411 3130 mistro
426 3063 612 3138 miseriores,
628 3080 722 3148 quam
739 3059 891 3137 defuncti,
908 3060 985 3142 ipsis
1006 3081 1068 3124 esse
1089 3060 1172 3124 uidc-

127 3149 255 3216 baama
302 3151 384 3216 Nam
403 3150 441 3216 ad
459 3171 566 3235 preces
581 3163 613 3212 et
626 3144 866 3230 lamentationes
889 3147 1033 3229 conversi
1049 3155 1173 3210 ceteros

127 3236 420 3302 addubitationem
444 3235 625 3323 adigebant,
640 3243 752 3310 atmm,
769 3223 834 3295 illis
847 3233 976 3309 relictis,
991 3231 1173 3309 abeundum,

127 3343 174 3388 art
188 3345 254 3387 cum
268 3319 334 3390 itt'is
347 3325 572 3400 remanendum,
589 3319 676 3407 quod
690 3319 761 3383 ilios
776 3328 913 3393 orarent,
930 3328 965 3380 ut
987 3338 1022 3380 se
1037 3315 1173 3382 abduce-

126 3423 214 3487 rent,
230 3423 262 3474 et
280 3411 530 3496 uniuscujusque
549 3405 648 3471 fidem
671 3403 886 3490 implorarent,
903 3399 1004 3466 sicubi
1026 3401 1096 3489 quis
1114 3400 1173 3468 ali·

53 3543 59 3550 ·
127 3517 228 3582 quem
243 3509 298 3560 aut
313 3496 467 3562 sodalium
485 3508 541 3559 aut
556 3491 759 3559 familiarium
783 3489 1118 3566 animadvertissem
1133 3511 1173 3554 ex

128 3582 408 3648 contubernalium
428 3583 495 3668 jam
521 3581 708 3645 abeuntium
730 3574 904 3642 cervicibus
925 3573 1112 3658 penderent,
1127 3585 1172 3653 et,

127 3690 298 3756 queamus
323 3680 460 3754 possent,
477 3689 526 3734 eos
551 3667 799 3751 insequerentur.
845 3660 944 3738 Quod
959 3661 984 3726 si
999 3665 1086 3748 quos'
1102 3683 1173 3726 cor-

127 3756 219 3841 poris
233 3757 314 3820 vires
329 3769 402 3820 ante
415 3755 596 3819 conlectum
612 3750 673 3816 iter
687 3747 882 3828 defecissent,
895 3769 961 3811 non
977 3747 1044 3812 sine
1063 3746 1172 3832 multis

126 3841 395 3910 obtestationibus
411 3863 447 3905 ac
467 3837 642 3926 ploratibus
665 3837 704 3902 ab
727 3837 802 3899 aliis
827 3834 1068 3908 deserebantur3
1092 3834 1173 3908 adeo

125 3940 168 3994 ut
184 3927 287 3993 omnis
303 3929 469 4004 exercitus,
486 3924 635 4012 lacrymis
650 3923 787 4010 repletus
803 3934 834 3985 et
847 3919 1029 4006 hujusmodi
1046 3919 1172 3983 dubita-

126 4014 224 4080 tione
245 4018 432 4089 relordatus,
448 4035 512 4076 non
535 4009 627 4076 facile
652 4008 812 4073 discedere
835 4018 951 4092 posset,
966 4007 1108 4088 quamvis
1129 4027 1170 4068 ex

125 4101 256 4170 hostico
267 4103 477 4166 discedendum
493 4101 570 4184 ipsis
583 4106 667 4172 esset,
685 4108 752 4159 tum
772 4094 838 4178 jam
855 4091 904 4156 vel
925 4093 1048 4176 majora
1062 4090 1173 4174 passis,

129 4209 230 4274 quam
246 4210 318 4274 quse
332 4185 480 4273 lacrymis
500 4185 608 4250 defleri
632 4189 773 4266 possent,
789 4193 856 4246 tum
872 4179 966 4244 etiam
982 4175 1090 4242 futura
1105 4197 1173 4239 me-

125 4273 305 4354 tuentibus,
317 4274 441 4362 nequid
452 4275 783 4416 grauius-paterqntur.
829 4261 1032 4351 Magnusque
1042 4281 1171 4362 moeror,

603 4376 625 4418 ⁶
640 4375 663 4440 s
