2990 4792
350 313 411 368 rso
714 295 1018 374 THUCYDmls

253 467 320 538 stri
394 480 445 544 77.
463 475 578 540 Postea
592 497 668 541 vero
684 477 917 564 Peloponnesii,
934 498 1006 543 curn
1022 477 1179 543 machinis
1194 477 1278 542 nibil·
1290 481 1384 563 proli·

243 553 326 668 ¹⁹:2¹⁰}-
351 576 469 640 terent,
496 577 527 626 et
556 562 702 628 adversus
725 587 874 652 aggerem
905 566 1041 630 munitio
1068 565 1266 650 erigeretur,¹
1280 566 1386 632 existi·
1487 611 1488 618 .

235 629 332 746 0⁸15'mf,
352 661 472 715 mantes
494 649 703 734 praesentibus
726 653 900 716 terroribus
921 653 1032 716 urbem
1056 651 1128 734 capi
1150 673 1215 716 non
1237 673 1341 737 posse,
1355 673 1385 716 se
1447 725 1451 734 ,
1486 669 1488 676 ⁴

247 748 286 795 ar.
301 749 323 812 ff.
350 737 390 798 ad
414 757 484 801 eam
507 757 600 802 muro
621 737 812 824 cingendam
833 738 999 823 parabant
1044 738 1124 821 lpsis
1146 749 1251 802 tamen
1271 737 1384 802 urbem

248 813 319 924 ξιξ·
350 823 438 908 prius
463 823 538 910 igne
562 835 685 888 tentare
706 823 835 909 placuit,
860 826 887 888 si
909 836 1038 909 possent
1060 836 1172 888 coorto
1196 834 1292 890 vento
1318 845 1384 888 eam

255 912 321 1014 ⁸²⁵3
350 908 1148 1084 ilttlt‘23ltliltiltl0ltt‘....llll
1162 910 1385 1062 {lette
1486 1025 1487 1028 κ

349 1096 465 1159 sumtu,
481 1095 513 1147 et
533 1081 700 1147 obsidione
718 1085 750 1146 in
767 1102 856 1147 suam
916 1093 1059 1147 testatem
1081 1082 1227 1170 redigere
1247 1094 1386 1168 possent.
1486 1101 1487 1106 ’

348 1181 564 1255 comportatos
584 1169 682 1252 igitur
703 1169 845 1234 materiae
860 1103 1025 1234 deicieulm
1038 1169 1177 1254 primurn
1200 1169 1333 1255 quidem
1353 1169 1384 1234 in

348 1277 417 1320 eam
441 1267 575 1342 partem,
591 1277 665 1341 quae
687 1269 754 1319 erat
777 1256 861 1320 inter
883 1275 1011 1319 murum
1033 1267 1067 1318 et
1087 1275 1247 1342 aggerem,
1261 1277 1304 1319 ex
1317 1256 1386 1340 ipso

348 1363 465 1430 aggere
487 1343 701 1427 conjecerunt.
752 1341 835 1405 Cum
859 1353 966 1408 autem
986 1354 1119 1428 propter
1142 1353 1262 1406 tanum
1283 1339 1386 1406 bomi-

348 1448 426 1493 num
449 1449 579 1493 manum
604 1427 747 1493 celeriter
768 1427 877 1493 suisset
898 1427 1029 1512 repleta,
1051 1429 1084 1490 in
1112 1426 1270 1514 reliquum
1293 1428 1386 1494 seiam

349 1515 449 1592 urbis,
478 1526 632 1601 quantum
662 1513 703 1579 de
732 1514 804 1578 loco
833 1514 995 1599 superiore
1022 1513 1198 1600 plurimum
1228 1535 1387 1600 occupare
1486 1517 1488 1530 '

348 1613 534 1685 potuerunt,
552 1601 715 1667 materiam
741 1613 992 1688 congesseruntr
1015 1619 1150 1686 eamque
1165 1601 1283 1687 injecto
1303 1603 1385 1688 igne,

348 1709 422 1754 cum
452 1685 606 1772 sulphure
634 1699 667 1751 et
700 1688 784 1773 pice,
814 1687 1040 1763 incenderunt;
1077 1698 1165 1751 tanta
1188 1709 1230 1750 ue
1258 1686 1387 1751 flamma

349 1774 490 1840 excitata
519 1787 575 1850 est,
606 1785 758 1859 quantam
793 1773 898 1838 nullus
931 1793 1084 1874 unquam.
1103 1773 1144 1838 sd
1168 1709 1255 1838 blod
1287 1793 1387 1860 usque

349 1871 474 1946 tempus
503 1859 614 1923 saltem
644 1881 742 1924 mann
771 1860 943 1925 excitatem
967 1858 1099 1924 viderat
1143 1858 1216 1924 Janr
1242 1859 1330 1924 enirn
1357 1869 1388 1924 ct

349 1951 432 2012 alias
466 1947 605 2022 arbores,
636 1967 708 2032 quea
737 1957 811 2010 sunt
846 1946 880 2010 in
911 1946 1067 2011 montium
1098 1944 1203 2032 sylvis,
1233 1967 1320 2025 casn,
1356 1945 1387 2008 ri

349 2047 528 2111 ventorum,
545 2043 658 2096 mutuo
672 2053 831 2096 concursu
842 2031 972 2108 collisae,
985 2033 1102 2118 ignem,
1111 2031 1339 2118 flammamque
1348 2052 1389 2097 ex

349 2117 412 2184 hoc
427 2129 613 2204 conceptam
629 2120 815 2185 emiserunt.
860 2115 938 2183 Hoc
952 2139 1029 2182 reno
1044 2117 1227 2184 incendium
1244 2130 1277 2183 et
1297 2139 1386 2204 meg·

349 2227 428 2270 num
443 2204 574 2279 exstitit,
590 2217 622 2268 et
639 2203 838 2283 Plataeenses,
855 2205 911 2291 qui
926 2216 1041 2270 caetera
1057 2205 1204 2281 vitarent,
1219 2222 1389 2289 propemo-

349 2291 427 2356 dum
443 2289 607 2355 absumsit.
658 2289 767 2355 ”Nam
782 2291 868 2356 intra
887 2291 928 2355 ad
943 2291 1125 2378 complures
1141 2291 1229 2356 urbis
1243 2291 1388 2378 regiones

349 2377 500 2444 accedere
521 2387 626 2439 tutum
647 2397 713 2440 non
735 2389 814 2442 erat.
859 2377 956 2446 Quod
978 2378 1006 2441 si
1027 2390 1140 2445 sentus
1161 2377 1321 2442 secundm
1343 2379 1390 2457 (nt

349 2463 521 2530 adversarii
540 2464 757 2547 speraverant)
780 2463 821 2528 ad
841 2464 942 2547 ipsam
962 2461 1304 2550 accessisset,effi1gere
1323 2483 1389 2526 non

347 2550 535 2638 potuissent.
581 2549 678 2614 Nunc
700 2571 776 2613 vero
797 2549 859 2614 boc
880 2551 976 2614 etiam
997 2549 1150 2616 accidisse
1170 2549 1281 2626 fertur,
1301 2568 1389 2636 mag·

349 2657 424 2701 nam
448 2639 511 2698 vim
535 2657 627 2725 aquae
652 2635 693 2700 de
722 2635 807 2700 coelo
833 2655 905 2702 curn
930 2635 1079 2700 tonitruis
1100 2635 1208 2700 effuse
1227 2633 1390 2700 flammam

349 2723 540 2800 restinxisse,
556 2722 646 2786 etita
662 2721 804 2807 periculo
819 2721 978 2786 liberasse.

247 2793 314 2904 9⁸5³·
394 2815 447 2876 78.
472 2807 696 2893 Peloponnesii
712 2829 797 2886 sero,
813 2829 886 2872 cum
903 2810 963 2872 hoc
977 2826 1106 2910 quoque
1116 2820 1232 2873 conatu
1246 2805 1391 2896 frustrati
1486 2837 1487 2842 ¹

245 2871 328 2972 „iffi
350 2894 490 2970 lirissent,
507 2894 644 2981 quadarn
660 2895 825 2977 copiarum
846 2907 936 2978 parte
949 2895 994 2958 ibr
1010 2893 1131 2974 relicta,
1144 2907 1179 2958 et
1197 2893 1323 2958 eatena
1341 2893 1391 2958 di·

237 2985 336 3049 olymp
349 2979 452 3044 missis
463 3001 555 3045 muro
568 2981 677 3044 urbem
687 2979 830 3066 undique
841 2982 970 3068 cingere
979 2990 1158 3065 coeperunt,
1167 2979 1309 3046 ambitus
1320 2983 1392 3044 loce

247 3051 323 3163 {Ilei
350 3067 433 3132 inter
447 3067 588 3154 singulas
602 3066 745 3130 civitates
759 3065 941 3131 distributo.
969 3067 1068 3131 Fossa
1080 3078 1186 3130 autem
1202 3080 1282 3143 erat,
1293 3080 1328 3130 et
1341 3066 1391 3130 iu·

248 3146 321 3229 vin:
350 3165 647 3230 terna,etexterna,
660 3173 701 3216 ex
716 3152 1065 3238 qualeteresfecerunt.
1094 3152 1269 3238 Postquam
1280 3163 1390 3218 autem
1487 3195 1488 3198 =

257 3244 314 3293 3²&
349 3253 450 3305 totum
474 3262 494 3303 o
517 3263 555 3305 us
577 3238 758 3303 absolutum
780 3237 841 3302 fuit
862 3239 921 3302 sub
945 3238 1077 3302 Arcturi
1097 3251 1215 3314 ortum,
1239 3238 1392 3320 praesidio

242 3310 292 3356 ³¹¹¹·
304 3313 327 3359 ἃ
350 3327 390 3391 ad
406 3261 532 3390 dimidii
544 3327 626 3390 muri
646 3324 820 3389 custodiam
843 3324 954 3388 relicto
967 3327 1054 3409 (nam
1069 3323 1203 3389 alterum
1218 3322 1391 3392 dimidium
1487 3359 1488 3362 ¹

349 3411 464 3479 Boeoti
489 3410 723 3492 custodiebant)
748 3431 822 3474 curn
849 3410 991 3475 exercitu
1014 3409 1188 3486 redierunt,
1211 3421 1244 3475 et
1268 3411 1325 3474 alii
1349 3409 1391 3475 ab

351 3499 419 3564 aliis
435 3498 576 3582 digressi,
594 3498 625 3560 in
638 3518 709 3561 suas
729 3499 848 3582 quique
859 3497 954 3560 urbes
972 3517 1005 3560 se
1025 3508 1226 3582 receperunt.
1271 3496 1393 3562 Platae·

349 3582 439 3650 enses
454 3605 531 3646 vero
544 3583 672 3660 liberos,
688 3595 719 3647 et
742 3603 858 3646 uxores
872 3594 903 3647 et
919 3583 1074 3648 maximos
1092 3603 1235 3670 quosque
1250 3597 1343 3660 natu,
1359 3595 1392 3648 et

346 3667 517 3733 'bominum
543 3669 662 3732 nullius
688 3690 762 3733 usus
778 3668 1022 3734 ‘multitudinem
1048 3665 1121 3754 jam'
1141 3682 1216 3733 ante
1241 3667 1392 3734 Athenas

347 3765 569 3840 exportarent.
615 3755 680 3840 Ipsi
709 3777 796 3832 vero,
849 3756 881 3818 ui
910 3755 1011 3840 relicti
1033 3754 1274 3833 obsidebantur,
1298 3767 1394 3822 erunt

349 3857 484 3944 nurnero
499 3840 734 3932 quadringenti,
751 3851 783 3905 et
800 3842 843 3905 At
867 3841 1008 3926 enierues
1022 3837 1196 3930 octoginta,
1211 3851 1244 3905 et
1258 3854 1391 3907 centum

346 4034 350 4042 “
382 4029 467 4078 bNam
480 4034 544 4077 intra
555 4043 673 4092 magnum
684 4031 752 4078 urbis
763 4032 870 4091 spatium
883 4029 914 4078 od
924 4045 1003 4079 mres
1018 4033 1131 4080 accedere
1141 4045 1190 4079 nort
1202 4031 1317 4088 dautur,
1328 4028 1391 4091 quod

346 4095 447 4158 inriguas
466 4096 530 4142 arur
546 4101 633 4143 metas
649 4096 745 4142 reiteres
759 4100 824 4152 erret,
841 4098 994 4157 questam
1009 4109 1054 4144 ma
1068 4098 1218 4158 perstrueret.
1252 4097 1297 4142 Ε.
1317 4095 1388 4140 Part.

270 4209 278 4218 ,
349 4161 388 4206 lta
399 4175 456 4208 vero
466 4162 546 4208 locum
557 4163 730 4220 interpretatus
741 4173 807 4218 eum,
820 4175 848 4208 ae
860 4162 880 4207 si
892 4159 981 4209 cruri
989 4158 1072 4227 gagius
1083 4161 1123 4214 rin
1135 4160 1219 4214 ritus
1232 4157 1331 4207 rrum
1343 4169 1387 4218 pre

348 4225 384 4272 lael
397 4224 484 4273 τιλλιῢ
502 4233 549 4273 etc.
559 4225 727 4285 accipiendum
744 4231 817 4284 esset,
830 4225 867 4272 uti
883 4228 948 4288 apud
965 4225 1097 4288 Sophoclem
1115 4225 1217 4281 suzim
1236 4223 1284 4274 reiis
1293 4237 1336 4288 pro
1348 4220 1385 4270 tet

349 4289 402 4338 reris.
437 4291 523 4338 linus.
