2964 4786
415 305 863 376 HISTORIAELIB.V1.
1098 315 1161 382 sor
1209 301 1214 308 '

9 539 11 549 .
122 479 241 544 candos
255 479 403 544 canebat.
419 480 519 564 (ipsos
533 481 618 545 euim
635 479 834 565 potissimum
850 479 883 544 in
899 481 1042 567 trajectu,
1057 494 1091 550 et
1104 504 1164 568 op·
1197 495 1258 551 neh.

5 601 7 608 ι
121 577 264 649 portuno
288 565 370 642 loco,
394 587 458 652 qno
483 565 525 629 ad
548 565 689 631 Siciliam
714 565 829 654 appelli
854 580 970 652 posset,
991 569 1069 632 sitos
1094 591 1165 635 esse
1186 566 1269 628 resp

121 652 265 734 dicem)
280 665 313 717 et
410 671 462 716 utn
486 663 582 738 atque
603 653 783 730 stationem,
799 673 873 739 quse
893 654 1012 738 copias,
1027 657 1163 720 cloman-
1177 646 1222 742 3¹¹*
1236 631 1277 758 ιζ

5 777 8 784 ,
121 757 179 822 que
192 756 297 804 comm
343 737 448 802 issima
463 749 602 822 caperet,
617 741 684 803 illic
704 737 772 803 fore
793 741 1031 806 demonstrabat.
1077 741 1165 806 civi·
1192 709 1268 808 almi.

5 819 10 847 ³
121 823 240 888 tatibus
264 837 370 890 autem
397 823 431 887 in
457 824 628 889 amicitiam
655 823 811 902 adductis,
837 826 894 889 ubi
918 839 1058 908 nossent,
1085 849 1164 913 quos
1192 823 1265 873 tto

121 909 197 974 belli
212 909 315 975 socios
336 923 441 974 essent
463 908 613 987 habituri,
629 909 673 974 ita
699 909 827 975 demum
846 910 869 976 S
891 932 1021 977 racusas
1035 927 1067 977 et
1083 914 1164 979 Seli·
1191 889 1264 1002 gf·

2 1013 16 1053 s
120 1007 281 1061 nuntema
328 994 496 1060 rediendas
511 997 668 1061 censebat:
683 996 744 1061 nisi
757 998 787 1061 hi
804 933 944 1082 quidem,
961 1001 1164 1084 compositio-
1250 984 1258 1000 ⁹

3 1097 5 1106 ’
120 1101 195 1145 nem
221 1017 477 1170 cumggEgestaeis
490 1080 640 1159 facerent,
660 1081 706 1148 illi
729 1101 815 1162 vero,
832 1083 1008 1148 leontinus
1032 1085 1066 1148 in
1093 1107 1165 1150 suas

1 1175 4 1179 '
120 1167 270 1252 pristinas
284 1167 374 1233 aedes
388 1167 492 1232 redire
506 1168 654 1233 sinerent.

14 1305 17 1312 .
163 1263 218 1320 49.
242 1252 423 1320 Lamachus
438 1275 515 1318 vero
535 1253 638 1336 palam
657 1253 794 1330 dicebat,
817 1252 968 1320 adamam
992 1255 1165 1344 Syracusas

1 1383 5 1402 .
119 1339 338 1428 navigandum
362 1361 439 1418 esse,
460 1352 493 1404 et
505 1341 611 1424 primo
634 1362 678 1427 qu
720 1361 762 1404 ne
785 1352 929 1425 tempore
951 1343 1100 1426 proelium
1123 1343 1166 1408 ed

2 1425 5 1430 ’
122 1425 233 1490 urbem
263 1426 540 1502 committendum,
569 1427 647 1490 dum
677 1426 783 1489 ahuc
811 1427 960 1511 imparati
990 1442 1104 1509 essent,
1133 1441 1166 1495 et

119 1511 261 1576 maxime
289 1513 457 1597 perterriti.
502 1511 642 1578 Omnem
679 1512 764 1576 enim
801 1515 974 1600 exercitum
1005 1516 1166 1600 principio

119 1598 299 1663 maximum
326 1611 479 1664 terrorem
506 1597 635 1663 afferre:
669 1597 725 1662 sed
755 1596 781 1659 si
819 1619 940 1662 moram
972 1601 1164 1685 interponat,

7 1739 11 1748 ,
120 1697 293 1769 antequam
310 1686 344 1747 in
369 1688 502 1768 eptontra
524 1696 730 1770 conspectum
751 1684 865 1761 venht,
881 1684 1025 1750 homines
1046 1707 1087 1751 ex
1108 1709 1166 1772 pa-

121 1789 199 1834 tore
212 1791 245 1834 sc
259 1769 455 1856 colligentes,
469 1783 503 1835 et
517 1772 614 1854 ipsam
637 1783 810 1846 comentes,
826 1773 928 1856 magn
950 1787 1165 1839 contemnere.

0 1907 11 1922 .,
120 1857 187 1921 Sed
214 1858 241 1921 si
264 1870 393 1942 repente
413 1859 622 1941 Syracusanos
642 1855 825 1933 invaserint,
847 1853 924 1919 dum
951 1855 1057 1922 adhuc
1078 1871 1165 1924 metu

119 1941 259 2028 perculsi
276 1943 386 2008 hostem
401 1955 631 2027 exspectarent,
646 1939 830 2026 affinaobot,
846 1963 879 2005 sc
900 1944 1079 2025 superiores
1101 1947 1166 2010 illis

13 2088 14 2092 ,
119 2027 269 2094 facillime
282 2027 415 2106 futuros,
430 2027 641 2115 omnibusque
655 2025 750 2091 rebus
764 2039 918 2092 terrorem
935 2031 999 2093 illis
1021 2031 1164 2094 incussu·

17 2176 21 2188 ,
123 2137 187 2198 ros,
204 2129 270 2179 tum
287 2115 436 2200 adspectu
453 2115 621 2199 (plurimos
635 2114 721 2178 enim
737 2128 813 2177 tunc
828 2113 927 2178 visum
949 2115 1002 2196 iri)
1019 2129 1088 2179 tum
1109 2139 1165 2179 ex·

1 2267 3 2290 ,
120 2202 317 2286 spectatione
331 2200 479 2276 cladium,
495 2221 573 2286 quas
595 2212 697 2264 essent
716 2199 889 2282 accepturi,
912 2202 1075 2286 praecipue
1091 2223 1166 2266 tero

0 2349 5 2364 ‚
20 2326 24 2341 ·
119 2287 230 2351 subito
245 2287 352 2372 proelii
367 2288 567 2351 commuteadr'
580 2285 734 2372 periculo.
780 2285 958 2350 Verisimile
966 2301 1070 2352 autem
1086 2309 1164 2368 esse,

118 2375 154 2436 in
170 2377 255 2462 agris
269 2373 363 2440 etiam
380 2371 496 2438 multos
510 2385 599 2438 extra
612 2373 714 2436 urbem
728 2372 873 2456 intercipi
890 2393 991 2456 posse,
1004 2372 1090 2458 quod
1106 2375 1165 2438 mi-

121 2459 210 2524 nime
224 2460 389 2526 crederent
404 2481 436 2524 se
452 2472 610 2524 venturos.
653 2457 767 2534 ¹Quod
784 2458 809 2520 si
828 2459 877 2521 isti
894 2481 932 2521 es
946 2461 1035 2544 agris
1056 2463 1090 2523 r'rt
1111 2483 1165 2525 rtr-

0 2607 15 2625 ,,
121 2548 187 2610 hem
202 2569 236 2612 se
257 2549 442 2629 reciperent,
468 2546 658 2622 exercitum,
684 2545 708 2607 si
734 2543 835 2606 victor
859 2544 968 2608 urbem
993 2544 1163 2624 obsideret,

18 2709 20 2713 ,
118 2635 196 2698 satis
211 2635 418 2720 pecuniarum
433 2631 630 2696 habiturum.
665 2630 826 2695 Praeterea
837 2630 974 2716 reliquos
987 2630 1164 2696 Sicilienses

0 2778 20 2806 Μ,
119 2721 168 2784 sic
182 2722 250 2806 jam
265 2733 297 2785 et
311 2720 437 2784 illorum
459 2719 641 2783 societatem
658 2715 779 2781 facilius
802 2717 989 2802 deserturos,
1014 2730 1046 2782 et
1068 2718 1107 2781 atl
1131 2741 1165 2783 se

2 2846 14 2872 ·.
118 2807 323 2885 transituros,
338 2808 532 2892 minimeque
550 2816 764 2880 cunctaturos,
780 2803 1076 2887 circumspicientes,
1100 2807 1162 2870 utri

2 2927 27 2976 J·
118 2894 258 2958 victores
268 2907 371 2958 essent
384 2891 494 2956 futuri.
541 2891 607 2956 Sibi
624 2903 729 2955 autem
745 2891 786 2952 ob
799 2890 885 2953 urbis
892 2891 1049 2954 obsidione
1060 2913 1164 2956 rever·

118 2980 175 3056 sis,
197 2980 291 3044 etad
315 2994 442 3062 portum
467 2976 621 3062 appulsis,
648 2977 776 3039 navium
806 2975 955 3040 stationes
977 2976 1165 3041 obtinendas

118 3066 298 3130 dicebatad
316 3065 461 3152 Megara,
478 3085 550 3150 quae
562 3065 686 3127 deserta
701 3073 813 3138 essent,
830 3075 862 3125 et
876 3083 895 3124 a
908 3063 1071 3147 Syracusis
1086 3065 1164 3127 mari

6 3208 9 3219 .
118 3166 272 3236 terraque
285 3173 399 3238 parum
416 3153 578 3215 distarent.

167 3249 223 3304 50.
247 3237 427 3302 Lamachus
448 3248 564 3313 autern,
581 3234 725 3321 quamvis
745 3232 817 3295 haec
839 3232 980 3308 dixisset,
1006 3247 1109 3297 tamen
1134 3249 1166 3299 ct

2 3311 7 3348 ³
119 3324 237 3412 ipsein
255 3325 429 3389 Alcibiadis
443 3323 630 3388 sententiam
645 3321 713 3385 ivit.
760 3319 872 3384 Postea
883 3340 958 3382 vero
974 3319 1165 3396 Alcibiades,

3 3433 22 3448 '·
119 3433 197 3477 cum
212 3431 269 3474 sua
290 3411 362 3475 nari
380 3409 560 3474 Messanam
586 3409 768 3492 trajecisset,
784 3420 814 3468 et
837 3405 878 3467 de
900 3404 1048 3469 societate
1070 3427 1166 3469 serrem

117 3500 261 3562 ineundo
275 3495 360 3581 apud
384 3495 604 3560 Messanenses
619 3492 715 3555 rerba
731 3490 866 3569 fecisset,
884 3513 987 3574 neque
1008 3513 1070 3554 rem
1092 3492 1167 3574 ipsis

4 3605 7 3612 ’
116 3582 314 3668 persuadere
328 3584 488 3667 potuisset,
511 3581 566 3644 sed
580 3580 626 3644 illi
648 3575 895 3662 respondissent,
911 3577 943 3640 in
969 3577 1078 3640 urbem
1095 3578 1166 3662 qui·
1225 3655 1229 3662 Ι

26 3728 35 3742 ,
117 3670 195 3734 dem
211 3691 245 3734 se
259 3688 458 3756 nequaquam
481 3678 674 3749 recepturos,
692 3667 794 3728 forum
821 3677 925 3726 tamen
944 3685 1048 3727 rerum
1072 3685 1167 3728 vena·

4 3773 23 3797 '¹
117 3757 202 3821 lium
216 3757 290 3840 arsis
308 3756 509 3840 praebituros,
526 3753 566 3818 ad
585 3751 745 3837 Rhegium
769 3749 871 3813 rediit.
917 3749 1027 3814 Duces
1049 3765 1166 3826 autem,

17 3842 36 3919 f,
116 3860 196 3907 cum
219 3865 261 3906 ex
285 3842 373 3906 omni
395 3844 518 3905 mnium
541 3859 675 3902 numero
697 3838 862 3924 sexaginta
883 3857 978 3899 naves
1003 3835 1165 3900 confestim

4 3927 35 4011 ’ἦ
114 3929 347 4014 implevissent,
364 3943 396 3992 et
416 3926 604 3992 necessarias
618 3946 668 3989 res
689 3923 915 3999 assumsissent,
933 3920 1055 4007 reliquo
1076 3942 1168 3986 exer-

5 4009 12 4038 ³
117 4017 190 4080 citu
213 4035 286 4079 cum
304 4035 369 4079 uno
390 4015 429 4079 de
443 4015 506 4078 suis
527 4013 654 4097 collegis
673 4009 714 4073 ad
742 4009 899 4096 Rhegium
926 4007 1046 4084 relicto,
1070 4008 1168 4072 classe

151 4233 161 4273 ¹
173 4240 272 4291 mina
288 4238 314 4284 in
325 4240 410 4285 nubem
421 4251 452 4284 ex
469 4236 533 4297 agris
548 4247 588 4281 rea
598 4245 655 4278 suas
665 4231 884 4292 componentibus,
896 4243 944 4277 non
964 4229 1090 4277 defuturas
1101 4241 1168 4275 exer·

6 4322 33 4344 ν
113 4307 180 4354 eitni
192 4303 317 4364 munins,
329 4304 350 4350 si
361 4304 446 4350 urbem
457 4301 579 4357 obsidens,
588 4297 696 4357 superior
707 4302 778 4343 esset.
803 4295 882 4355 srrpt.
918 4295 1005 4340 Hunc.
