2964 4786
342 353 407 411 435
707 339 1011 410 THUCYDIDIS

249 525 310 579 sert.
342 513 522 602 profligare,
536 513 593 600 qui
608 516 771 580 interum
785 513 1021 601 egrederetur,
1035 525 1068 578 et
1088 511 1226 612 efficere,
1237 521 1302 610 tut
1324 513 1384 600 Sy·

238 595 320 656 retae
343 601 489 666 racusani
510 622 603 664 naves
625 598 745 666 facilius
768 601 977 677 retraherent,
993 599 1078 686 quod
1100 599 1142 664 ab
1162 617 1276 664 smteta
1298 609 1385 664 terra

229 659 329 786 ὃζξ
343 698 513 764 teneretur,
535 685 574 749 sd
598 698 711 771 portus
732 686 928 771 crepidinem
954 707 1025 751 cura
1071 683 1187 750 uadem
1216 683 1385 785 copiarum

240 739 321 836 aad
341 785 433 857 parte
447 774 595 848 accurrit,
611 771 889 838 utnsisauxiliam
902 770 1009 837 ferret.
1093 771 1305 869 etrusciuverc
1321 774 1387 856 (tau

246 853 316 1029 iri?
341 857 794 1027 nilliltdtlttttn
808 857 1387 1027 littttltltll-,tttttdt

299 1013 308 1032 ’
341 1046 415 1094 nem
429 1027 583 1107 lemnum,
598 1041 634 1094 ut
648 1031 714 1093 suis
725 1049 821 1115 opem
843 1029 972 1106 terrent,
986 1041 1029 1108 et,
1044 1028 1254 1112 impressione
1268 1028 1304 1090 in
1319 1028 1387 1112 pri·

340 1131 411 1180 mos
421 1115 514 1192 facta,
530 1137 580 1180 eor
593 1115 627 1178 in
641 1113 751 1202 fugam
766 1117 981 1201 conjecerunt,
996 1128 1029 1180 et
1043 1115 1076 1178 in
1090 1114 1239 1198 paludem
1253 1113 1386 1177 nomine

343 1201 548 1286 Lysimsttsm
562 1200 782 1267 deturbarunt.
829 1201 1138 1277 possessosum
1159 1201 1264 1284 major
1289 1199 1386 1285 Syra·

341 1306 532 1351 cutenorum
547 1287 769 1373 sonorumque
783 1285 966 1371 manusjam
982 1284 1166 1362 advenisset,
1179 1285 1241 1370 ipsi
1255 1305 1386 1370 quoque

345 1370 564 1448 Athenienses,
579 1373 636 1458 qui
650 1373 714 1436 arsis
727 1373 867 1437 subsidio
880 1383 1043 1448 venerant,
1059 1373 1156 1458 etqui
1170 1373 1236 1435 suis
1250 1369 1387 1434 navibus

341 1457 507 1532 timebant,
523 1475 596 1521 cum
611 1457 686 1541 ipsis
705 1457 855 1543 proelium
875 1459 1113 1538 commiserunt,
1128 1458 1298 1541 victosque
1315 1477 1387 1541 pm·

341 1541 441 1606 acenti
455 1555 546 1607 sunt:
570 1554 602 1606 at
615 1543 721 1644 gravis
740 1555 911 1608 armaturae
932 1542 1048 1607 milites
1062 1563 1131 1606 non
1152 1541 1275 1606 multos
1289 1541 1387 1606 inter·

341 1625 494 1703 feoerunt,
510 1639 542 1691 et
555 1646 682 1692 nauum
698 1649 821 1694 mnan
844 1631 994 1714 majorem
1016 1627 1146 1714 quidem
1164 1638 1295 1712 partem
1311 1647 1387 1691 ooa-

342 1724 518 1789 aerasrunt,
533 1715 608 1777 etin
623 1733 678 1778 nto
693 1725 796 1778 castra
818 1713 1024 1780 reduxerunt.
1067 1725 1080 1760 ⁴
1096 1713 1161 1778 Sed
1175 1731 1291 1777 eanum
1308 1714 1386 1776 duo-

342 1797 495 1884 deviginti
526 1798 716 1884 Syracusani
745 1799 884 1884 sociique
913 1811 1075 1882 ceperunt,
1100 1819 1280 1884 omnesque
1305 1798 1385 1862 viros

341 1881 580 1948 interfecerunt.
627 1883 671 1949 Et
684 1884 717 1947 in
732 1898 872 1966 caeteras,
887 1905 967 1971 quas
981 1905 1186 1948 concremare
1199 1885 1385 1968 cupiebant,

341 1987 453 2032 navem
469 1970 644 2033 onerariam
660 1983 826 2048 vetustam,
842 1991 937 2056 quam
960 1971 1125 2034 annuentis
1144 1991 1181 2033 ac
1197 1969 1296 2034 toedis
1310 1990 1384 2034 oue-

342 2065 450 2118 rarant
471 2059 553 2136 (erat
567 2067 672 2120 autem
686 2067 801 2120 ventus
822 2057 854 2119 in
872 2055 1081 2120 Athenienses
1100 2054 1261 2119 secundus
1272 2057 1299 2136 ς)
1313 2055 1385 2142 igne

341 2138 458 2223 injecto
470 2137 666 2204 dimiserunt.
712 2140 921 2208 Athenienses
934 2143 1020 2217 varo,
1035 2161 1099 2204 sue
1119 2139 1211 2204 classi
1226 2141 1384 2216 timente,

341 2224 483 2289 remedis
511 2225 552 2290 ad
582 2225 688 2312 ignem
715 2225 975 2312 restinguendum
999 2226 1116 2290 idonea
1143 2228 1383 2312 excogitarunt,

342 2308 555 2394 restinctoque
567 2309 706 2388 flemma,
721 2323 753 2376 et
768 2311 922 2396 impedito
935 2311 1024 2374 navia
1044 2311 1200 2376 onerariae
1222 2333 1332 2388 cursu,
1345 2331 1385 2374 ne

341 2393 475 2492 propius
496 2396 540 2458 nd
558 2415 629 2460 auos
649 2417 742 2461 numa
766 2397 940 2473 accederet,
955 2395 1018 2460 hoc
1039 2397 1183 2481 periculo
1205 2409 1284 2462 sunt
1305 2397 1384 2461 liba·

241 2487 245 2506 '
343 2489 415 2541 retr.
1333 2529 1337 2538 .

386 2545 439 2628 dt.
464 2561 579 2628 Postea
592 2585 669 2628 vero
685 2565 874 2652 Syracusani
889 2566 1017 2664 quidem
1029 2575 1189 2650 tropaeum
1201 2581 1387 2650 erexerunt,

342 2667 415 2712 cum
430 2647 548 2714 navalis
564 2649 713 2726 victorias,
730 2661 797 2714 tum
820 2671 925 2734 gravis
945 2663 1119 2716 armaturas
1140 2651 1282 2717 militum
1297 2654 1387 2738 prius

341 2743 417 2796 ante
438 2733 629 2798 munitiones
648 2734 907 2819 interceptarum,
933 2737 1017 2800 unde
1042 2737 1138 2801 etism
1164 2759 1267 2822 equos
1292 2759 1386 2824 oepe-

342 2830 430 2882 runt.
475 2817 687 2882 Athenienses
707 2839 784 2884 vero
805 2831 835 2884 et
858 2823 924 2902 ipsi
948 2831 1094 2904 tropaeum
1116 2835 1296 2900 erexeram,
1319 2839 1387 2889 tum
1469 2841 1470 2868 ἢ

342 2901 530 2984 Symnuani
553 2901 711 2988 peditatus
736 2904 778 2968 ab
803 2903 974 2971 Hetruscis
991 2907 1092 2995 fugati
1115 2920 1148 2972 et
1173 2907 1207 2970 in
1233 2910 1387 2994 paludem
1467 2937 1469 2968 t

341 2986 506 3072 compulsi,
523 2999 589 3051 tum
605 2991 793 3073 reliquarum
806 2993 974 3072 copiumm,
991 3015 1069 3078 quas
1091 2994 1152 3079 ipsi
1166 3015 1242 3056 cum
1258 2999 1327 3061 artis
1341 3017 1389 3060 re·

341 3068 436 3155 liquis
449 3073 550 3158 copiis
565 3072 598 3136 in
596 3074 713 3158 Qum
726 3075 929 3158 conjecerant.

386 3163 440 3222 65.
463 3157 545 3222 Cum
562 3170 665 3223 autem
683 3159 873 3245 Syracusani
890 3162 957 3247 jam
973 3163 1130 3250 insignem
1145 3164 1318 3230 victoriam
1334 3187 1388 3230 na·
1466 3199 1467 3214 π

343 3237 444 3304 aalma
460 3241 566 3327 adepti
586 3241 725 3322 fuissent,
746 3246 845 3330 (prius
867 3249 951 3311 enim
975 3247 1228 3314 reformidabant
1240 3252 1389 3328 clamem,
1466 3275 1467 3312 l

340 3343 414 3408 quse
433 3347 506 3390 cum
530 3329 748 3394 Demosthene
769 3331 952 3412 advenerat)
971 3334 1183 3398 Athenienses
1205 3339 1388 3402 maximnm
1465 3333 1466 3342 ’

339 3409 440 3472 animi
468 3433 636 3476 moerorem
665 3415 813 3479 omuibus
838 3439 880 3480 ex
905 3417 999 3482 rebus
1028 3435 1261 3503 conceperunt,
1278 3423 1389 3510 'quod

342 3513 393 3557 res
411 3491 506 3578 longe
528 3497 620 3562 aliter
643 3497 721 3583 ipsis
741 3501 914 3579 cecidisset,
938 3518 1033 3590 atque
1058 3519 1278 3592 speraverant.
1326 3511 1390 3574 Sed

341 3597 396 3650 eos
424 3579 526 3646 multo
553 3583 654 3668 megia
682 3583 776 3669 hujus
804 3586 1020 3668 expeditionis
1049 3591 1239 3673 poenitebat.
1287 3593 1388 3670 Quod

341 3661 426 3726 enirn
442 3663 502 3728 illis
522 3666 596 3729 solis
611 3669 789 3735 civitatibus
804 3671 922 3737 bellum
943 3675 1011 3759 jam
1034 3673 1228 3758 intulissent,
1242 3701 1322 3766 quse
1337 3681 1389 3744 iis·

342 3743 414 3809 dam
430 3747 578 3815 institutis
599 3765 773 3832 uterentur,
789 3769 909 3842 atquae
935 3759 1083 3845 populari
1097 3761 1283 3844 dominatu,
1300 3781 1340 3831 ut
1358 3781 1388 3832 et

341 3955 593 4067 ,schoahsym
609 3963 704 4011 tsciliua
722 3975 991 4032 assuetissimum
1007 3973 1046 4021 aui
1065 3981 1188 4037 mussent,
1206 3980 1387 4028 absumant.

372 4089 384 4122 t
401 4081 491 4132 Praeter
501 4087 677 4151 duodeviginti,
688 4105 748 4154 quas
763 4095 910 4155 Syracusani
925 4099 1045 4162 sociique,
1056 4097 1128 4150 essu
1143 4093 1383 4167 propugnatorum,

340 4153 463 4204 ceperunt.
490 4152 597 4198 Aouciue.

372 4213 385 4286 ζ
399 4208 432 4255 tta
441 4216 469 4256 ut
479 4225 508 4259 ea
518 4227 556 4288 res
567 4223 654 4275 praeter
664 4231 763 4267 omnem
773 4225 850 4272 ammi
860 4227 1007 4276 sententiam
1019 4236 1145 4291 summat,
1157 4233 1194 4280 sia
1213 4236 1296 4283 multo
1304 4237 1385 4297 megia

340 4272 416 4332 lpmaa
425 4277 582 4335 expeditionis
593 4288 711 4342 suscepte
721 4287 860 4346 paenitebat.
876 4291 947 4340 Aeac.
958 4298 984 4339 et
994 4295 1132 4343 neumas.
