3004 4768
407 314 654 418 HISTOllIAE
681 315 765 380 LlB.
792 315 884 380 Vlll.
1108 327 1171 386 515

118 505 208 564 vero,
226 488 328 574 etqui
340 491 492 573 populari
506 488 703 553 multitudini
715 487 889 554 adversarii
903 501 1005 564 erant,
1021 489 1167 575 indigna·
1201 517 1263 564 mn,

118 571 252 637 bantur.
299 574 432 640 illorum
448 596 524 640 vero
544 575 651 663 gravis
674 588 845 640 armaturae
866 575 1002 640 militum
1023 575 1165 662 plerique
1190 582 1273 642 remp.

117 679 255 723 manum
270 659 311 724 ad
327 682 409 745 opus
424 661 593 726 admovere
606 674 787 746 eoepernnt,
800 684 859 727 nec
870 663 1017 747 eoafacti
1030 663 1164 747 poenite·
1180 649 1276 758 affl

114 746 192 808 bat:
219 745 456 812 Theramenem
477 749 571 812 etiam
595 747 844 834 interrogabant,
862 747 1019 834 numquid
1033 750 1062 812 ei
1078 748 1164 814 vide-
1193 727 1233 826 ni,
1245 726 1279 836 if

113 845 205 896 retur
221 832 293 896 baee
310 835 446 898 munitio
461 836 584 918 publici
606 833 681 897 boni
696 855 791 898 eausa
806 835 936 910 exstrui,
952 848 985 899 et
1007 857 1048 898 an
1068 837 1165 900 natiue
1195 841 1224 886 U·
1238 843 1266 888 ὓ·

114 932 202 982 esset
217 941 289 983 eam
305 921 461 985 demoliri.
509 920 567 984 Ille
579 940 663 996 vero,
679 919 705 983 si
720 933 751 985 et
764 921 839 1004 ipsis
855 943 920 984 eam
935 920 1081 985 demoliri
1098 922 1165 1006 pla·
1193 903 1267 1032 {23¹⁸

112 1017 215 1082 cerei,
242 1006 302 1069 sibi
326 1028 453 1092 qnoque
473 1006 601 1090 placere
616 1005 791 1090 respondit.
838 1007 925 1070 Hinc
940 1020 1046 1072 autem
1063 1031 1081 1070 a
1098 1029 1165 1072 vea-
1250 1001 1257 1016 ’

114 1091 307 1176 ligio,cun1
331 1092 377 1155 illi
399 1093 505 1179 gravia
526 1103 697 1156 armaturae
720 1091 842 1172 milites,
858 1105 928 1156 tum
952 1093 1048 1157 etiarn
1070 1093 1164 1158 multi

111 1199 244 1256 eorum,
254 1179 311 1264 qui
325 1193 416 1243 erant
430 1179 462 1242 in
479 1178 614 1253 Piraeeo,
630 1179 839 1242 munitionem
855 1177 1119 1256 conscenderunt,
1132 1193 1166 1244 et

111 1262 266 1326 demoliri
291 1278 468 1350 coeperunt.
515 1264 591 1329 Hac
612 1277 718 1329 autem
741 1265 964 1330 adhortatione
985 1264 1026 1328 ad
1048 1264 1164 1352 vulgus

111 1350 300 1429 utebantur,
316 1365 466 1437 oportere
488 1373 563 1430 mm,
581 1351 762 1437 quicunque
776 1352 917 1438 quinque
938 1349 1038 1416 millia
1050 1353 1163 1416 civium

111 1435 426 1524 quadringentorum
448 1437 519 1501 loco
544 1437 720 1520 reipublicae
744 1458 879 1521 praeesse
902 1436 1006 1514 vellet,
1033 1437 1073 1502 ad
1100 1436 1162 1502 hoc

108 1543 195 1606 opus
210 1523 363 1588 accedere
377 1535 407 1588 et
421 1525 617 1588 munitionem
639 1525 730 1587 ittam
749 1545 845 1588 secum
865 1527 1018 1588 demoliri.
1063 1524 1159 1600 Nam,

106 1612 254 1691 quamvis
264 1614 446 1693 popularem
457 1619 568 1674 statum
577 1612 737 1674 restituere
745 1613 866 1689 uellem,
876 1623 982 1674 tamen
994 1631 1078 1674 amem
1089 1633 1161 1674 cam

107 1697 220 1758 ailiam
249 1695 356 1760 adhuc
384 1695 534 1784 tegebant
558 1694 687 1760 nomine
709 1696 850 1782 quinque
874 1695 1019 1772 millium,
1036 1696 1109 1760 ¹¹¹ita
1123 1708 1160 1760 ut

109 1801 177 1844 raon
194 1795 307 1867 aperte
320 1784 472 1859 dicerent,
490 1783 674 1867 quicunque
690 1780 784 1846 vellet
803 1782 957 1867 populum
974 1781 1158 1866 reipublicae

108 1887 269 1951 praeesse:
292 1869 367 1955 quia
384 1869 578 1944 metuebant,
593 1881 655 1932 ¹'ne
670 1889 705 1931 re
716 1889 791 1932 vera
800 1880 901 1933 essent
913 1871 1046 1952 quinque
1056 1870 1158 1933 millia

106 1956 236 2034 ciuium,
251 1957 370 2039 quibua
383 1958 428 2020 ad
451 1957 629 2036 reipublicae
651 1955 952 2019 administrationem
974 1956 1079 2018 aditus
1099 1977 1158 2036 per

108 2041 191 2104 uices
204 2051 341 2123 pateret,
356 2064 436 2106 neve
450 2043 520 2126 quis
535 2043 574 2105 de
587 2062 641 2105 sua
654 2061 777 2104 nummo
790 2063 848 2126 per
863 2039 1019 2105 inscitiam
1036 2039 1157 2125 aliquid

107 2125 198 2209 apud
215 2127 354 2212 aliquem
370 2131 408 2191 da
421 2131 555 2212 quinque
569 2129 696 2191 millium
712 2147 836 2197 numera
855 2125 962 2191 dicens
984 2126 1154 2202 laberetur,

106 2233 146 2275 aa
161 2215 199 2276 in
219 2216 333 2294 capitis
357 2216 520 2278 discrimen
543 2215 756 2276 adduceretur.
801 2211 844 2277 Et
866 2213 987 2277 idcirco
1008 2211 1053 2276 illi
1077 2235 1155 2298 qua·

105 2296 274 2386 dringenti
288 2321 392 2387 nequa
406 2299 565 2376 volebant,
583 2297 652 2362 illue
679 2299 846 2383 quinquies
870 2297 957 2363 mille
978 2302 1057 2364 cives
1076 2321 1153 2376 ease,

108 2405 217 2470 neque
243 2400 398 2462 constare,
426 2386 496 2450 illos
523 2407 586 2449 non
612 2406 688 2448 ease.
734 2388 819 2449 Nam
845 2385 1079 2462 existimabant,
1106 2397 1154 2450 tot

105 2471 241 2554 quidem
257 2474 428 2559 participes
447 2471 650 2550 constituere,
666 2469 871 2536 hauddubie
885 2485 999 2535 statum
1016 2493 1082 2534 esee
1094 2492 1152 2555 po-

106 2556 274 2638 pularem:
298 2560 362 2635 aed,
379 2561 406 2622 si
420 2559 575 2622 incertum
592 2570 681 2634 esset,
698 2579 794 2642 neque
807 2567 969 2634 constaret,
986 2579 1048 2622 esse
1061 2559 1151 2640 quia·

106 2664 165 2726 que
187 2645 291 2708 millia
314 2647 435 2721 civium,
450 2645 558 2729 quibas
581 2646 625 2708 ad
648 2643 826 2726 reipublicae
850 2645 1150 2709 administrationem

105 2732 217 2795 aditus
227 2741 361 2812 pateret,
377 2733 432 2795 hoc
447 2743 559 2796 mutuo
573 2742 726 2794 terrorem
743 2751 809 2794 ease
823 2729 1033 2794 incussurum.

150 2825 206 2882 98.
232 2815 389 2882 Postridie
399 2831 503 2882 antem
520 2817 565 2881 illi
581 2815 818 2903 quadringenti,
829 2815 887 2878 etsi
899 2815 1012 2880 animis
1023 2833 1152 2899 pertun,
1171 2883 1174 2890 ,

107 2899 186 2980 bati,
203 2903 237 2965 in
258 2903 378 2968 curiam
395 2916 500 2968 tamen
516 2915 742 2967 convenerunt.
789 2903 834 2967 At
857 2902 902 2965 illi
919 2901 1024 2987 grams
1046 2925 1150 2966 arma-

106 3000 190 3053 turae
214 2988 339 3067 milites,
356 2991 459 3076 quiin
477 2989 601 3054 Piraeeo
615 3003 716 3063 erant,
732 3009 805 3052 cum
823 2987 996 3052 Alexiclem
1014 2988 1150 3053 dimisis·

105 3088 188 3152 sent,
206 3097 300 3161 quem
312 3075 630 3159 comprehenderant,
642 3096 679 3139 ac
690 3074 900 3138 munitionem
917 3072 1057 3137 demoliti
1075 3073 1148 3138 suia-

105 3173 186 3238 sent,
203 3163 243 3225 ad
256 3161 486 3248 Dionysiucum
508 3161 666 3226 theatrum
688 3181 790 3244 prope
813 3158 1026 3245 Munychiam
1050 3161 1146 3224 situm

105 3263 343 3326 concesserunt,
360 3263 392 3313 et
414 3251 481 3313 iilic
502 3261 591 3313 extra
607 3247 712 3311 locum
728 3246 926 3309 ordinarium
942 3246 1056 3310 armati
1071 3268 1147 3310 cun·

103 3332 216 3398 cilium
233 3334 425 3414 habuerunt,
440 3348 473 3398 et
490 3357 531 3399 ex
545 3333 708 3403 communi
725 3333 866 3416 ipsorum
880 3331 1011 3396 decreto
1025 3331 1147 3396 confes-

106 3419 163 3484 tim
181 3421 215 3484 in
229 3421 341 3486 urbem
357 3423 491 3496 iverunt,
501 3434 534 3485 et
543 3443 634 3485 arma
648 3419 721 3494 illic,
733 3419 763 3481 in
777 3419 909 3482 Anaceo
918 3417 1144 3503 deposuerunt.

105 3505 248 3580 Quidam
264 3523 370 3572 autem
387 3531 405 3572 a
419 3506 659 3594 quadringentis
674 3504 765 3569 electi
782 3505 821 3568 ad
834 3504 921 3588 ipaoa
933 3517 1099 3582 venerunt,
1114 3517 1146 3569 et

106 3591 222 3677 cinguli
237 3594 377 3682 singulos
392 3593 508 3680 alloqui
525 3603 706 3678 coeperunt,
716 3601 748 3655 et
762 3612 841 3677 quoa
852 3591 1146 3656 animadvertissent

137 3793 158 3826 Ν
169 3791 208 3839 Ne
219 3793 274 3853 qula
285 3806 379 3851 eorum,
390 3794 433 3854 qul
444 3805 547 3854 praetre
558 3791 639 3846 vellet,
651 3793 777 3851 propalam
788 3797 881 3836 etatum
893 3789 1034 3849 popularem
1051 3803 1146 3838 nunau-

105 3864 183 3914 parm.
212 3857 285 3906 Valla
315 3859 347 3904 lJt
363 3859 406 3918 qui
422 3859 513 3918 populo
528 3856 624 3904 restitui
640 3857 771 3916 imperium
784 3855 867 3914 vellet,
877 3867 935 3901 cum
947 3867 995 3900 non
1007 3863 1090 3914 aperte
1102 3869 1144 3902 no·

104 3921 218 3971 minaret.
240 3921 349 3969 Ararim.

136 3987 150 4015 ¹¹
168 3985 206 4032 Ne
217 4000 300 4033 revera
311 3993 375 4034 esset
386 3987 428 4032 illa
439 3986 512 4032 factio
523 3985 631 4046 quinque
643 3983 758 4040 millium,
766 3991 789 4030 et
799 3985 886 4031 lactea
896 3997 922 4029 ae
933 3984 1014 4044 aliqua
1021 3983 1144 4029 mentione

99 4051 222 4109 mutaris
234 4053 327 4111 imperit
338 4065 380 4111 per
391 4051 580 4111 imprudentiam
593 4050 657 4108 apud
669 4050 787 4110 aliquem,
799 4051 841 4108 qni
851 4063 863 4096 a
874 4061 969 4094 ariniara
979 4048 1079 4108 qumque
1090 4047 1144 4092 mil·

102 4111 163 4160 lium
173 4119 239 4172 emet,
248 4117 272 4161 in
284 4117 421 4174 periculum
430 4116 617 4162 adducerentur.
646 4113 725 4175 Steph.
760 4115 784 4161 Si
794 4117 885 4160 interea
895 4125 949 4159 vere
958 4119 1037 4158 canent
1049 4112 1074 4156 in
1086 4112 1145 4157 civi·

105 4181 164 4236 tate,
175 4179 217 4239 qui
228 4182 259 4226 ad
271 4180 401 4240 imperium
419 4180 479 4226 illud
497 4179 604 4239 quinque
617 4177 723 4225 millium
734 4179 894 4238 adspicerent,
907 4191 937 4223 ne
949 4179 1010 4224 sorte
1022 4177 1047 4222 in
1059 4189 1144 4222 eorum

103 4241 210 4301 aliquem
222 4244 364 4302 inciderent,
372 4251 396 4290 et
408 4245 574 4301 imprudenter
586 4243 677 4303 aliquid
688 4243 1048 4306 proferentea,oll'endantenque
1059 4241 1085 4288 in
1096 4242 1145 4290 clle-

103 4305 197 4354 crimen
209 4322 234 4355 ae
246 4305 400 4371 conjicerent.
427 4307 544 4355 Ettritum.

583 4369 664 4435 alt
