2982 4786
362 317 428 383 968
731 303 1037 374 THUCYDIDIS

267 499 328 548 sets
364 491 456 559 runt3
479 477 532 546 alii
548 496 623 544 sero
641 499 701 580 per
722 477 826 546 tetbes
840 477 981 566 qnsdran
1135 495 1207 566 ane
1224 499 1319 545 muro
1333 473 1406 547 col-

258 561 340 626 serap
363 567 466 654 lapso,
485 565 542 653 qui
562 563 774 642 relicrchdusr,
791 565 832 630 ad
855 585 931 630 assa
1013 565 1097 628 ersda
1121 576 1211 630 erant
1230 568 1404 652 sppoeitae.

248 629 345 753 0⁸:¹7„ssz
363 652 512 755 Bresidps
524 651 631 752 igitur,
644 663 678 718 to
693 736 701 748 ·
733 673 773 752 ue
785 650 961 716 multitudo
974 647 1138 800 mnfesteipr
1150 651 1193 716 ad
1201 653 1403 802 sffieriorm

259 755 336 868 pp
362 751 675 908 ppmeplrpneeppffi
682 749 970 906 {dccldph'dendhilet
990 747 1236 908 mffeiimh’vddo
1251 761 1405 892 mgpplnms

261 883 333 998 Ἠ·
361 910 405 976 do
418 932 476 997 per
489 923 600 976 omnes
613 925 719 996 partes
733 907 823 972 nullo
836 907 1019 974 discrimine
1032 907 1236 974 discumbat.

407 1005 479 1064 trs.
502 998 547 1060 At
562 995 808 1072 Toronoeorum,
824 994 901 1060 dum
925 993 1001 1058 urbs
1019 1008 1196 1080 esperetur,
1210 996 1313 1081 msjor
1326 998 1403 1084 qni·

358 1082 433 1148 dem
454 1103 527 1166 pars
545 1103 649 1146 rerum
672 1081 784 1168 igme
805 1078 1069 1160 tumultuabatur,
1082 1090 1114 1145 et
1134 1079 1320 1146 uehementer
1334 1093 1402 1149 tre·

354 1169 499 1253 psilobat.
513 1165 705 1252 proditionis
719 1189 795 1231 vero
808 1179 945 1244 sutores,
956 1179 988 1230 et
1001 1163 1118 1252 quibus
1131 1164 1202 1230 haec
1216 1166 1399 1250 placebant,

358 1255 463 1322 statim
479 1277 512 1318 se
526 1255 762 1338 conjunxerunt
776 1273 849 1318 cunr
863 1251 912 1330 iis,
927 1250 982 1338 qui
1001 1252 1133 1340 ingrcssi
1147 1263 1250 1319 mant.
1293 1253 1401 1321 Athe-

358 1343 483 1406 nienses
497 1361 572 1403 vero
587 1343 691 1422 (erant
704 1337 787 1403 enirn
806 1341 911 1426 gravis
925 1350 1096 1403 armaturoe
1109 1338 1224 1403 milites
1238 1339 1278 1404 sd
1303 1341 1400 1426 quin·

358 1427 521 1514 quaginta,
538 1425 593 1511 qui
608 1425 641 1488 in
660 1421 731 1488 foro
743 1423 959 1506 dormiebant)
974 1445 1047 1489 cum
1069 1423 1131 1489 hoc
1144 1423 1324 1505 sensissent,
1339 1427 1400 1492 ali·

357 1525 437 1598 quot
464 1510 594 1598 quidem
618 1510 771 1596 ipsorum,
794 1511 849 1596 qui
875 1512 909 1576 in
935 1531 1046 1575 eorsum
1071 1531 1184 1575 manus
1209 1509 1398 1590 inciderant,

356 1598 435 1662 nesi
456 1610 541 1673 sunt
557 1596 669 1682 reliqui
685 1618 769 1673 vern,
781 1595 899 1681 purtim
922 1596 1034 1662 itinere
1055 1595 1202 1682 pedestri,
1218 1598 1335 1681 purtim
1355 1599 1398 1666 ad

358 1683 438 1749 dnus
463 1705 567 1759 ιιιινεε,
615 1703 667 1747 usn
691 1682 841 1748 excubias
866 1681 1014 1770 agebam,
1037 1683 1116 1769 fuge
1138 1705 1172 1746 se
1198 1683 1398 1769 recipimus,

357 1783 524 1835 evaserunt
547 1705 798 1854 inqLecythum,
819 1768 1017 1854 prresidinns,
1035 1767 1120 1856 quod
1145 1769 1208 1853 ipsi
1233 1772 1397 1848 tenebant,

357 1867 514 1942 occupate
536 1875 621 1932 arce,
643 1877 715 1940 quse
736 1869 873 1940 angusto
894 1853 1016 1921 Isthmo
1040 1855 1083 1920 ad
1107 1875 1195 1919 mare
1220 1854 1398 1943 intercepta

357 1957 436 2006 erat.
482 1939 706 2028 confugerunt
727 1953 832 2005 eutem
848 1939 892 2006 sd
914 1962 979 2023 ens,
993 1953 1025 2006 et
1040 1939 1286 2020 Tomnaeorum,
1301 1955 1396 2030 quot·

357 2044 436 2115 quot
451 2047 561 2092 eorum
576 2041 667 2090 erant
681 2025 824 2092 studiosi.

403 2123 477 2178 tlte
501 2113 585 2178 Cum
600 2127 706 2178 autem
722 2111 789 2176 dies
804 2113 872 2198 jans
894 2111 1061 2190 illuxisset,
1076 2123 1108 2176 et
1121 2111 1197 2176 urbs
1212 2123 1396 2180 constanter

356 2213 528 2276 teneretm,
544 2197 694 2264 Brasidas
709 2197 877 2262 Toronaeis
897 2198 1036 2284 quidem,
1051 2197 1108 2347 pui
1129 2197 1171 2262 sd
1185 2197 1396 2264 Athenienses

356 2283 577 2370 confugerant,
592 2295 711 2347 etcum
732 2283 810 2369 ipsis
830 2297 930 2362 erunt,
945 2305 1004 2370 per
1018 2305 1054 2348 ce
1077 2295 1258 2348 necatorem
1281 2285 1395 2361 edixit,

359 2382 404 2447 ut,
420 2369 562 2455 quisquis
583 2367 687 2446 vellet,
703 2369 745 2434 sd
767 2391 825 2434 sue
846 2391 995 2455 egressus,
1012 2371 1079 2434 sine
1100 2383 1188 2434 metu
1208 2369 1243 2432 in
1267 2371 1395 2436 civitate

354 2477 397 2606 g
412 2454 686 2556 patriis-institutis
701 2455 828 2606 stipepplt.
861 2454 1168 2626 Athmiffivpro,
1183 2454 1394 2628 cariffi

417 2563 473 2607 eos
494 2562 589 2606 misso
616 2563 671 2604 acc
858 2564 876 2605 e
911 2562 968 2606 sua
1089 2562 1160 2605 ran

357 2627 474 2727 quippe
496 2563 857 2722 quod’Chaididensid’m
879 2626 1075 2726 essetexire
1094 2555 1219 2711 jussi?
1246 2626 1298 2692 Illi
1320 2649 1394 2693 vero

354 2713 533 2874 ἵετε
544 2715 651 2862 ἵτε
667 2711 1128 2900 ⁶3¹.
1143 2711 1394 2866 ἵῖττῖετ

355 2905 431 2946 sera
443 2882 642 2966 suscipienda
654 2881 751 2947 fidem
765 2883 866 2950 deret.
902 2883 969 2948 Hse
983 2905 1058 2948 vero
1073 2882 1138 2949 fide
1150 2883 1284 2969 publice
1297 2885 1393 2952 inter·

354 2967 460 3052 posita
471 2968 553 3033 duos
568 2971 634 3034 dies
648 2971 724 3052 ipsis
737 2971 899 3035 consessit.
945 2969 1010 3035 His
1032 2981 1139 3035 autem
1154 2971 1263 3037 diebus
1277 2985 1310 3037 et
1328 2973 1394 3057 ipse

356 3055 458 3118 vicina
478 3053 616 3119 oediiicia
634 3053 783 3132 firmarit,
800 3069 831 3120 et
845 3054 1053 3121 Athenienses
1077 3077 1144 3121 sua.
1190 3055 1236 3121 Et
1257 3059 1392 3124 concilio

356 3138 589 3222 Toronreorum
612 3152 732 3219 coacto,
748 3141 858 3206 iisdem
881 3139 984 3205 verbis
1005 3143 1088 3226 spud
1112 3142 1207 3227 ipsos,
1223 3141 1342 3228 quibus
1361 3158 1392 3208 et

353 3227 439 3309 opud
457 3225 642 3304 Acanthius,
657 3239 704 3294 est
718 3249 810 3292 usus:
835 3235 857 3270 ‘⁶
870 3247 936 3292 non
950 3248 1018 3292 esse
1035 3249 1178 3313 oequnm,
1193 3249 1260 3307 eos,
1276 3232 1333 3315 qui
1347 3251 1390 3294 sc·

353 3333 428 3376 cum
441 3313 483 3377 de
498 3313 576 3378 urbe
589 3311 735 3378 dedenda
755 3313 989 3400 transegissent,
1004 3311 1179 3378 existimari
1196 3328 1254 3380 sut
1275 3316 1391 3381 cmm}

352 3396 535 3478 deteriores,
550 3410 606 3463 aut
619 3399 797 3483 proditores
811 3419 888 3464 esse.
909 3419 968 3464 nec
982 3400 1066 3464 enim
1083 3399 1227 3500 pecuniis
1242 3399 1388 3468 inductus

353 3482 416 3549 hoc
428 3483 547 3562 fecisse,
563 3496 599 3549 ut
613 3483 772 3549 civitatem
786 3485 820 3548 in
834 3485 1014 3549 servitutem
1031 3484 1222 3584 redigerent,
1238 3487 1296 3552 sed
1311 3487 1388 3574 puh-

353 3568 407 3632 lici
420 3569 581 3634 commodi
595 3589 699 3648 causa,
715 3585 752 3636 nt
765 3593 835 3635 enm
849 3569 883 3635 in
899 3569 1076 3636 libertatem
1091 3571 1311 3639 vendicarent:
1334 3593 1387 3639 net

352 3675 469 3738 αφειιιι
483 3677 555 3732 este,
570 3678 634 3734 eos,
650 3657 706 3741 qui
719 3657 888 3742 participes
905 3677 970 3720 non
990 3657 1195 3735 exstitissent,
1211 3659 1388 3726 existimare

353 3759 385 3801 se
398 3759 464 3802 non
478 3739 590 3805 iisdem
605 3742 688 3808 horus
700 3740 863 3820 fruituros,
875 3743 983 3842 quihus
996 3745 1056 3820 illi,
1068 3763 1195 3828 morum
1208 3765 1308 3828 opera
1321 3745 1387 3811 stris

352 3825 460 3888 &dita
471 3825 600 3908 sitisset
622 3849 655 3894 se
669 3827 753 3892 enim
776 3849 811 3892 eo
825 3847 946 3894 venisse
959 3828 1080 3894 dicebat
1101 3849 1167 3893 non
1186 3830 1230 3896 ad
1254 3831 1385 3917 perden-

352 3905 427 3972 dam
448 3909 619 3992 eivitatem‚
633 3924 695 4004 snt
710 3912 847 3998 aliquem
869 3917 1038 4000 privatum.
1082 3911 1209 3980 Idcirco
1231 3929 1339 3982 satem
1354 3937 1386 3982 sc
1489 3989 1490 3994 χ

350 3993 490 4058 edictum
511 3999 711 4082 proposuisse
723 3997 796 4080 illis,
811 3999 866 4085 qui
887 4001 927 4064 sd
942 3998 1153 4066 Athenienses
1166 3999 1386 4090 confugerant,
1489 4055 1490 4062 ἵ

350 4079 439 4164 quod
463 4103 513 4146 eos
532 4086 651 4148 eaeteris
670 4082 755 4148 haud
775 4083 947 4151 deteriores
967 4095 1121 4167 cenesca,
1135 4087 1179 4152 ob
1200 4083 1385 4167 amicitiem,

351 4185 426 4265 ques
439 4165 515 4267 ipsis
523 4189 596 4234 cum
610 4168 672 4232 illis
685 4169 917 4270 intercessisset.
930 4191 1036 4258 neque
1046 4191 1081 4236 se
1090 4172 1277 4273 existimare
1290 4173 1383 4273 ipsos,

352 4247 408 4312 ubr
425 4252 599 4333 perrcsslnm
620 4251 751 4319 iecerint
769 4275 910 4340 ipsorum
933 4257 1264 4343 lacedemoniorum,
1280 4277 1383 4326 minus
