3004 4768
415 187 661 258 HISTORIAE
684 189 771 257 LlB.
794 191 873 259 Vll.
1098 201 1163 262 448

134 362 289 448 onusequi.
319 361 442 428 Nautes
455 383 532 428 vero
545 361 709 441 adhortor,
725 362 898 450 quinetiam
913 363 1007 429 simul
1021 349 1165 443 ohseorh,
1199 394 1262 442 nar

6 504 10 526 ,
134 471 173 514 ne
188 461 318 535 propter
333 447 437 518 clades
458 463 603 533 aceeptus
624 449 733 514 animo
754 451 1065 517 nimiseonsternato
1079 451 1165 516 sitis:
1186 457 1269 520 rerop

6 532 9 542 '
135 548 198 600 tum
221 535 297 620 quia
320 533 492 600 firmiorem
517 545 706 619 apparatum
730 557 771 599 ox
795 535 955 614 tabulatis,
975 551 1045 602 tum
1070 521 1275 632 etiarn3¹1¹³⁹⁸

135 621 207 707 quia
259 619 342 685 lures
369 641 466 688 naves
493 640 580 686 nuno
604 619 738 686 habetis.
785 620 944 687 Praeterea
971 633 1092 706 oportet
1114 643 1168 687 nor
1191 599 1281 699 “unp

8 769 9 772 ,
136 707 218 772 consi
244 727 342 783 erare,
358 727 453 792 quam
473 727 582 790 operae
606 705 744 790 pretium
766 706 817 783 sit,
833 703 918 772 illam
938 707 1131 794 voluptatem
1146 731 1169 772 a
1194 714 1223 760 U·
1240 715 1270 764 ⁰·
1344 772 1347 786 ,

8 797 9 804 '
136 792 216 860 vobis
234 793 422 868 conservari,
438 801 595 876 quotquot
615 790 656 856 de
669 792 759 856 vobis
780 803 874 857 antea
917 813 954 856 ro
967 793 1169 860 Atheniensi·
1199 777 1271 892 {4¹}

68 877 90 896 “
135 878 204 958 hus,
218 877 359 963 quamvis
381 898 447 940 non
468 878 577 942 essetis
591 877 802 955 Athenienser,
819 813 1031 957 babehamini,
1047 893 1078 945 et
1096 901 1170 945 oum
1253 873 1262 892 ‘

136 965 177 1030 oh
191 973 303 1028 nortroe
322 962 440 1050 linguae
462 961 620 1046 peritiam,
638 975 706 1026 torn
721 962 764 1026 ob
786 964 1002 1030 institutorum
1020 967 1171 1030 imitatio-

137 1047 1173 1219 eur,

901 1179 911 1210 2

137 1220 304 1306 participes
318 1219 413 1284 eratis
434 1239 499 1284 non
522 1218 637 1295 minus,
653 1241 743 1302 quarn
760 1241 815 1284 nor
837 1222 1002 1305 indigena,
1017 1221 1083 1286 imo
1098 1243 1173 1286 vero

18 1344 21 1352 ·
138 1305 237 1372 multo
258 1305 370 1392 magis,
386 1319 454 1368 tum
470 1303 557 1390 quod
572 1303 717 1389 'populis
741 1306 784 1368 im
828 1305 878 1370 rio
897 1318 1007 1371 nostro
1025 1306 1173 1393 subjectis

138 1405 289 1460 terrorem
305 1389 497 1468 incurreretis,
512 1402 580 1454 tum
594 1389 701 1467 etiam,
718 1413 760 1489 qu
818 1392 859 1455 alr
873 1394 947 1458 ollis
961 1411 1026 1455 non
1042 1392 1174 1458 ledere·

137 1479 227 1547 rnini.
271 1477 385 1576 ltaque
407 1495 481 1540 oum
505 1474 575 1556 soli,
598 1475 694 1562 idque
716 1476 827 1554 libere,
850 1478 928 1542 socii
954 1477 1021 1542 sitia
1047 1479 1174 1565 imperii

139 1564 256 1638 nostri,
266 1573 392 1639 merito,
406 1581 492 1626 nuno
506 1560 585 1625 illud
606 1561 814 1644 ueprodatis,
829 1564 1073 1630 comedebatis.
1120 1565 1173 1642 Et,

137 1648 303 1716 contemtis
326 1645 513 1725 Corinthiis,
536 1667 615 1732 qnos
640 1669 726 1732 srepe
750 1648 931 1734 superastis,
947 1660 980 1713 et
1006 1649 1175 1715 Siciliensi·

137 1737 362 1822 bouquetum
381 1732 497 1811 nullus,
513 1731 667 1817 quamdiu
687 1743 791 1798 nostro
811 1733 917 1798 classis
932 1734 1068 1822 vigebat,
1084 1737 1176 1800 nobie

138 1821 281 1888 resistere
302 1832 350 1886 est
374 1841 479 1900 ausus,
501 1839 555 1884 eos
582 1817 775 1904 propalante,
797 1833 828 1884 et
850 1819 1015 1897 declarate,
1037 1835 1175 1886 vestram

137 1905 313 1984 solentiam,
329 1904 378 1970 vel
399 1926 473 1970 oum
494 1903 710 1970 imbecillitate
723 1917 755 1970 et
769 1905 1002 1970 calamitatibus
1022 1907 1176 1991 eonjuae-

138 2007 217 2074 tam,
230 1992 366 2058 aliorum
388 1990 515 2068 robore,
531 1989 617 2075 quod
639 1991 776 2056 seeundo
797 1989 924 2056 fortuna
938 1991 1048 2067 utitur,
1063 2003 1176 2075 poten-

138 2083 255 2146 tiorem
269 2077 366 2143 esse.’'

183 2175 239 2232 64.
263 2170 285 2208 “
302 2163 426 2230 Rursus
447 2161 508 2228 illia
529 2163 571 2230 de
589 2163 690 2242 robis,
706 2165 761 2250 qui
782 2176 857 2230 sunt
871 2164 1091 2244 Athenienses,
1107 2165 1178 2232 horo

136 2253 175 2318 in
191 2250 375 2316 memoriam
396 2250 518 2351 redigo,
533 2271 637 2335 neque
657 2272 754 2315 naves
768 2251 845 2314 alias
864 2250 914 2314 his
934 2251 1054 2316 similes
1072 2252 1106 2316 in
1121 2273 1179 2316 oa·

138 2337 274 2414 vnlibus,
289 2358 393 2422 neque
413 2335 550 2402 murum
567 2336 765 2420 juventutem
788 2336 911 2400 arabis
933 2339 1017 2402 domi
1039 2338 1180 2403 relictam

137 2445 221 2490 esse.
266 2421 320 2500 Et,
336 2420 454 2508 siquid
469 2419 569 2504 aliud,
584 2442 680 2520 quam
695 2420 838 2498 victoria,
853 2421 943 2486 vobis
958 2423 1133 2510 contingat,
1149 2434 1181 2488 et

138 2509 258 2587 hoster,
298 2509 330 2574 ui
344 2505 397 2572 hic
418 2519 501 2582 sunt,
518 2518 664 2590 protinus
686 2505 762 2571 illno
782 2508 997 2594 navigaturos,
1013 2522 1046 2572 et
1068 2508 1182 2594 quide

136 2593 235 2662 nobis
253 2531 319 2658 illic
332 2606 406 2658 sunt
426 2591 551 2677 reliqui,
567 2611 768 2690 nequaquam
791 2591 865 2656 satis
879 2592 994 2658 virium
1017 2591 1182 2660 habituros

138 2681 185 2748 ad
199 2677 432 2765 propulsandos
446 2691 478 2742 et
491 2699 555 2755 eoa,
571 2697 626 2762 qur
642 2676 709 2740 illic
717 2677 789 2761 jam
804 2691 888 2756 suut,
903 2691 935 2742 et
948 2701 1013 2760 eos,
1028 2681 1084 2765 qui
1099 2697 1182 2765 prae-

138 2783 231 2833 terea
250 2767 323 2829 hinc
342 2765 473 2829 adorna
493 2765 576 2846 spana
596 2762 734 2828 venient.
780 2761 894 2828 Error
908 2764 1049 2912 puidam,
1065 2767 1184 2850 qailu‘c

137 2855 227 2928 ertia,
256 2849 290 2914 in
318 2850 593 2936 Syracusanorum
626 2859 813 2932 potestatem
847 2871 907 2914 oon
921 2850 1011 2916 estinr
1040 2851 1182 2929 venietis,

138 2949 259 3004 eontra
271 2956 351 3036 quos
365 2957 427 3021 qua
442 2945 549 2998 mente
563 2933 721 3010 veneritis,
737 2955 792 2998 voe
807 2934 867 3018 ipsi
875 2935 975 3016 probe
987 2938 1104 3001 nostiae
1127 2938 1184 3023 qui

136 3045 220 3090 vero
245 3020 310 3086 illro
334 3033 419 3096 sunt,
442 3019 476 3082 in
502 3018 824 3083 Lacedaemoniorum
843 3030 1027 3102 potestatem
1052 3024 1184 3087 uenient.

142 3109 268 3186 Quare,
284 3128 357 3170 oum
380 3106 414 3168 in
435 3103 498 3170 hoo
513 3124 578 3168 uno
593 3103 767 3168 certamine
790 3123 852 3187 pro
873 3105 1106 3190 musquetum
1121 3129 1186 3191 pro

138 3193 231 3261 vohis
245 3194 330 3274 ipsiu
346 3212 436 3276 quam
446 3211 508 3272 pro
522 3191 650 3262 caeterie,
665 3191 721 3272 qui
734 3200 805 3254 ruat
818 3192 911 3265 domi,
927 3191 1092 3257 constituti
1106 3193 1185 3274 sitis,

133 3277 321 3355 sortior-,si
345 3295 485 3362 unquam
507 3273 594 3351 alias,
608 3275 688 3340 horti
711 3274 853 3352 resistite,
868 3287 901 3340 et
924 3275 1040 3362 singuli
1061 3288 1094 3342 et
1115 3279 1187 3343 uui·

139 3365 227 3434 versi
251 3361 413 3428 vobiscum
439 3371 595 3445 reputate,
613 3365 670 3424 ‘ex
692 3361 792 3438 robis,
808 3361 863 3446 qui
887 3382 982 3426 naves
1006 3383 1084 3426 mox
1108 3383 1186 3428 oon-

136 3447 312 3527 soendetis,
329 3445 572 3514 Atheniensium
593 3466 708 3510 omnem
733 3447 924 3530 peditatum,
944 3459 975 3511 et
997 3445 1138 3528 eleanam,
1153 3463 1187 3516 et

136 3537 260 3614 urbem,
275 3544 306 3599 et
320 3531 474 3618 reliquam
489 3532 657 3605 civitatem,
674 3544 706 3595 et
721 3553 750 3595 m
817 3553 871 3596 nm
886 3531 967 3598 illud
982 3533 1186 3600 Athenarum

137 3641 265 3688 nomen
292 3617 424 3683 omnino
446 3617 594 3700 pendere.
640 3615 707 3680 Pro
720 3618 777 3702 qui
800 3639 847 3693 us,
863 3616 891 3680 si
910 3639 974 3717 qun
995 3619 1029 3681 in
1051 3641 1086 3684 re
1107 3621 1186 3687 alius

136 3705 204 3774 alii
220 3717 359 3792 praestat,
374 3702 422 3768 vel
438 3702 566 3766 scientia
583 3699 631 3764 vel
645 3702 744 3766 animi
766 3717 959 3788 praestantm,
976 3704 1002 3767 is
1022 3725 1185 3794 nunquam

138 3793 227 3860 alias
249 3789 459 3876 opportunius
481 3810 547 3852 sese
569 3789 783 3870 ostentaverit,
799 3811 858 3874 quo
879 3802 910 3853 et
932 3789 991 3853 sibi
1018 3791 1078 3876 ipsi
1104 3793 1189 3860 utilis

138 3878 255 3955 suerit,
270 3888 303 3941 et
316 3873 469 3940 universis
483 3870 660 3938 salutaris.”

178 4049 193 4078 θ
211 4041 309 4092 Terrori
319 4039 404 4088 esuis
414 4039 517 4087 subditis
528 4039 614 4086 restris
625 4045 672 4086 etr.
710 4039 783 4087 Vallo.

179 4103 194 4143 f
209 4107 281 4162 Quod
291 4107 317 4152 in
327 4105 367 4150 his
378 4105 480 4150 navibus
491 4105 581 4152 lutura
592 4109 649 4150 runt
660 4109 785 4150 terrestres
797 4103 983 4152 Atheniensium
995 4108 1139 4170 navalesque
1150 4126 1191 4159 co·

139 4175 209 4238 pire,
220 4179 244 4220 et
256 4171 350 4232 reliqua
359 4168 455 4228 civitas,
465 4173 489 4214 et
501 4181 619 4228 magnum
631 4181 720 4214 nomen
732 4169 893 4218 Athenarum.
927 4169 1036 4218 Anteius.
