3004 4768
445 277 690 344 HlS'l'OIllAE
717 277 803 343 LlB.
830 280 901 344 Vll.
1128 291 1192 349 455

143 447 236 511 solet.
283 448 503 525 Quamobrem
529 449 739 515 Athenienses
761 449 857 550 longe
879 450 1095 517 vehementius
1124 454 1192 518 uni·
1225 467 1286 517 nan

144 553 215 597 mos
234 532 370 620 abjicere
391 549 570 620 cmperunt,
587 535 684 622 quod,
703 535 772 599 haec
794 551 889 602 ettam
914 539 1024 602 omnia
1043 539 1076 600 iu
1099 559 1190 603 suum
1216 533 1297 596 ΜΨ

142 617 278 684 exitium
307 619 385 698 fieri,
410 635 571 707 putarent.
618 621 699 706 Ipsis
721 634 827 686 autern
851 624 1096 708 quiescentibus,
1121 625 1192 710 Gy·
1206 600 1300 724 5}ssst

142 703 251 790 lippus
265 721 297 772 et
313 707 505 793 Syracusani
520 720 643 792 partem
663 707 823 793 quandam
846 710 1011 794 copiarum
1027 711 1190 789 miserunt,
1217 727 1258 775 ct.
1268 677 1306 773 si

142 811 218 876 quae
243 791 328 877 ipsos
353 815 447 859 muro
475 791 727 859 intercluderent
755 816 775 857 a
805 807 906 882 tergo,
938 818 1001 880 qua
1030 807 1190 863 venerant.
1218 789 1288 900 Ψ·

144 877 220 955 Sed,
236 899 309 942 curn
330 879 392 965 ipsi
408 902 535 966 quoque
550 879 686 944 vicissim
709 877 863 964 quosdam
886 879 926 944 de
941 881 1004 945 suis
1020 884 1188 961 misissent,
1224 869 1291 967 ᾖξ’

142 963 287 1046 hoefieri
301 964 544 1049 prohibuerunt.
592 964 707 1029 Postea
721 985 797 1028 vero
820 964 1041 1043 Athenienses,
1057 970 1191 1054 propius
1262 1039 1265 1042 ,

141 1048 309 1132 planitiem
329 1052 458 1132 reversi,
481 1054 591 1116 castris
613 1053 659 1118 ibi
686 1052 800 1133 positis,
824 1063 1072 1136 pernoctarunt:
1101 1067 1202 1138 post-.

140 1135 223 1200 ridie
251 1157 328 1202 vero
349 1137 500 1224 progredi
525 1151 705 1222 coeperunt.
752 1135 843 1220 Ipsos
865 1151 970 1202 autem
996 1139 1187 1223 Syracusani
1206 1155 1308 1219 Sept&

142 1219 285 1308 undique
309 1222 492 1287 circumfusi
519 1223 755 1299 adoriebantur,
779 1224 961 1310 multosque
986 1225 1188 1303 sauciabant;

139 1317 183 1384 ct,
199 1307 323 1394 quoties
340 1307 548 1373 Athenienses
563 1307 803 1394 impressionem
826 1309 860 1372 ire
875 1331 925 1374 eos
942 1308 1112 1390 faciebant,
1126 1312 1189 1398 ipsi

139 1413 174 1456 sc
197 1393 435 1472 subducebant3
458 1395 583 1480 quoties
606 1416 681 1459 vero
705 1393 903 1473 recedebant,
928 1397 995 1460 illis
1015 1395 1187 1477 instabant,

138 1481 303 1565 praecipue
317 1503 392 1546 vero
414 1482 621 1545 novissimum
646 1501 759 1568 agmen
783 1494 957 1566 carpentes,
974 1483 1021 1546 ''si
1043 1481 1134 1561 forte,
1151 1505 1189 1549 eu

133 1575 230 1646 purte
243 1567 396 1651 paulatim
413 1569 445 1630 in
462 1566 568 1655 lugam
584 1588 684 1644 versa,
702 1565 757 1632 reli
781 1587 857 1632 unm
876 1568 1053 1634 exercitum
1066 1579 1188 1653 perter-

137 1651 325 1717 refacerent.
371 1651 414 1718 Et
443 1653 499 1718 diu
529 1651 738 1717 Athenienses
758 1589 830 1717 lucc
859 1653 957 1717 modo
985 1655 1189 1740 δγνααιεαηίε

137 1737 339 1804 restiterunt:
371 1738 499 1822 deinde,
526 1739 602 1825 quin
629 1761 667 1802 ue
697 1761 793 1803 sexve
822 1737 924 1803 stadia
952 1742 1126 1824 progressi,
1154 1744 1187 1806 in

136 1821 273 1907 planitie
301 1827 560 1912 conquieverunt
605 1761 801 1912 Syracusani
832 1845 961 1912 qnoque
985 1822 1026 1889 ab
1051 1825 1113 1891 illis
1137 1827 1187 1892 di·

134 1911 236 1998 gressi
251 1910 283 1974 in
301 1935 357 1976 sua
372 1924 474 1976 castra
489 1911 663 1975 redierunt.
937 1991 939 1996 Ι

180 2006 235 2062 80.
259 1999 368 2063 Noctu
384 2019 459 2064 vero
474 1997 578 2061 Niciae
592 2009 624 2062 et
638 1993 851 2062 Demostheni
874 1995 1004 2081 placuit,
1022 1997 1187 2098 (quoniam

134 2081 283 2166 ipsorum
305 2085 464 2149 exercitus
486 2083 568 2148 male
590 2103 625 2148 se
646 2081 794 2159 habebat,
810 2103 884 2147 cunr
907 2082 951 2149 ob
973 2103 1077 2146 omms
1099 2105 1186 2148 eom·

132 2179 260 2234 meatus
286 2170 437 2255 inopiam,
462 2192 527 2270 qua
548 2167 615 2254 jam
641 2166 857 2253 premebatur,
879 2181 948 2232 turn
974 2167 1018 2240 ob
1044 2168 1187 2234 multitu·

133 2253 246 2319 dinem
262 2277 384 2335 eorum,
400 2256 456 2342 qni
480 2277 512 2318 m
535 2254 642 2319 multis
664 2254 899 2319 incursionibus
922 2255 963 2318 ab
985 2255 1076 2319 hoste
1094 2253 1185 2321 factis

134 2339 294 2406 vulnerati
316 2341 465 2424 luerunt)
490 2361 584 2427 quarn
608 2339 753 2425 plurimis
777 2337 902 2490 ignibus
924 2341 1062 2408 accensis
1082 2341 1185 2407 abdu-

132 2448 209 2492 cere
228 2428 346 2512 copias,
362 2450 427 2492 non
451 2441 556 2492 tamen
579 2424 716 2510 amplius
740 2448 776 2490 ea
800 2447 849 2489 ern
864 2427 925 2503 via,
942 2449 1007 2512 qua
1028 2430 1183 2492 constitu·

132 2527 239 2592 crant,
263 2514 317 2579 sed
344 2513 406 2580 alie
429 2514 458 2577 ei
480 2514 649 2593 contraria,
672 2531 767 2598 quam
791 2512 982 2598 Syracusani
1004 2515 1182 2593 servabant,

132 2621 224 2665 mare
239 2623 359 2666 versus.
404 2599 525 2665 Totum
542 2611 648 2664 autem
672 2597 734 2662 hoc
749 2597 819 2700 iter3
835 2597 921 2686 qnod
937 2599 1094 2663 exercitus
1108 2598 1183 2664 faci·

131 2685 221 2766 ebat,
236 2708 301 2751 non
316 2686 358 2752 ad
374 2685 531 2751 Catonern
553 2683 708 2758 ducebat3
731 2681 787 2746 sed
808 2701 842 2746 m
863 2682 958 2748 aliem
973 2683 1093 2749 'Siciliae
1110 2705 1183 2769 par-

130 2786 213 2849 tem,
235 2772 439 2838 Camerinam
463 2793 570 2836 versus
592 2787 625 2834 et
647 2768 774 2846 Gelam,
797 2768 937 2856 aliasque
958 2782 1025 2834 tum
1050 2771 1183 2836 Graeeas

42 2865 47 2872 '
131 2873 205 2922 turn
225 2857 375 2922 barbaras
398 2856 500 2934 urbes,
516 2857 549 2921 in
572 2857 627 2921 illa
648 2855 767 2921 Sicilire
787 2869 880 2939 parte
900 2857 985 2920 sitas.
1031 2857 1183 2922 Accensis

131 2943 234 3031 igitur
264 2945 370 3009 multis
400 2945 536 3032 ignibus,
566 2964 624 3028 per
653 2955 779 3004 noctem
814 2939 974 3025 proficisci
1003 2955 1182 3027 coeperunt.

134 3029 203 3094 Sed
228 3034 276 3112 (ut
298 3030 346 3094 vel
370 3031 401 3094 in
427 3030 588 3107 omnibus,
603 3025 768 3112 praecipue
792 3047 869 3089 vero
892 3028 1040 3091 maximis
1059 3029 1182 3092 exerci-

132 3115 232 3194 tibus,
256 3118 433 3202 praesertim
454 3129 485 3181 et
507 3128 604 3178 noctu
627 3125 658 3176 et
680 3131 737 3195 per
761 3110 931 3189 hosticum,
947 3124 980 3176 et
1002 3112 1094 3177 hoste
1117 3134 1181 3178 non

132 3203 249 3287 procul
270 3203 310 3267 ab
332 3205 408 3286 ipsis
429 3203 577 3278 distante,
601 3199 661 3263 iter
681 3196 879 3275 facientibus,
904 3209 1006 3262 metus
1029 3211 1060 3262 et
1083 3219 1181 3282 pavor

131 3287 268 3353 excitari
284 3289 374 3370 solet)
392 3289 477 3372 ipsos
500 3287 627 3350 incessit
649 3281 827 3368 trepidatio.
874 3283 919 3348 Et
933 3282 1037 3347 Niciae
1051 3284 1180 3369 quidem

130 3375 248 3460 copim,
265 3374 534 3463 quemadmodum
555 3370 723 3457 praeibant,
740 3369 785 3433 sic
807 3369 902 3433 etiam
925 3369 1018 3434 simul
1033 3370 1181 3454 perstite-

131 3473 223 3542 runt,
244 3461 404 3562 longeque
425 3469 668 3546 praecesserunt.
714 3456 758 3519 At
781 3453 1101 3521 Demostheniearum
1126 3477 1180 3520 co·

130 3548 261 3632 piarum
277 3547 408 3612 dimidia
430 3545 495 3611 lere
517 3559 613 3631 atque
634 3543 715 3608 adeo
737 3540 841 3626 major
860 3562 935 3625 pars
957 3541 1107 3606 distracta
1122 3552 1179 3619 est,

130 3646 166 3697 et
190 3634 356 3698 ordinibus
377 3631 596 3696 non'servntis
620 3625 783 3715 pergebat.
829 3625 940 3692 Prima
963 3641 1069 3696 autern
1099 3628 1179 3706 luce,
1197 3643 1304 3705 tepeo.

130 3731 240 3783 tamen
256 3719 297 3784 sd
319 3741 406 3782 mare
428 3728 648 3802 pervenerunt,
665 3730 696 3778 et
718 3714 811 3788 viam,
829 3713 959 3777 nomine
976 3711 1180 3795 Helorinam,

130 3806 276 3891 ingressi,
294 3807 339 3869 ire
360 3827 418 3890 per
440 3805 545 3880 ebant,
564 3817 609 3881 ut,
624 3822 697 3864 curn
714 3799 754 3862 ad
772 3799 961 3884 Casyparim
976 3799 1107 3868 fluvium
1124 3802 1179 3866 de-

131 3891 300 3967 venissent,
326 3829 500 3956 seeunilum
524 3889 628 3974 ipsum
655 3883 786 3950 fluvium
812 3906 868 3970 per
892 3883 1122 3951 mediterranea
1145 3886 1178 3950 in

167 4064 219 4111 PSi
235 4065 298 4111 sorte
316 4065 471 4112 membratim
489 4063 542 4108 illos
559 4061 702 4117 territando,
723 4065 804 4106 totum
826 4071 913 4118 agmen
934 4063 1078 4105 everterent.
1105 4056 1179 4105 razn.

132 4129 159 4176 Si
173 4131 244 4186 sorte,
261 4129 346 4190 fugato
363 4129 465 4176 subinde
483 4141 557 4187 parvo
573 4139 656 4172 eorum
675 4137 787 4180 nurnero,
800 4123 891 4168 tandem
908 4127 988 4168 toturn
1005 4133 1092 4182 agmen
1109 4122 1180 4167 terri·

131 4201 222 4239 tarent.
245 4195 383 4256 Stephanus.
419 4193 443 4239 Si
459 4193 524 4240 sorte
537 4193 574 4237 rel
592 4191 693 4250 paulum
711 4188 796 4248 pulsis,
809 4191 891 4234 totum
906 4199 985 4235 exerc.
1002 4193 1049 4235 ete.
1070 4184 1179 4244 Aeacius·

135 4255 227 4305 fluns.

642 4324 736 4402 ogd
