2994 4788
397 291 642 366 HISTORIAE
665 293 756 366 utu.
779 292 839 365 lv.
1076 309 1144 374 2⁵7

90 517 93 530 .
122 471 255 548 occurrit,
271 472 383 558 etqui,
398 469 425 534 si
440 469 569 536 oscedo
579 469 683 548 tuerit,
699 461 775 535 belii
795 469 871 536 fecit
886 468 1027 550 initium,
1038 471 1143 540 tniuus
1168 493 1230 540 sor.

120 576 231 642 promte
258 555 343 622 bello
373 573 522 642 premere·
545 553 651 622 solent.
698 555 808 644 HuJus
836 573 946 626 sutem
973 559 1020 624 rei
1043 558 1143 625 dom·
1160 555 1242 618 ¹5¹⁰»

61 717 71 728 ⁶
119 655 246 708 mentum
268 641 417 708 adversus
438 643 517 708 istos
538 640 700 720 hebemus,
724 662 798 708 curu
824 643 908 709 enirn
934 661 988 710 eos
1010 643 1052 709 sd
1077 645 1142 710 Co·
1157 622 1256 748 3,πέἒῇ

119 751 233 794 ronesm
248 729 440 808 vicissemus,
453 747 517 817 quo
532 740 676 814 tempore
690 741 821 814 propter
833 741 959 795 nosnos
973 729 1143 797 seditiones
1168 749 1208 796 ne.
1221 750 1245 799 1.

118 836 218 899 agrum
232 826 364 884 nostrum
386 823 579 901 occupatum
598 814 760 891 tenebunt,
775 833 923 915 magnam
944 815 1080 882 Rome
1094 839 1143 883 se·
1168 813 1200 925 g·
1212 817 1241 862 0

118 902 267 968 entitatem
290 902 331 967 sd
358 901 420 966 hoc
450 919 548 988 nsque
577 912 703 986 tempus
730 902 947 986 praestitimus.
992 903 1140 979 Quorum
1176 891 1238 992 ἐξ·

116 1007 167 1050 nos
180 1007 330 1053 memores
344 1007 473 1074 opernm
493 985 571 1052 dare
592 999 728 1072 oportet,
745 999 826 1053 utet
841 991 976 1073 rnejores
992 1001 1079 1066 omn,
1095 989 1140 1054 fs-

115 1073 214 1138 cinorn
235 1095 256 1140 st
280 1075 367 1138 nobis
391 1073 480 1160 prius
510 1069 605 1150 editu,
631 1091 712 1137 nuno
735 1073 916 1150 imitemurg
946 1088 979 1138 et
1002 1080 1141 1141 minores

115 1172 195 1238 netu,
209 1160 263 1247 qui
284 1157 341 1223 fflii
364 1178 471 1224 sumus
492 1171 619 1244 potrum
642 1157 781 1234 iliorum,
798 1159 856 1244 qui
876 1171 954 1225 tunc
968 1157 1029 1224 viri
1042 1159 1144 1227 sones

114 1240 240 1323 inerunt,
266 1267 307 1310 ne
336 1245 525 1310 domesticus
550 1245 682 1309 virtutes
709 1243 954 1312 dedecoremus:
986 1245 1043 1310 sed
1067 1265 1140 1332 per·

113 1351 227 1396 sumum
241 1331 402 1410 habentes,
419 1328 561 1410 neuma
576 1330 671 1395 uobis
682 1343 848 1407 staturum,
861 1333 950 1417 cujus
963 1329 1072 1396 fenum
1089 1335 1138 1398 isti

115 1413 220 1481 nefarie
234 1440 328 1483 muro
342 1432 464 1502 septum
480 1414 606 1493 'tenero
630 1429 661 1482 et
678 1416 840 1482 sacrifieiis
861 1415 945 1497 freti,
960 1435 1033 1503 quos
1047 1418 1139 1483 nobis

111 1499 338 1569 immolantibus
360 1504 470 1568 laetum
492 1525 528 1566 ec
548 1501 671 1566 feiieem
698 1524 803 1567 rerum
830 1515 982 1567 euentum
1004 1506 1138 1588 promit·

112 1596 185 1667 tunt,
207 1588 356 1654 adversus
378 1590 435 1654 hos
457 1591 635 1668 tendamus,
655 1601 687 1652 et
709 1589 972 1665 demonstremus,
996 1587 1140 1656 obtinuere

111 1693 193 1756 posse
205 1699 251 1754 es,
268 1699 342 1764 quae
355 1673 595 1760 concupiscunt,
609 1673 635 1738 si
658 1673 774 1739 bellum
798 1695 866 1738 non
880 1674 1138 1760 propuisantibus

19 1765 23 1776 '
109 1757 244 1842 inferent
291 1761 368 1826 Ilios
383 1781 471 1840 vero,
487 1777 624 1847 quorum
645 1761 808 1845 petriano
822 1761 931 1825 innato
944 1763 1137 1845 generositas

110 1843 174 1928 fot,
197 1861 230 1912 ut
250 1860 284 1913 et
305 1870 396 1912 suum
419 1848 561 1934 ipsorum
584 1867 604 1910 o
714 1865 825 1931 pugno
846 1867 970 1932 semper
993 1847 1137 1925 liberent,

110 1950 162 1996 nec
183 1929 320 1999 alienum
343 1933 376 1997 io
399 1933 579 1998 servitutem
616 1931 718 2016 ojuste
740 1931 896 2017 redigunt,
919 1951 982 1996 non
1006 1935 1141 2017 perrois·¹

109 2037 203 2102 suros,
218 2032 253 2085 ut
268 2021 325 2085 isti
338 2042 356 2084 e
372 2019 435 2084 suis
449 2015 568 2082 finibus
583 2017 650 2082 sine
666 2017 838 2082 certamine
852 2016 1025 2083 discedent.

145 2108 195 2170 93.
218 2103 388 2190 Psgondss
417 2105 465 2169 his
486 2103 591 2168 verbis
612 2101 743 2169 Boeotos
764 2101 960 2179 adhortatus,
983 2105 1143 2189 persuasit-

108 2189 183 2270 ipsis,
199 2204 234 2256 ut
255 2193 340 2257 irent
361 2191 509 2256 adversus
527 2189 743 2255 Athenienses.
790 2188 1029 2276 Confestimque
1043 2191 1143 2255 motis

106 2277 207 2342 sustris
221 2278 398 2342 exercitum
414 2275 537 2342 eduxit.
580 2272 654 2341 Jsm
668 2276 752 2356 enim
769 2288 836 2340 erut
850 2297 953 2340 serum
974 2275 1048 2340 dici.
1094 2273 1140 2343 Et

107 2381 172 2426 tum
195 2360 239 2428 ud
263 2365 405 2448 ipsorum
433 2376 537 2427 castra
562 2381 663 2448 prope
689 2361 879 2438 accessisset,
901 2358 939 2424 in
966 2361 1038 2426 loeo
1061 2365 1138 2426 sub·

106 2446 220 2529 sistens,
234 2451 322 2517 unde
335 2448 417 2514 colle
432 2449 608 2535 interjecto,
624 2446 717 2513 alteri
738 2447 853 2513 alteros
874 2449 1057 2532 conspicere
1072 2467 1139 2513 non

104 2547 254 2616 poterim,
279 2535 379 2602 sciero
403 2535 556 2600 instruxit
579 2545 611 2598 et
636 2533 676 2598 nd
697 2532 849 2618 proelinm
875 2551 910 2597 se
935 2535 1140 2634 prosperavit.

105 2617 316 2708 ffippocretes
338 2635 455 2702 autem,
471 2620 527 2707 qui
546 2619 632 2706 opud
648 2619 781 2684 Delium
803 2631 881 2697 eret,
898 2639 971 2683 cum
986 2641 1014 2683 er
1030 2621 1140 2684 nunti«

104 2719 183 2772 stum
198 2707 309 2775 fuisset
326 2707 454 2774 Boeotos
468 2705 618 2772 adversus
631 2707 830 2772 Athenienses
845 2706 963 2782 venire,
981 2704 1076 2770 mittit
1095 2705 1142 2770 nd

90 2791 283 2875 'exereitum
312 2795 480 2880 imperans,
508 2805 543 2858 ut
573 2792 605 2856 in
629 2813 703 2856 snos
729 2791 847 2879 quique
867 2791 995 2857 ordines
1025 2813 1059 2856 se
1088 2811 1139 2856 re·-

102 2873 247 2964 tiperent
279 2903 339 2946 nec
361 2879 462 2945 multo
484 2891 556 2964 post
577 2879 644 2964 ipse
671 2876 784 2956 adfuit,
804 2877 922 2942 relictis
945 2875 1045 2942 ferme
1073 2891 1139 2942 tre-

103 2967 196 3032 ontis
219 2967 382 3056 equitibus
412 2965 496 3032 circs
521 2965 664 3041 Delium,
689 2976 757 3028 tum
787 2963 831 3028 sd
858 2964 919 3028 loei
948 2957 1136 3040 custodem,

100 3051 125 3113 si
147 3075 206 3140 qus
228 3075 346 3119 munus
367 3052 470 3137 ipsum
493 3049 682 3126 adoriretur,
701 3059 768 3114 tuin
791 3049 886 3114 etism
909 3062 954 3126 ut,
971 3049 1143 3114 occasione

101 3135 274 3218 observate,
292 3139 427 3204 Boeotos
443 3141 474 3202 in
492 3137 565 3222 ipso*
584 3134 704 3222 proelio·
722 3159 742 3200 e
763 3147 854 3236 tergo
875 3134 1135 3221 aggrederentur.

101 3217 202 3290 Booti
223 3247 305 3293 vero
326 3223 376 3288 his
397 3235 626 3309 opposuerunt,
643 3221 697 3307 qui
721 3221 784 3282 viro
808 3241 946 3304 ipsorum
971 3221 1135 3304 propulso-

99 3323 175 3376 rent.
220 3313 309 3379 Cum
326 3325 429 3374 eutem
448 3331 557 3373 omnes
579 3309 720 3394 ipsorum
746 3327 793 3369 res
816 3317 901 3370 recte
918 3305 1086 3380 heberent,
1102 3308 1140 3370 in*

98 3418 218 3464 summo
232 3399 319 3464 colle
332 3397 466 3462 tostinus
479 3403 707 3480 apparuerunt,
720 3409 751 3456 et
766 3413 838 3456 cum
854 3391 951 3455 armis
962 3392 1008 3454 ihi
1021 3393 1136 3455 substi-

98 3493 211 3561 terunt,
227 3487 301 3550 scie
322 3483 487 3559 instructo,
510 3493 546 3544 ut
590 3478 738 3566 ugnuturi
761 3491 870 3542 erent:
893 3489 1014 3561 septem
1037 3476 1139 3542 ferme

96 3572 197 3654 gravis
227 3581 404 3637 armaturoe
434 3565 543 3643 millis,
567 3499 644 3629 ieris
671 3583 745 3629 vero
769 3585 865 3649 supro
889 3562 997 3628 decem
1024 3561 1139 3641 millis,

95 3659 216 3744 equites
231 3655 333 3733 mille,
348 3666 380 3719 et
393 3652 502 3740 peltsti
515 3649 691 3739 quingenti.
735 3648 898 3715 Dextrum
914 3661 1018 3712 autem
1032 3659 1138 3714 'cornu

96 3744 246 3810 tenebant
276 3739 438 3817 Thebani,
467 3759 643 3822 eorumque
672 3735 760 3800 socii.
809 3733 912 3800 Medii
941 3757 1017 3799 vero
1046 3745 1137 3799 eroso

16 3855 17 3858 ¹
96 3827 259 3906 Haliartii,
287 3825 448 3903 coronaei,
475 3836 507 3889 et
531 3823 580 3889 Co
650 3843 729 3897 uses,
751 3821 922 3907 coeterique
951 3821 1054 3907 stagni
1083 3841 1136 3884 ac·

93 3915 181 3982 uoles.
230 3915 405 3982 Sinistrum
420 3933 497 3976 vero
510 3922 582 3975 tene
623 3922 660 3972 nt
674 3907 896 3993 Thespienseq
909 3904 1092 3992 Tenngraei,
1104 3917 1137 3969 et

93 4001 320 4069 Orchomenii.
343 4000 376 4064 in
399 4009 536 4084 unoque
558 4007 665 4060 eutem
691 4013 792 4058 cornu
818 4004 887 4058 eret
911 3994 1081 4078 equitatus,
1104 4002 1138 4054 et

94 4087 170 4154 levis
192 4100 370 4155 armatura.
415 4084 482 4148 pEt
503 4080 653 4147 Thebani
674 4078 814 4166 quidem,
831 4076 946 4142 milites
966 4077 999 4139 in
1023 4074 1137 4162 quinos

123 4281 329 4328 P'i'nebsnnrum
349 4277 451 4337 singuiis¹
470 4275 570 4322 scutatis
590 4272 659 4332 quini
680 4279 705 4316 et
727 4269 799 4316 vieini
822 4266 936 4328 applicati
957 4273 1034 4312 eram.
1062 4265 1136 4312 Vetto:

616 4355 633 4396 Β
904 4366 909 4376 ,
962 4359 965 4364 ,
