2964 4786
409 316 658 385 HISTORIAE
681 317 773 384 LIB.
794 317 855 384 vl.
1098 329 1164 394 stt

118 487 243 554 dictum
258 500 322 564 est:
344 500 376 553 et
390 501 464 554 ante
483 489 722 573 protectionem,
738 511 804 555 non
818 489 852 554 in
867 487 1000 577 singulis
1014 492 1157 576 navibus,
1192 511 1253 564 eon.

117 574 173 638 sed
201 575 338 640 universi
365 597 422 660 per
446 577 604 660 praeconis
629 597 740 640 rocem
767 591 844 641 vota
865 575 1009 642 solennia
1032 599 1158 646 nuncu·
1178 578 1261 641 Perea

115 673 247 744 parunt,
261 672 293 724 et
314 675 452 725 crateres
476 661 651 737 miscentes,
673 662 708 724 in
729 665 832 726 aureis
854 663 998 749 argentei
1036 685 1076 729 ue
1097 688 1155 751 po·
1169 644 1270 771 5ῗὲὲέ

115 746 196 810 culis
220 768 294 811 cum
320 748 449 810 navium
475 745 666 828 defensores,
689 758 758 810 turn
783 749 847 830 r'psi
870 747 978 826 duces,
1004 749 1025 813 li
1086 767 1154 818 unt.
1179 762 1256 822 9121.

117 831 223 898 Simul
244 845 348 896 autem
372 845 445 896 vota
466 830 602 896 faciebat
622 843 655 896 et
675 847 791 896 caetera
813 833 916 910 turbe,
936 857 1009 920 quae
1031 838 1154 904 eratin
1182 837 1211 884 Η·
1223 839 1252 886 ⁰·

111 931 209 995 terra,
224 929 289 982 tam
311 917 440 996 civium,
456 940 551 1004 quam
575 918 709 982 aliorum
733 918 839 995 etiam,
855 919 880 982 si
896 920 967 1004 quis
982 920 1154 990 benevolus
1180 901 1251 1016 lg?

110 1003 188 1088 ipsis
203 1001 320 1068 aderat.
366 1003 450 1068 Cum
467 1016 573 1068 autem
595 1026 708 1089 paeana
729 1004 925 1094 cecinissent,
937 1018 972 1069 et
986 1005 1153 1076 libationes
1234 997 1243 1015 ⁶

110 1089 317 1177 peregissent,
330 1111 348 1154 e
361 1101 458 1174 portu
473 1089 626 1154 solventes
641 1091 675 1152 in
690 1088 789 1154 altum
805 1091 874 1153 vela
887 1088 1040 1157 fecerunt.
1080 1094 1153 1160 ‘At-

108 1197 174 1262 que
188 1174 327 1259 primum
344 1175 442 1260 longa
455 1175 584 1239 navium
607 1175 687 1239 serio
707 1175 905 1262 navigantes,
916 1176 984 1260 jam
999 1176 1153 1267 adAEgi·

106 1281 183 1325 nam
201 1283 300 1346 usque
314 1281 442 1324 cursum
460 1261 603 1325 certatim
626 1275 808 1326 tenuerunt.
853 1261 960 1361 Atque
973 1261 1006 1326 hi
1022 1263 1151 1349 quidem

108 1345 299 1433 Corcyram,
322 1367 389 1434 quo
415 1359 446 1410 et
471 1345 611 1433 reliquus
634 1347 793 1411 sociorum
816 1359 973 1412 exercitus
999 1353 1149 1416 conveni·

107 1432 195 1512 ebat,
220 1432 384 1516 pervenire
413 1434 639 1516 properabant.
687 1433 857 1520 Syracusas
886 1453 962 1497 vero
990 1455 1031 1501 ex
1056 1436 1149 1504 trariis

104 1517 237 1605 quidem
254 1517 330 1582 locis
346 1517 451 1582 nuntii
466 1517 507 1582 de
520 1517 634 1583 infesto
653 1519 748 1604 hujus
764 1518 870 1582 classis
883 1519 1022 1585 adventu
1037 1521 1148 1588 affere·

105 1604 243 1668 bantur:
266 1603 320 1668 sed
336 1617 442 1669 tamen
457 1603 512 1668 diu
530 1604 610 1668 nihil
632 1603 748 1668 horum
770 1605 924 1668 creditum
939 1622 996 1670 est.
1041 1607 1148 1684 Quin·

103 1691 213 1768 etiam,
242 1703 416 1755 convocata
448 1690 613 1770 concione,
641 1689 823 1776 hujusmodi
853 1691 1020 1756 sententiae
1049 1692 1145 1760 dictae

101 1777 235 1841 luerunt
249 1797 322 1841 curn
342 1775 384 1840 ab
401 1775 469 1839 aliis
485 1780 633 1861 (quorum
655 1775 709 1839 alii
729 1775 857 1861 quidem
872 1776 1054 1855 credebant,
1070 1801 1144 1844 atera

100 1885 176 1941 esse,
192 1884 265 1948 quae
286 1861 327 1926 de
350 1860 594 1926 Atheniensium
615 1859 818 1945 expeditione
839 1863 1073 1941 nuntiabantur,
1089 1865 1144 1930 alii

100 1971 181 2012 vero
196 1948 355 2012 contraria
373 1946 549 2028 dicebant,)
564 1960 633 2012 tum
655 1945 750 2010 etiam
768 1947 809 2010 ab
825 1945 1039 2012 Hermocrate
1054 1947 1143 2015 Her·

100 2034 207 2099 monis
216 2036 305 2120 fflio,
343 2035 375 2098 ui
397 2035 432 2098 in
453 2036 581 2098 medium
604 2053 797 2132 progressus,
816 2033 935 2118 quippe
956 2053 1142 2116 persuasum

98 2120 246 2199 baberet,
261 2141 294 2190 se
309 2056 404 2204 ,lane
418 2119 510 2197 scire,
526 2141 600 2204 quae
613 2118 655 2183 de
674 2115 736 2184 illis
754 2118 843 2184 rebus
850 2118 1050 2202 firmantur,
1065 2121 1142 2207 ipsis

94 2207 172 2273 haec
186 2206 278 2283 dixit,
290 2227 327 2270 ac
342 2206 449 2271 suasit.
1099 2263 1104 2274 .

143 2301 199 2360 33.
220 2301 243 2334 “
252 2293 496 2358 lucaenrarnra
510 2291 649 2378 quidem,
662 2289 932 2377 quemadmodum
947 2303 980 2355 et
993 2290 1047 2357 alii
1057 2314 1139 2359 non·

94 2379 191 2460 nulli,
205 2377 338 2445 forsitan
353 2392 384 2443 et
405 2391 466 2460 ego
480 2378 565 2463 apud
581 2399 635 2442 vos
650 2379 691 2441 de
705 2377 882 2442 certissimo
893 2377 999 2443 classis
1013 2377 1138 2446 hostilis

93 2466 238 2530 adventu
253 2464 358 2530 dicere
373 2463 515 2544 uidebor.
560 2462 765 2528 illudentem
786 2462 887 2547 probe
899 2463 985 2542 novi,
1001 2487 1066 2546 eos,
1081 2466 1137 2551 qui

91 2555 145 2616 vel
173 2552 295 2628 dicunt,
322 2551 371 2615 vel
397 2550 548 2614 nuntiant
576 2572 635 2628 res,
662 2571 735 2635 quse
759 2547 857 2612 fidem
883 2562 1043 2632 superant,
1069 2572 1136 2616 non

89 2638 199 2704 solum
215 2658 280 2701 non
295 2636 496 2722 persuadere,
511 2657 622 2700 verum
642 2637 737 2700 etiam
759 2647 899 2699 amentes
914 2633 1025 2698 videri.
1071 2635 1136 2701 Ve-

88 2735 276 2800 runtamen,
291 2745 364 2787 cum
386 2721 571 2808 reipublicae
592 2721 769 2806 pericmum
791 2720 982 2804 impendeat,
998 2743 1063 2786 non
1084 2725 1135 2788 id·

87 2813 177 2876 circo
190 2810 356 2874 deterritus
371 2808 552 2873 abstinebo:
576 2808 652 2893 quia
672 2819 856 2891 persuasum
878 2805 992 2885 habeo,
1008 2829 1060 2872 me
1073 2808 1133 2872 ali-

87 2896 173 2983 quid
187 2893 381 2981 exploratius
395 2894 566 2970 dicturum‚
579 2915 675 2978 quam
690 2892 832 2979 quemvis
847 2891 955 2970 alium,
968 2893 1055 2979 quod
1069 2894 1131 2960 boo

85 2984 198 3049 sciam.
244 2980 455 3046 Athenienses
471 2981 555 3044 enim
571 2979 721 3043 adversus
739 3000 798 3042 nos
815 2978 915 3064 (quod
930 2979 1132 3046 vehementer

82 3068 309 3149 admiramini)
332 3089 404 3132 curn
430 3065 554 3153 ingenti
576 3065 720 3129 exercitu
745 3077 777 3128 et
802 3063 908 3128 navali
933 3076 966 3128 et
991 3066 1130 3148 pedestri

81 3155 231 3221 veniunt.
278 3153 355 3218 Hoc
376 3152 503 3240 quidem
519 3163 686 3238 praetextu,
702 3165 737 3214 ut
752 3148 906 3236 Egestaeis
928 3150 1022 3224 sociis
1035 3152 1130 3218 auxi·

81 3242 167 3307 lium
185 3239 300 3321 ferant,
315 3251 347 3304 et
362 3239 536 3303 Leontinos
557 3237 591 3300 in
613 3257 685 3301 suas
706 3233 794 3300 sedes
815 3235 999 3300 restituant:
1023 3236 1079 3302 sed
1093 3259 1131 3304 re

80 3350 174 3404 vera,
192 3325 321 3404 Sicilire,
343 3325 505 3410 praecipue
526 3344 602 3387 vero
622 3333 741 3386 nostrae
762 3320 850 3386 urbis
872 3320 1057 3404 cupiditate,
1072 3345 1129 3388 ex·

79 3414 274 3490 istimantes,
289 3413 314 3476 si
330 3411 414 3476 banc
426 3411 602 3486 obtineant,
611 3431 644 3473 se
654 3419 777 3472 cetam
787 3408 880 3472 etiam
893 3406 1009 3471 Sicilire
1019 3419 1129 3492 portes

78 3500 179 3566 facile
202 3499 399 3564 obtenturos.
442 3496 603 3566 Quoniam
631 3494 730 3580 igitur
754 3493 938 3578 propediem
964 3493 1022 3556 buc
1050 3507 1127 3561 sunt

79 3583 261 3672 appulsuri,
277 3584 392 3661 videte,
413 3603 478 3669 qna
499 3583 622 3647 ratione
642 3602 702 3669 prp
724 3578 842 3644 viribus
863 3579 949 3664 ipsos
970 3577 1126 3646 honestis-

78 3675 165 3739 sime
188 3670 402 3757 propulsaturi
426 3668 507 3745 sitis;
531 3681 561 3732 et
575 3677 689 3748 conde,
704 3689 745 3730 ne
765 3686 824 3751 per
837 3665 968 3730 hostium
982 3677 1124 3732 contem·

76 3761 218 3836 tionem,
245 3756 393 3843 imparati
421 3753 658 3840 opprimamini,
682 3774 762 3818 neve
788 3752 907 3816 nuntiis
934 3750 1031 3816 fidem
1057 3774 1123 3820 uon

75 3844 247 3921 babentes,
264 3865 370 3908 rerum
393 3863 549 3907 summam
572 3863 613 3904 ne
635 3838 749 3924 ligatis.
794 3836 894 3913 Quod
916 3836 941 3900 si
959 3837 1012 3902 cui
1027 3839 1121 3904 etiam

74 3955 132 3998 res
154 3929 321 3996 credibiles
342 3929 443 3994 dicere
464 3927 598 4004 videbor,
612 3863 741 3990 illorum
764 3922 930 3988 audaciam
952 3945 990 3988 ac
1008 3939 1121 4012 poten-

108 4153 166 4202 ¹1n
186 4153 291 4214 speciem
307 4133 383 4200 cornu
398 4152 478 4213 primo
494 4150 636 4212 navigantes
651 4155 697 4194 etc.
724 4147 798 4195 Vallo.
832 4147 862 4194 ln
878 4159 954 4192 cornu
970 4147 1051 4206 primo
1066 4153 1119 4192 ten·

72 4223 179 4276 dentes,
189 4217 302 4264 certatim
312 4217 425 4276 AEginarn
436 4229 513 4278 usque
525 4215 678 4275 navigarunt.
702 4211 810 4260 Ararim.
843 4211 906 4258 Vide
917 4209 1037 4258 Sciscitari.
1049 4211 1080 4258 ad
1092 4207 1119 4269 2,

72 4287 120 4334 ⁹10.
131 4297 156 4330 r.
168 4279 235 4329 uri
244 4279 306 4343 piar.
340 4281 427 4330 liuns.
584 4361 606 4406 Δ
621 4361 639 4404 a
655 4349 675 4405 3
