2990 4792
396 295 661 376 ‘Hlsuonlm
683 302 773 373 LlB.
796 301 861 374 lll.
1105 317 1170 378 153

122 479 195 583 nee
209 481 321 567 h'yems
336 479 466 558 mee
479 478 579 580 nujus
588 478 774 566 essequod
786 477 992 566 musyum
1005 481 1167 566 semp
1181 492 1276 620 ffi-

125 582 238 720 ⁸¹1,ng
239 581 448 740 qrqppqqqqqq
458 578 605 716 eexesoetdtsist·
614 652 717 729 initio,
743 651 977 738 Peloponnesii,
1000 666 1166 739 postquam
1183 623 1282 750 3Γῶ

128 739 290 818 Alcidsm,
306 740 360 826 qui
376 739 484 804 classis
498 739 639 823 ipsorum
662 737 832 824 prefectus
847 753 926 817 eret,
942 759 1014 804 cum
1031 741 1168 826 qusdrs·
1193 751 1272 814 seq.

124 830 218 915 ginta
231 841 265 892 et
285 825 409 891 duobus
430 824 574 902 navibus,
590 845 670 925 ques
684 827 776 890 sociis
795 826 972 891 ciuitatibrc
994 827 1168 911 imperare-
1193 815 1224 864 ⁰·
1237 819 1268 866 α

125 924 213 990 rent,
230 911 406 999 Mitylenen
421 912 584 988 miserunt,
598 910 670 995 ipsi,
681 931 855 998 eorumque
866 911 944 976 socii
958 911 1168 996 irruptionem
1179 881 1267 1009 §ff

126 1001 162 1064 in
185 1001 328 1065 Atticam
351 998 513 1064 fecerunt:
571 1019 612 1062 ιιο
637 998 742 1062 minus
762 997 984 1078 Athenienses,
1009 999 1106 1062 utrim
1130 1021 1170 1063 ue
1202 1009 1263 1058 Post

125 1087 249 1152 tnrboti
262 1085 413 1150 &versus
433 1105 531 1148 neves
595 1081 732 1168 itylenen
755 1083 1002 1168 proficiscentes,
1026 1021 1170 1152 subsidio
1178 1075 1291 1124 ΜΝ·

127 1173 284 1238 venirent.
319 1170 409 1236 Huic
423 1184 529 1236 sutem
545 1167 744 1254 expeditioni
781 1182 892 1234 raeerst
909 1191 969 1254 pro
982 1170 1073 1256 Rege
1086 1171 1171 1235 Psu-

125 1258 227 1336 senis,
239 1257 461 1323 Plistosnectis
472 1255 552 1336 filio,
564 1254 667 1320 adhuc
682 1191 816 1339 pupillo,
829 1256 1018 1320 Cleomenes
1027 1270 1171 1341 patruus.

129 1345 309 1410 Vsstsrunt
321 1358 428 1408 sutem
444 1343 477 1408 in
493 1341 598 1408 Attice
612 1353 645 1406 et
659 1341 733 1418 slis,
747 1363 819 1428 quse
833 1343 923 1426 prius
937 1363 1019 1407 crees
1033 1341 1170 1421 fuerent,

128 1446 163 1496 et
176 1432 203 1494 si
220 1428 298 1516 quid
313 1428 542 1515 repullulasset,
558 1441 590 1492 et
605 1449 817 1513 quecumque
833 1431 866 1493 in
885 1429 1101 1513 superioribus
1115 1451 1171 1494 ex·

128 1516 347 1604 peditionibus
361 1514 572 1600 pretermisso
586 1512 722 1578 fuerant.
767 1517 875 1601 Atque
896 1513 967 1580 haee
986 1514 1123 1600 irruptio
1137 1519 1172 1580 in

128 1625 240 1692 agr-rm
262 1604 398 1667 Atticum
414 1598 790 1686 factcAthenieusibus
819 1613 892 1685 post
916 1601 1086 1666 secundem
1114 1600 1174 1667 fuit

129 1689 274 1754 omnium
290 1687 500 1753 acerbissime.
545 1685 629 1750 Nem
646 1687 873 1768 Peloponnesii,
889 1707 963 1751 cum
980 1709 1103 1773 semper
1117 1709 1173 1752 ex-

131 1787 326 1862 spectarent,
343 1775 445 1838 donec
460 1775 492 1838 in
509 1771 616 1838 Lesbo
637 1770 758 1857 aliquid
774 1773 849 1836 novi
870 1771 983 1838 desua
1004 1773 1103 1838 clssse
1118 1797 1173 1838 su·

30 1907 44 1918 -
130 1863 250 1939 dicent,
266 1862 357 1948 qussi
370 1882 410 1926 so
422 1861 490 1946 jsm
506 1857 689 1944 appulisset,
704 1857 821 1942 possim
844 1857 1056 1924 discurrentes
1069 1859 1175 1944 plere·

132 1971 196 2034 que
211 1959 384 2030 vastarunt.
430 1945 494 2010 Sed
517 1965 590 2010 cum
613 1943 692 2008 nihil
717 1965 840 2021 corum,
863 1966 936 2030 quse
960 1960 1173 2028 speraverunt,

129 2035 214 2120 ipsis
222 2032 417 2112 succederet,
431 2053 569 2119 cumque
579 2052 630 2094 res
641 2029 849 2094 frumentaria
863 2052 916 2095 eos
930 2029 1103 2108 deiecisset,
1115 2029 1174 2097 do·

130 2143 222 2186 mum
238 2119 411 2195 redierunt,
426 2117 506 2183 etin
521 2137 609 2182 susm
626 2117 744 2203 quique
754 2116 914 2181 civitatem
928 2139 961 2181 se
975 2130 1174 2203 receperunt.

174 2214 230 2276 27.
255 2203 436 2291 Mitylenoei
453 2225 528 2268 vero
549 2204 681 2280 interes,
697 2223 771 2266 cum
786 2224 891 2289 neque
913 2223 1009 2267 neves
1023 2225 1061 2270 ex
1082 2203 1175 2268 Pelo·

132 2313 278 2378 ponneso
302 2290 345 2356 ud
371 2292 458 2376 ipsos
484 2289 640 2367 venirent,
669 2290 724 2353 sed
754 2311 859 2353 mores
875 2300 1053 2367 necterent,
1081 2289 1176 2356 simul

131 2381 230 2444 etiem
244 2399 318 2442 cum
341 2399 391 2443 res
412 2375 618 2441 frumentario
639 2397 694 2439 eos
715 2374 887 2455 defecisset,
909 2375 1173 2460 compositionem

131 2487 207 2530 cum
226 2461 472 2530 Atlreoiensibus
486 2461 547 2526 hac
561 2460 603 2526 de
616 2483 711 2526 csuss
725 2459 828 2526 fecere
838 2475 913 2527 sunt
928 2462 1048 2527 coacti·
1074 2460 1174 2528 Sales-

131 2552 219 2630 thos,
234 2573 276 2616 ne
288 2551 357 2633 ipse
370 2548 499 2635 quidem
515 2569 609 2614 neves
628 2547 765 2633 emplius
779 2557 977 2631 exspectans,
994 2551 1174 2632 ”populum

131 2650 247 2714 armet,
260 2636 316 2726 qui
330 2647 404 2700 unte
417 2635 547 2700 inermis
556 2646 634 2711 eret,
651 2645 801 2719 tanquam
811 2634 1010 2720 eruptionem
1026 2631 1059 2697 in
1073 2633 1175 2698 Athe·

127 2725 257 2790 menses
271 2721 422 2787 nomm
461 2723 508 2786 At
520 2720 685 2805 oppidani,
724 2733 868 2806 estquem
880 2741 969 2784 srms
982 2731 1174 2796 sumserunt,

130 2833 239 2898 neque
262 2807 472 2896 Magistratus
492 2805 631 2892 emplius
644 2829 664 2870 a
709 2806 757 2870 ire
775 2805 964 2882 voluerunt;
992 2818 1034 2884 et,
1057 2805 1177 2871 habitis

131 2897 218 2962 inter
239 2917 274 2962 se
296 2894 448 2974 conciliis,
471 2893 681 2978 imperabunt,
702 2905 740 2957 ut
760 2905 905 2976 potentes
918 2891 1078 2957 frumento
1099 2913 1175 2976 sup-

132 3005 245 3070 presse
266 2981 302 3046 iu
316 2980 419 3046 lucem
443 2978 748 3065 proferrenturque
771 2978 888 3043 viritim
912 2977 1033 3128 populo
1050 2978 1174 3042 divide-

132 3081 218 3146 rent,
230 3067 349 3155 alioqui
361 3089 394 3131 se
405 3065 667 3152 compositionem
679 3086 753 3129 cum
766 3063 953 3130 Atheniensi
978 3085 1015 3128 us
1025 3063 1174 3143 fecturus,

130 3156 311 3241 urbemque
323 3153 400 3238 ipsis
414 3151 577 3216 dedituros
591 3151 799 3216 affirmarunt.

178 3248 234 3308 28.
257 3241 341 3307 Cum
356 3251 462 3304 sutem
478 3237 534 3316 illi,
550 3239 605 3322 qui
620 3236 804 3322 reipublice
823 3247 992 3320 preerant,
1006 3236 1070 3301 hoc
1085 3236 1177 3301 intel·

132 3329 296 3405 lexiescnt,
312 3347 371 3392 nec
385 3323 540 3410 impedire
549 3337 687 3410 possent,
703 3335 737 3387 et
749 3322 778 3386 si
792 3321 1021 3406 compositione
1029 3323 1176 3387 exclude·

132 3428 259 3492 rentur,
274 3435 307 3478 se
322 3411 354 3476 iu
371 3409 547 3497 periculum
563 3422 712 3475 venturos
722 3406 1017 3509 enimndvemerent,
1033 3429 1176 3512 commu·

131 3511 438 3654 tttffitttlt
448 3493 1179 3670 similtltt’etttttttltttl‘itt

132 3674 195 3760 ipsi
214 3669 394 3758 Mitylenrei
416 3668 589 3734 exercitum
614 3667 647 3732 in
673 3668 786 3732 urbem
803 3667 990 3751 reciperent,
1013 3666 1077 3732 etl
1138 3669 1178 3733 ti-

131 3781 231 3826 onem
253 3779 314 3843 pro
333 3755 445 3842 seipsis
471 3751 616 3821 Athenas
637 3755 811 3821 mitterent.
843 3754 963 3820 interes
985 3773 1072 3832 vero,
1123 3775 1176 3819 um

130 3845 288 3920 redirent,
305 3840 428 3909 Peches
448 3841 608 3907 neminem
633 3838 894 3926 Mitylenaeorum
910 3841 943 3905 in
961 3839 1087 3905 vincula
1101 3862 1177 3905 con-

167 4057 188 4084 ·
200 4048 296 4109 Populo
307 4049 374 4108 prius
385 4047 471 4095 leviter
486 4051 588 4104 trmsto,
599 4046 711 4108 merloto
721 4057 800 4102 erma,
811 4049 928 4104 tanqusm
939 4044 1049 4091 exiturum
1064 4044 1090 4090 ln
1101 4043 1181 4091 Athe·

132 4118 244 4172 nim,
264 4114 340 4160 tradit
358 4119 404 4160 etc
420 4111 530 4158 Aorsia.
563 4111 597 4157 lit
615 4111 715 4170 quidem
731 4109 830 4156 rectius.
865 4107 937 4154 Levis
958 4109 1024 4156 enim
1046 4115 1179 4155 ernistum

133 4179 229 4229 milites
249 4175 380 4236 rumam
391 4171 467 4235 datii,
485 4187 533 4222 oon
544 4175 635 4229 semele
654 4179 682 4219 ut
692 4179 718 4219 et
728 4173 770 4234 qul
784 4173 868 4233 grevia
879 4185 948 4220 mu
958 4177 1065 4232 putent,
1075 4170 1178 4220 terrm

135 4243 221 4304 ψιλὴ
233 4256 266 4304 op
316 4241 336 4286 it
346 4242 394 4288 ltoo
404 4241 456 4287 loeo
466 4241 525 4294 illle,
531 4240 574 4299 qui
585 4237 724 4298 lotidem·
736 4246 763 4283 ut
772 4244 797 4284 et
809 4237 864 4290 Lib.
874 4237 897 4283 8.
909 4234 960 4290 nie
969 4234 1124 4289 manin
1136 4235 1180 4284 etv

134 4305 243 4377 'Amin
277 4303 336 4358 rude
352 4302 415 4359 inu
426 4302 687 4355 drmtrl'AMa·
702 4301 814 4364 Asmira.
841 4300 932 4348 llum.
