2994 4788
411 281 659 364 HISTORIAE
682 295 773 364 LIB.
796 295 853 362 lv.
944 311 946 316 ’
1090 305 1154 376 247
1247 343 1248 346 =

116 465 235 532 tionem
250 465 284 532 in
299 465 473 534 ‘lbraciam
487 467 632 555 parabat,
647 465 729 554 ''quo
743 479 859 534 etanta
872 466 1042 569 cogitabat.
1080 469 1153 538 Me-
1184 482 1246 536 seu

113 573 264 640 garenses
279 575 365 634 vero,
380 555 436 642 qui
451 554 484 619 iu
500 555 580 620 urbe
594 569 694 631 erant,
711 577 783 620 cum
800 554 1009 622 Athenienses
1026 578 1069 643 qu
1114 581 1154 624 ue
1175 553 1256 615 ΜΨ

114 639 248 704 domum
273 641 449 720 rediissent,
473 653 631 728 quotquot
655 641 750 707 rebus
775 641 1015 708 Atheniensium
1041 655 1091 709 stu
1116 667 1152 712 u·
1166 619 1264 744 0⁸1¹‚³;„⁵{B

7 775 8 784 ,
113 739 222 806 erunt,
237 740 269 792 et
291 727 498 792 consiliorum
522 731 561 793 de
580 727 652 792 urhe
667 731 829 810 prodenda
850 730 993 794 initorum
1016 731 1152 798 maxime
1176 746 1216 794 so.
1230 747 1253 794 1.

112 813 285 898 participes
299 812 435 894 fuerant,
450 813 526 901 quia
539 814 690 890 sciebant,
706 837 739 878 se
755 827 940 898 conspectos
952 814 1060 894 fuisse,
1075 839 1152 882 con-
1178 809 1212 923 ξ·
1225 811 1253 858 0·

111 897 217 964 lestim
233 922 266 965 se
280 899 519 966 subduxerunt:
546 899 652 965 oaeteri
668 921 753 978 vero,
775 900 938 985 colloquio
961 923 1035 966 cum
1055 925 1151 969 exsu-
1184 891 1248 990 ὦ·

111 984 181 1050 lum
196 986 306 1051 amicis
320 985 442 1063 habito,
458 1007 522 1063 eos,
537 987 593 1073 qui
608 985 694 1072 apud
711 985 813 1073 Pegas
827 1001 927 1065 erant,
942 989 1150 1070 reduxerunt,

111 1071 497 1160 cumeosreligiosissimo
507 1072 766 1159 sanctissimoque
772 1073 981 1158 jurejurando
988 1074 1152 1141 obstrinx-

110 1158 221 1236 issent,
237 1181 290 1223 eos
304 1179 432 1224 omnem
447 1159 680 1243 praeteritarum
695 1159 880 1244 injuriarum
895 1161 1078 1227 memoriam
1095 1161 1151 1228 de·

110 1244 283 1329 posituros,
300 1246 486 1330 optimaque
502 1245 633 1310 consilia
647 1244 831 1330 reipublicae
844 1245 986 1312 daturos.
1031 1248 1077 1312 At
1091 1247 1150 1330 illi,

110 1344 281 1418 postquam
302 1330 512 1420 Magistratus
534 1353 643 1418 gerere
664 1343 841 1417 coeperunt,
864 1353 1016 1420 armaque
1037 1333 1151 1401 lustra·

110 1430 197 1494 nrnt,
214 1416 374 1502 dispositis
395 1417 591 1497 cohortibus,
609 1416 797 1520 delegerunt
816 1439 856 1482 ex
877 1419 1023 1498 inimicis,
1046 1432 1079 1485 et
1099 1421 1148 1498 iis,

110 1504 168 1590 qui
183 1503 430 1570 Atheniensium
451 1503 597 1590 partibus
612 1525 752 1569 maxime
764 1504 879 1569 favisse
892 1505 1093 1584 videbantur,
1108 1506 1150 1572 ad

110 1601 241 1654 centum
258 1589 352 1655 siros.
389 1591 470 1655 Cum
482 1603 587 1656 autem
599 1591 752 1676 populum
767 1589 808 1656 de
819 1588 869 1655 his
880 1591 1151 1682 suffragiaaperte

108 1673 194 1739 ferre
222 1677 409 1763 coegissent,
434 1689 606 1762 postquem
632 1678 673 1742 ab
701 1699 737 1740 eo
764 1676 906 1742 damnati
930 1677 1070 1756 hrenum,
1100 1700 1152 1744 eos

108 1760 353 1827 iuterfecerunt:
371 1769 403 1828 et'
414 1762 598 1849 reipublicae
609 1773 724 1828 statum
735 1763 767 1826 in
781 1762 999 1851 Olignrchiam
1013 1765 1152 1831 maxima

108 1869 151 1912 ex
181 1859 275 1933 parte
300 1861 547 1914 commutarunt.
578 1871 598 1913 a
634 1869 674 1912 ue
698 1847 770 1912 haec
799 1863 900 1913 status
929 1852 1148 1930 commutatio,

107 1955 184 2084 puae
198 1949 332 2036 propter
345 1935 530 2002 seditionem
546 1861 672 2012 accidit,
688 1933 749 2000 sub
761 1935 960 2019 paucissimis
975 1937 1150 2002 diutissime

133 2033 249 2086 umvll.

154 2113 209 2176 75.
232 2105 357 2172 Eadem
369 2120 473 2172 autem
488 2118 608 2187 aestate,
623 2127 696 2172 cum
708 2106 894 2176 Antandrns
909 2130 929 2171 a
941 2105 1148 2194 Mitylenaeis,
1164 2117 1258 2166 Eodem

107 2193 381 2292 quemadmodum
397 2194 638 2272 constituerant,
652 2207 731 2258 esset
753 2192 947 2262 muniendas
973 2194 1147 2261 Athenien·
1176 2188 1241 2308 {⁸022

107 2299 192 2344 uum
207 2279 316 2358 duces,
332 2281 387 2366 qui
401 2281 493 2345 classi
515 2280 554 2345 ad
576 2280 743 2364 pecuniam
758 2279 927 2367 legendam
942 2281 1046 2345 missoe
1062 2303 1147 2367 prse-

107 2379 214 2447 erant,
228 2365 435 2432 Demodocus
457 2379 489 2431 et
502 2364 668 2443 Aristides,
684 2365 740 2452 qui
761 2367 880 2430 circum
899 2366 1147 2453 Hellespontum

106 2466 200 2517 erant
215 2456 304 2538 (nam
328 2452 508 2518 Lamachus
528 2452 639 2517 tertius
654 2473 764 2518 eorum
786 2474 859 2516 cum
882 2452 993 2516 decem
1015 2454 1147 2521 navibus

106 2537 143 2601 in
164 2538 307 2604 Pontum
330 2539 463 2621 abierat)
485 2538 720 2622 cumprimum
745 2537 905 2603 audissent
925 2537 1030 2604 locum
1055 2540 1146 2606 illum

106 2645 187 2775 {¹23⁰
182 2624 435 2790 {2³:11de
446 2647 502 2777 lt
515 2623 1147 2797 stlltllttlltllstlnl

107 2795 360 2882 Peloponnesios
380 2798 414 2862 in
429 2799 523 2863 rebus
544 2797 679 2862 nauticis
701 2796 903 2883 adjuvabant,
918 2757 1148 2886 gubernatores,

104 2885 153 2947 ud
165 2886 250 2967 aptos
263 2883 420 2951 mittendo
428 2908 438 2963 3
461 2897 493 2950 et
508 2884 644 2962 Samios,
682 2883 715 2948 ui
727 2883 759 2948 in
775 2881 856 2950 urbe
866 2896 968 2961 erant,
979 2885 1147 2971 perturba·

106 2968 211 3043 bonta
243 2983 275 3036 et
297 2973 379 3053 illos,
405 2970 460 3058 qui
481 2970 561 3036 urbe
583 2907 793 3055 pellebantur,
820 2970 1022 3057 recipiebant.
1069 2971 1146 3038 Hac

103 3055 207 3144 igitur
230 3056 271 3121 de
296 3080 391 3123 causa
417 3057 628 3134 Athenienses,
655 3058 795 3122 exercitu
817 3077 858 3121 ex
883 3057 975 3121 sociis
1000 3057 1145 3139 collecto,

104 3142 311 3208 Antandrum
328 3155 451 3228 petunt,
465 3143 590 3231 illisque
603 3142 719 3228 proelio
734 3144 897 3228 superatis,
913 3143 969 3227 qui
979 3142 1054 3207 inde
1068 3165 1145 3208 con·

102 3241 156 3294 tra
181 3251 216 3294 se
244 3229 439 3314 prodierant,
470 3229 574 3294 locum
601 3229 690 3293 illum
716 3227 831 3293 iterum
860 3227 1030 3312 recipiunt.
1076 3228 1146 3295 Neo

102 3314 210 3380 multo
224 3329 297 3401 post
311 3315 503 3394 Lamachus,
519 3314 622 3403 quiin
641 3313 778 3380 Pontum
794 3313 1007 3398 navigaverat,
1022 3335 1094 3379 cum
1110 3315 1145 3380 in
1186 3325 1189 3334 '

102 3417 186 3490 egro
203 3401 410 3467 Heracleensi
431 3401 559 3468 classem
578 3400 620 3466 ad
636 3399 758 3466 Calecia
771 3400 859 3464 fluvii
879 3401 982 3484 ripam
1005 3401 1144 3486 appulis·

102 3501 162 3566 set,
178 3509 250 3552 eam
265 3488 382 3568 amisit,
393 3489 484 3575 aquis
497 3487 621 3553 coelitus
631 3486 777 3572 delapsis,
793 3498 825 3551 et
836 3485 982 3552 subitari
995 3488 1146 3552 torrentis

53 3577 60 3592 '
102 3575 259 3641 devoluti.
304 3575 415 3652 Quare
430 3574 595 3659 cumipse,
619 3587 685 3638 turn
695 3614 698 3620 ι
708 3574 778 3659 ejus
793 3574 948 3638 exercitus
961 3573 1075 3638 itinere
1088 3595 1144 3659 pe·

101 3661 205 3727 deutri
218 3681 277 3746 per
292 3660 449 3748 Bithynos
464 3659 607 3725 Thusces
622 3659 779 3746 (quisunt
800 3669 886 3725 trans
900 3680 988 3724 mare
1002 3659 1035 3724 in
1052 3661 1146 3740 Asia)

100 3749 252 3898 percepit
275 3746 512 3850 §halccdonem
535 3745 773 3834 Megarensium
796 3745 964 3823 coloniam,
989 3746 1021 3810 in
1046 3745 1144 3812 Ponti

115 3855 188 3900 auct
213 3855 250 3898 us
265 3849 367 3899 snam.

147 3929 203 3992 76.
227 3920 350 3986 Eadem
365 3931 474 3985 aestate
489 3917 722 3984 Demosthenes
733 3915 974 3987 Atheniensium
988 3919 1055 3982 dux
1069 3939 1143 3982 cum

101 4007 319 4096 quadraginta
333 4008 466 4072 navibus
485 4004 691 4092 Naupactum
706 4026 740 4068 se
759 4003 902 4080 contulit,
925 4003 1031 4068 statim
1046 4025 1066 4067 a
1079 4003 1144 4067 dis-

105 4221 219 4336 ulstno
234 4229 309 4270 autea
324 4221 490 4270 constituerat.
519 4217 593 4266 Vana.
627 4213 703 4279 Cujus
717 4215 796 4280 gratia
812 4215 892 4276 primo
911 4213 1009 4262 exierat.
1034 4211 1143 4262 neonae.

133 4300 195 4338 uns.

592 4352 650 4408 nd
