2990 4792
410 279 661 349 HISTORIAE
685 281 775 348 LIB.
792 278 862 349 lll.
1099 292 1160 352 169

116 469 343 542 expugnasset,
359 453 554 541 liberamque
571 455 616 520 ibi
630 455 713 520 inter
733 453 869 520 insulam
885 453 1163 541 continentemque
1195 469 1257 520 nen.

112 541 354 628 navigationem
370 541 566 618 reddidisset,
580 551 668 606 qeum
683 541 808 606 Minoae
817 555 953 627 partem,
968 563 1040 627 qu·
1051 563 1073 606 a
1085 563 1162 607 con·
1186 534 1272 595 mi*

119 627 244 691 tinente
258 640 337 704 erat,
352 649 416 713 qna
431 639 539 713 ponte,
555 649 612 713 pes
626 628 694 692 loca
705 627 868 713 palustria,
880 627 1036 692 auxilium
1051 628 1163 694 inaulae
1176 600 1274 724 0⁸1¹}ss

117 734 139 776 e
153 714 340 778 continente
361 735 426 778 ιιοιι
444 717 489 778 ita
509 713 645 778 multum
665 713 796 778 distanti
810 713 885 778 ferri
907 726 1042 797 poteret,
1057 716 1163 779 muni·
1180 727 1229 774 un
1240 727 1265 775 s.

120 799 261 864 tionibus
276 799 465 886 intersepsit.
488 821 562 865 cum
577 813 683 866 antem
696 800 758 864 boc
771 821 853 884 opus
867 802 952 866 intra
985 821 1083 866 ancos
1094 801 1163 867 dies
1191 793 1222 842 ⁰·
1232 791 1260 839 ⁰*

118 884 316 963 coniecisset,
330 900 363 951 et
384 887 593 951 munitionem
608 886 641 949 in
657 887 725 971 ipsa
747 907 874 972 qnoque
894 821 998 952 insula
1011 901 1162 953 exstrux-
1189 859 1259 970 Ἠ

119 971 205 1121 pact,
221 993 260 1036 eo
274 971 458 1056 praesidium
474 972 507 1036 in
529 994 568 1037 ca
583 971 768 1058 reliquisset,
783 993 857 1036 cnm
873 972 1013 1038 exercitu
1027 973 1160 1039 domum

179 1073 229 1120 ιιι.

78 1225 83 1240 .
161 1151 219 1209 62.
243 1143 307 1208 Per
327 1143 439 1210 eadem
452 1155 559 1210 autem
574 1143 669 1230 bajus
691 1144 809 1210 aestatis
829 1157 985 1247 tempora,
1003 1144 1161 1212 Putass-
1177 1172 1272 1222 m,

117 1229 1160 1401 a‘ttttttttttll'tstttttt“dittltzttt
1192 1244 1260 1364 ‘53-

117 1402 350 1486 compositione
362 1401 448 1467 facta
462 1401 701 1487 Peloponnesiis
715 1424 749 1467 se
758 1402 961 1469 dediderunt
1007 1405 1160 1488 Pelopon·

116 1489 200 1552 nesii
228 1509 337 1554 muros
367 1488 455 1554 urbis
482 1509 673 1576 oppugnare
696 1503 877 1574 coepemnt,
904 1489 1050 1554 illi'vero
1076 1489 1161 1575 ipsos

116 1573 307 1659 propulsare
317 1595 383 1638 non
398 1587 555 1658 poterunt.
600 1573 713 1652 Quare
725 1575 792 1641 dux
801 1574 1162 1654 hoedemoniuacom

116 1681 229 1724 eornm
245 1657 495 1726 imbecillitatem
510 1659 719 1748 cognovisset,
733 1681 793 1746 per
807 1661 871 1726 vim
888 1662 1019 1749 quidem
1031 1685 1086 1728 coa
1108 1683 1161 1728 ca·

117 1767 196 1830 pere
211 1746 517 1832 noluit,(hoccni1n
540 1768 561 1811 a
576 1745 895 1812 Lacedaemoniorum
918 1746 1161 1835 Magistratibns

116 1833 148 1896 ei
173 1831 276 1898 inerat
301 1833 589 1911 interdictum,.ut,
615 1833 640 1898 si
656 1831 736 1898 sorte
759 1831 864 1897 foedus
888 1833 1064 1921 aliquando
1087 1857 1160 1900 cnm

119 1918 371 1984 Atheniensibus
392 1919 492 1996 lieret,
515 1933 547 1984 et
570 1919 697 2004 utrique
719 1940 739 1981 ο
762 1917 838 2003 pida
862 1918 946 1984 bello
968 1931 1072 2004 cepta,
1087 1943 1161 2006 quae

117 2004 405 2156 manna
425 2003 723 2157 ιιιιιι
748 2005 1162 2172 ιιιιιιι

117 2175 360 2242 caduceatorem
374 2113 486 2242 addus
502 2113 598 2254 mida,
613 2177 669 2263 qui
690 2112 820 2254 dlbdret,
835 2178 980 2264 nunquid
995 2199 1038 2255 se,
1054 2190 1086 2241 ct
1107 2197 1161 2240 ar-

117 2262 191 2326 bem
216 2262 302 2327 stltro
326 2263 575 2328 Lacedaemoniis
596 2261 724 2339 dedere,
739 2285 852 2328 eorum
876 2285 916 2332 ue
931 2263 1057 2349 judicio
1077 2275 1162 2328 stare

117 2347 247 2426 vellent,
262 2371 301 2415 eu
313 2348 506 2426 conditione,
523 2362 558 2414 ut
572 2348 613 2412 de
627 2349 771 2414 sontibus
781 2286 972 2434 supdlicmm
988 2361 1160 2427 sumerent,

119 2433 246 2502 nullum
261 2455 338 2500 vero
352 2435 471 2500 indicta
486 2457 581 2500 cansa
595 2434 784 2499 damnarent
798 2457 836 2500 ac
873 2436 1011 2501 nubent.
1055 2437 1162 2522 Atque

116 2519 309 2585 caduceator
322 2521 451 2621 quidem
467 2521 537 2585 baec
551 2533 675 2586 tantum
687 2519 785 2586 dixit.
864 2521 875 2584 i
891 2543 964 2586 vero
981 2520 1058 2607 (jam
1074 2523 1159 2586 enim

116 2606 151 2668 in
166 2619 313 2671 extrema
328 2607 543 2675 imbecillitate
557 2607 720 2672 constituti
733 2607 837 2688 erant)
854 2609 965 2671 urbem
981 2607 1056 2692 ipsis
1070 2605 1161 2670 dedi·

115 2692 247 2757 derunt.
293 2691 518 2778 Peloponnesii
544 2711 620 2758 vcro
649 2692 838 2756 Plataeenses
901 2715 917 2756 r
945 2693 1068 2779 aliquot
1092 2693 1161 2758 dies

115 2779 278 2857 aluerant,
292 2777 395 2843 donec
411 2779 644 2844 Lacedaemone
680 2778 799 2865 uinque
809 2778 852 2844 Ju
876 2779 938 2844 ices
953 2779 1161 2844 advenerum.

117 2863 204 2928 Cum
227 2876 334 2929 autem
355 2864 403 2929 illi
423 2863 608 2944 adfuissent,
625 2801 746 2929 ordiam
772 2863 900 2952 quidem
926 2867 1159 2931 emanationem

114 2950 195 3034 ipsis
210 2965 463 3036 proposueruntt
486 2949 621 3016 sedilios
634 2951 804 3016 accersitos
814 2949 879 3015 boc
888 2965 1013 3016 tantum
1024 2952 1161 3015 interro-

113 3035 248 3122 gabant,
265 3036 412 3125 nunquid
426 3037 459 3100 in
483 3037 545 3102 boc
558 3035 653 3113 bello,
669 3058 710 3101 ex
731 3059 798 3136 quo
819 3049 998 3120 susceptum
1013 3049 1103 3113 esset,
1119 3036 1161 3100 de

118 3121 382 3198 laccdaemoniis,
406 3143 581 3210 eorumque
600 3123 694 3188 sociis
708 3122 816 3208 abquo
839 3123 937 3188 modo
951 3123 1032 3188 bene
1054 3121 1160 3186 meriti

114 3220 232 3274 essent.
277 3208 327 3273 llli
344 3231 431 3287 vero,
447 3229 519 3274 cum
535 3209 707 3294 petiissent,
722 3222 759 3272 ut
772 3229 862 3272 suam
872 3229 1000 3274 causam
1016 3211 1162 3273 oratione

114 3294 296 3380 prolixiore
314 3295 374 3359 sibi
386 3315 483 3395 ⁸ogere
505 3295 623 3371 liceret,
639 3295 882 3378 responderunt,
905 3315 1036 3396 sumque
1056 3313 1161 3358 musae

114 3383 593 3550 tttttttttt‘tt‘tt
606 3467 690 3530 ι...
709 3379 1160 3532 lidiidhdfflii

203 3553 307 3630 itium,
331 3566 427 3638 atque
446 3552 480 3616 in
503 3553 642 3618 medium
665 3551 833 3639 progressi,
857 3552 891 3617 in
915 3552 1003 3617 hunc
1028 3551 1161 3618 modum

115 3661 154 3703 ve
232 3637 384 3704 iecerunt.

111 3761 118 3768 ·
160 3734 216 3791 ⁵8.
241 3733 264 3766 ‘⁶
279 3724 392 3790 Unnrs
412 3722 619 3801 deditionem,
634 3746 656 3787 o
670 3723 920 3803 Lacedaemouii,
934 3737 1040 3789 vestre
1061 3723 1163 3808 tequi-

118 3825 186 3876 tate
210 3811 283 3876 freti
309 3811 458 3887 fecimua3
490 3830 555 3873 uon
581 3810 809 3886 existimantes,
836 3831 896 3875 nos
920 3811 984 3876 tale
1003 3809 1161 3894 judicium

118 3898 291 3974 subituros,
301 3912 335 3960 at
349 3896 473 3983 sequius
487 3895 616 3981 aliquod
628 3894 696 3960 sore
710 3908 884 3984 sperantem
904 3910 936 3962 et
947 3895 1161 3960 conditionem

118 3985 211 4049 nobis
225 3983 369 4049 oblatam
389 3982 580 4070 accepimus,
596 3995 633 4047 ut
650 4002 715 4046 non
731 3981 816 4067 opud
831 3982 920 4061 alios,
935 3982 990 4046 sed
1006 3981 1091 4066 apud
1106 4001 1162 4043 voa

124 4199 165 4308 Hi
175 4199 258 4260 Atque
269 4197 295 4246 ld
304 4197 462 4254 continentis,
474 4211 531 4258 qun,
544 4201 643 4258 pontem
655 4211 738 4244 sersus
754 4211 797 4258 per
813 4199 866 4244 loca
877 4194 995 4258 palustria
1010 4201 1057 4242 etc·
1089 4193 1162 4241 Vallo.

151 4273 208 4310 uns
