2964 4786
327 287 391 350 860
694 277 995 347 THUCYDIDIS

230 462 293 516 nm
426 450 512 535 ipsos
521 469 595 516 cum
608 449 858 516 Lacedaemoniis
869 449 1030 538 conjuncti
1041 469 1106 513 non
1121 445 1351 534 profligarimus.

222 529 307 592 ΜΨ
365 537 430 603 uod
453 537 478 600 si
497 551 615 621 praeter
635 559 721 601 suam
734 536 918 622 opinionem
938 559 994 600 nos
1013 535 1130 600 audere
1143 534 1292 608 viderint,
1304 531 1354 596 hoe

216 598 316 724 affl,
331 624 498 708 inopinato
511 631 616 685 nostro
633 631 746 686 conatu
760 622 860 704 magis
878 621 1090 699 terrebuntur,
1106 642 1203 706 quam
1218 639 1294 683 vero
1307 639 1355 682 no·

230 722 271 836 gt
280 725 308 836 ‘t'
332 723 406 774 strae
421 707 574 807 potentiae
587 719 753 792 apparatu.
798 707 884 772 Mihi
906 708 1003 809 igitur
1017 706 1231 806 assentiamini
1246 703 1357 790 potissi·

332 790 1359 963 urratterentiumuersentur

332 963 618 1050 poreproeparetis.
657 963 799 1028 Cuilibet
808 977 912 1028 autem
924 965 957 1027 in
974 979 1111 1028 mentem
1123 962 1231 1026 venire
1241 969 1359 1044 oportet,

332 1050 579 1116 contemtionem
595 1049 726 1134 quidem
740 1049 970 1130 invadentium,
985 1050 1018 1112 in
1036 1051 1105 1132 ipso
1121 1047 1307 1131 proeliorum
1320 1066 1362 1109 ar·

333 1137 422 1211 (lore,
437 1133 516 1198 dum
531 1135 653 1199 fortiter
675 1146 822 1214 certatur,
838 1134 1066 1200 demonstrari:
1090 1132 1170 1197 illud
1184 1153 1262 1196 vero
1283 1150 1363 1194 max·

333 1223 430 1285 imam
457 1221 623 1284 utilitatem
649 1221 736 1284 nobis
756 1221 937 1297 allaturum,
952 1220 979 1284 ai
998 1221 1077 1306 jam,
1100 1229 1264 1302 antequam
1279 1219 1366 1281 hostes
1465 1221 1468 1282 l

332 1309 391 1380 huc
404 1308 575 1390 appellant,
589 1325 663 1368 eum
677 1317 763 1370 metu
778 1307 950 1370 tutissimos
963 1317 1133 1390 apparatus
1147 1323 1367 1388 praeparemus,

335 1395 380 1458 ita
393 1403 429 1456 ut
443 1411 497 1454 eoa
512 1389 706 1474 periculosos
720 1390 947 1458 existimemus.
994 1391 1078 1456 Nam
1097 1391 1202 1453 hostes
1218 1401 1249 1453 et
1263 1401 1368 1452 contm

333 1497 390 1541 nos
403 1475 545 1553 veniunt,
560 1489 593 1541 et
607 1476 640 1540 in
660 1476 732 1562 ipso
746 1475 859 1540 itinere
874 1475 974 1562 (quod
995 1476 1096 1563 probe
1110 1476 1185 1554 scio)
1200 1476 1270 1560 jam
1292 1485 1368 1550 sunt,

336 1561 510 1648 quinetiam
524 1573 647 1627 tantum
662 1582 728 1627 non
738 1563 806 1647 jans
823 1561 967 1626 adsunt.''

380 1653 434 1714 85.
456 1648 563 1731 Atque
590 1648 813 1712 Hermocrates
832 1646 961 1734 quidem
990 1646 1060 1711 haee
1088 1645 1181 1711 dixit.
1225 1647 1271 1709 At
1296 1646 1372 1709 inter

337 1732 554 1818 Syracusanos
570 1733 601 1795 in
643 1755 682 1798 ns
697 1733 861 1799 altercatio
876 1751 991 1798 exorta
1004 1746 1061 1810 est,
1074 1732 1159 1818 quod
1171 1731 1225 1796 alii
1237 1731 1375 1817 quidem,

338 1817 549 1883 Athenienses
571 1839 614 1881 nu
639 1840 659 1883 o
681 1819 778 1883 modo
800 1831 959 1896 venturos,
982 1819 1135 1894 dicerent,
1158 1830 1191 1882 et
1206 1839 1282 1902 quae
1301 1818 1376 1882 Her·

336 1913 485 1968 meantes
508 1903 643 1982 dixerat,
666 1926 742 1970 vera
765 1927 831 1969 esse
853 1919 1023 1990 negarent:
1046 1904 1101 1968 alii
1115 1925 1200 1978 vero,
1225 1903 1377 1980 dicerent,

338 1988 417 2075 quid
431 1987 524 2053 uobis
538 1986 666 2070 facient,
680 1990 758 2077 quin
773 2001 806 2054 et
820 1991 880 2073 ipsi
896 1991 1030 2055 vicissim
1046 1991 1135 2054 aliud
1147 1991 1205 2052 loc
1219 1991 1291 2071 ipso
1307 2009 1377 2072 gra-

337 2076 409 2140 vius
433 2097 453 2137 a
472 2074 564 2139 uobis
587 2076 652 2139 sint
674 2073 859 2160 accepturi?
902 2076 1088 2153 Quinetiam
1116 2074 1171 2140 alii
1192 2095 1262 2138 rem
1287 2074 1378 2138 istam

339 2179 472 2246 prorsus
493 2161 750 2241 contemnebant,
769 2171 802 2225 et
822 2163 855 2225 in
878 2161 975 2226 risum
999 2162 1235 2226 convertebant.
1285 2160 1382 2223 Pauci

339 2266 417 2310 vero
442 2259 542 2322 erant,
558 2247 614 2331 qui
640 2246 846 2311 Hermocrati
870 2245 966 2311 fidem
991 2246 1211 2322 haberentet
1236 2243 1380 2310 futurum

341 2328 560 2394 formidarent.
606 2331 827 2420 Athenagoras
847 2346 964 2413 autem,
979 2333 1033 2418 qui
1048 2332 1160 2417 populi
1174 2332 1338 2416 princeps,
1353 2341 1384 2396 et

341 2417 420 2480 tunc
434 2415 585 2500 temporis
599 2432 731 2502 propter
750 2417 937 2503 popularem
950 2417 1131 2483 facundiam
1154 2417 1240 2503 apud
1257 2417 1385 2502 plebem

342 2499 587 2586 gratiosissimus
601 2517 678 2581 erat,
694 2507 729 2568 ιἰι
743 2506 873 2568 medium
887 2525 1070 2590 progressus
1085 2503 1155 2568 haec
1170 2503 1247 2586 ipsis
1263 2502 1360 2567 dixit.

388 2587 674 2671 86.“Qu1a9u1a
702 2611 767 2654 non
797 2591 886 2675 eupit
913 2589 1125 2654 Athenienses
1148 2611 1188 2652 eo
1213 2588 1387 2653 dementiae

344 2671 507 2774 progredi,
520 2685 555 2736 ut
565 2671 629 2738 huc
640 2673 772 2757 profecti
783 2675 816 2739 in
831 2689 972 2740 nostram
987 2688 1174 2760 potestatem
1185 2675 1387 2758 redigantur,

344 2779 372 2820 rs
385 2769 442 2821 aut
457 2756 586 2822 timidus
602 2772 658 2836 est,
674 2773 728 2826 aut
743 2761 926 2846 reipublice
941 2783 1006 2827 non
1022 2759 1202 2826 benevolus.
1249 2759 1388 2824 Illorum

346 2863 431 2918 vero,
461 2843 517 2927 qui
544 2864 593 2908 res
619 2843 800 2930 hujusmodi
829 2848 988 2924 nuntiant,
1018 2867 1235 2934 magnumque
1263 2859 1390 2910 metum

344 2926 436 2990 robis
452 2926 621 3007 incutiunt,
637 2930 801 2996 audaciam
819 2932 946 3018 quidem
968 2954 1034 2996 non
1049 2933 1166 3008 miror3
1190 2930 1246 2996 sed
1264 2933 1391 3016 impru-

346 3013 499 3089 dentiam,
514 3013 552 3094 si,
575 3034 632 3080 aua
653 3017 783 3082 consilia
808 3039 871 3082 non
896 3034 1015 3102 patere,
1037 3031 1161 3106 putant
1207 3015 1279 3093 Qui
1303 3018 1393 3081 enim

347 3098 495 3185 privatim
510 3098 628 3186 aliquid
644 3100 828 3181 formidant,
843 3104 1073 3189 rempublicam
1090 3105 1122 3167 iu
1138 3123 1258 3189 magno
1274 3103 1395 3168 timore

346 3184 539 3249 constituere
553 3188 674 3266 volunt,
698 3201 733 3253 ut
753 3189 884 3276 publico
904 3202 987 3255 metu
1010 3211 1103 3254 suum
1125 3189 1298 3255 occultent.
1348 3187 1396 3254 Et

345 3271 498 3334 nunciati
514 3291 655 3338 rumores
677 3295 715 3338 eo
737 3287 896 3360 spectant:
918 3277 1112 3362 nequeenim
1127 3297 1184 3338 sua
1197 3285 1315 3359 sponte
1328 3276 1397 3339 dis·

346 3356 545 3433 aestuamur,
561 3359 616 3422 sed
640 3358 683 3424 ab
707 3359 890 3425 hominibus
912 3375 1159 3462 componuntur,
1182 3361 1239 3445 qui
1262 3381 1397 3446 semper

347 3439 425 3506 tales
441 3452 546 3506 motus
560 3443 746 3511 moliuntur.
791 3447 855 3510 Vos
870 3467 955 3524 vero,
972 3469 997 3510 ιι
1019 3463 1104 3512 recte
1123 3445 1399 3524 consueveritis,

346 3545 413 3590 non
428 3545 469 3590 ex
484 3547 601 3606 rerum,
617 3553 695 3614 quas
713 3532 763 3595 isti
779 3534 937 3610 nuntiant,
953 3533 1215 3609 consideratione,
1232 3532 1400 3596 delibera·

347 3609 422 3676 bitis
438 3611 479 3675 de
498 3616 602 3689 rebus,
619 3637 697 3700 quas
710 3615 814 3682 facere
828 3618 935 3693 decet;
958 3619 1012 3684 sed
1028 3639 1069 3682 ex
1083 3619 1131 3696 iis,
1148 3641 1221 3704 quoe
1236 3618 1298 3681 viri
1313 3639 1400 3702 pru·

346 3693 458 3760 dentes
471 3709 505 3761 et
527 3700 697 3766 multarum
721 3725 826 3766 rerum
849 3705 943 3787 periti
959 3704 1081 3790 (quales
1102 3725 1163 3792 ego
1178 3703 1401 3769 Athenienses

347 3803 415 3846 esse
428 3784 521 3866 puto)
536 3783 684 3852 facerent.
732 3789 804 3852 Non
829 3803 876 3854 est
897 3791 981 3854 enim
1004 3789 1165 3866 credibile,
1181 3790 1280 3874 ipsos,
1300 3788 1400 3854 Pelo·

347 3867 509 3951 ponnesiia
534 3871 661 3950 relictis,
679 3873 825 3960 belloque
849 3876 992 3939 nondurn
1019 3873 1084 3938 illie
1106 3875 1200 3960 plane
1222 3874 1329 3950 finito,
1357 3871 1402 3937 ad

348 3952 483 4018 alterum
511 3955 712 4034 bellumilla
733 3981 797 4024 non
820 3960 934 4038 mistus,
954 3961 1038 4026 ultro
1058 3964 1175 4024 venire.
1222 3960 1402 4046 Siquidem

348 4061 408 4126 ego
423 4041 580 4120 existimo,
596 4042 699 4129 ’ipsos
714 4059 838 4132 putare,
854 4068 960 4112 secum
976 4047 1128 4132 praeclare
1142 4047 1205 4134 agi,
1218 4049 1304 4132 quod
1319 4066 1402 4124 nos,

558 4247 572 4287 7
585 4246 653 4307 ipsos
664 4253 791 4296 contentos
802 4261 864 4308 esre,
874 4251 939 4308 quod
950 4263 994 4297 nos
1005 4255 1049 4295 ete.
1080 4249 1169 4296 Hune.
