2964 4786
323 309 386 366 408
638 295 642 304 ’
680 305 987 372 THUCYDIDlS

228 484 288 529 neu.
323 465 546 537 deliberarent.
591 477 699 561 Atque
716 475 762 540 illi
778 477 917 562 quidem,
933 499 1013 563 quos
1037 477 1131 554 misit,
1154 497 1228 541 curu
1252 475 1365 554 literis,

219 546 302 611 ΜΨ
325 576 403 642 ques
416 555 571 636 ferebam,
586 575 706 626 etcum
723 562 890 642 mundatis,
899 576 1177 648 quaesccepersnt,
1189 583 1265 649 quae
1279 563 1368 646 ipsus

209 615 307 737 (iffi
325 661 488 726 exponere
502 646 679 728 oportebat,
695 646 852 715 abierunt.
897 649 1006 714 Nicias
1020 669 1105 726 vero,
1120 670 1171 713 res
1190 661 1369 712 castrenses

221 739 262 786 sl.
273 741 298 789 s.
319 727 387 812 jem
402 729 592 810 custodiens,
609 732 860 800 voluntariorum
873 735 1086 820 periculorum
1097 755 1208 800 curem
1223 733 1370 820 gerebat,

223 805 294 916 ffi-
325 833 419 961 εἷρπε
433 825 562 896 tontum,
578 839 647 902 quae
668 841 729 882 non
746 820 829 883 ultr-o
844 831 1072 902 provocaverat,
1092 823 1276 886 discrimino
1298 821 1369 884 eub-

229 901 296 979 sitt‘
325 901 339 962 ἱ
357 909 401 963 at·

366 995 398 1051 9.
422 986 543 1054 Eodem
567 1003 673 1056 sutem
696 1005 806 1057 oestnte
823 995 891 1078 jem
916 1007 1070 1070 extreme,
1095 991 1235 1058 Euetion
1256 994 1366 1070 etisrm

321 1071 563 1138 Atheniensium
592 1075 669 1154 dur,
700 1099 773 1142 cum
804 1077 958 1143 Perdicca
983 1079 1152 1164 multisque
1180 1077 1368 1145 Threcibus

322 1157 511 1244 Amphipoli
539 1161 657 1226 bellum
684 1161 832 1242 inferens,
859 1165 970 1228 urbem
994 1165 1124 1250 quidem
1147 1181 1214 1229 non
1240 1186 1367 1250 expug-

320 1243 425 1306 navit:
448 1245 513 1322 sed,
530 1247 712 1312 triremibus
727 1250 758 1312 in
776 1253 977 1335 Strymonem
990 1251 1224 1326 circumductis,
1241 1249 1370 1334 abipso

320 1327 418 1392 fluvio
436 1331 538 1394 urbem
560 1331 737 1412 obsidebat,
753 1341 793 1399 ex
816 1335 961 1412 lmeraeo,
984 1337 1037 1400 ubi
1057 1337 1131 1400 belli
1150 1339 1250 1401 sedent
1269 1357 1368 1420 pose·

321 1423 402 1489 erat,
418 1413 631 1498 proficiscens.
677 1421 785 1506 Atque
799 1419 870 1486 haec
885 1435 976 1485 oestas
990 1423 1131 1486 excessit.

366 1507 416 1562 10.
440 1499 566 1585 Hyeme
588 1517 693 1568 eutem
712 1507 852 1582 ineunte,
875 1507 930 1592 qui
955 1529 973 1570 a
996 1506 1090 1570 Nicis
1114 1507 1199 1571 missi
1226 1505 1367 1585 furerent,

322 1583 466 1649 Athenas
482 1605 704 1669 pervenerunt,
720 1604 751 1655 et
766 1593 874 1656 omniu
888 1593 1048 1669 mandute,
1063 1615 1135 1677 quae
1148 1594 1188 1656 eb
1203 1591 1262 1656 illo
1278 1615 1369 1660 acce·

320 1683 444 1752 perant,
466 1691 693 1756 exposuerunt,
710 1691 742 1740 et
763 1677 789 1740 si
811 1679 883 1764 quis
898 1677 1017 1764 aliquid
1039 1679 1300 1763 percontabatur,
1318 1703 1367 1744 re-

320 1754 538 1836 spondebunt:
568 1761 800 1847 epistolamque
822 1761 1043 1829 reddiderunt.
1088 1763 1235 1830 Civitutis
1257 1780 1367 1830 sutem

320 1839 424 1905 scribe
439 1842 471 1904 in
488 1843 626 1931 medium
647 1847 831 1934 progressus
854 1871 919 1912 eum
935 1847 1184 1916 Atheniensibus
1207 1853 1369 1932 recitarit,

231 1963 235 1970 -
320 1926 410 2010 cujus
426 1927 495 1992 brec
511 1944 602 1995 erant
617 1933 733 1998 verbus

366 2020 417 2076 ll.
442 2021 464 2056 ‘⁶
480 2010 551 2080 Rus
570 2018 699 2103 quidem
721 2034 796 2087 ente
818 2035 931 2124 gestus,
956 2025 1172 2104 Athenienses,
1188 2047 1230 2091 ex
1254 2025 1368 2090 multis

323 2097 393 2160 uliis
408 2101 483 2164 meis
494 2102 644 2186 epistolis,
661 2109 862 2192 cognovistis.
906 2111 979 2178 Jum
992 2133 1067 2175 vero
1083 2129 1207 2198 tempus
1222 2111 1367 2198 postulet

319 2181 415 2270 longe
429 2188 543 2287 magis,
556 2207 646 2274 quom
669 2204 750 2270 unte,
767 2209 812 2272 ut,
828 2197 861 2258 in
887 2217 951 2281 quo
966 2211 1048 2261 stetu
1073 2201 1136 2262 sint
1158 2219 1207 2260 res
1229 2213 1366 2276 nostrae,

318 2286 523 2354 cognoscetis,
541 2291 572 2338 et
589 2299 652 2358 pro
666 2301 712 2354 eo,
729 2301 765 2343 uc
779 2303 854 2363 opus
867 2293 922 2360 est,
937 2281 1128 2348 deliberetis.
1173 2283 1257 2349 Cum
1274 2284 1367 2347 enim

323 2356 548 2437 Syracusanos,
565 2365 712 2428 adversus
734 2387 814 2450 quos
837 2368 922 2431 missi
937 2367 1066 2450 fuimns,
1089 2371 1208 2456 majore
1229 2369 1368 2454 proelio·

321 2459 391 2503 rum
407 2455 498 2526 perte
512 2467 756 2530 superessemus,
772 2464 804 2515 ct
826 2455 1018 2519 munitiones
1031 2456 1314 2533 exstruxissemns,
1334 2459 1368 2520 in

320 2526 434 2607 quibus
460 2549 545 2594 nunc
564 2555 683 2616 sumus,
708 2539 795 2601 venit
816 2537 977 2625 Gylippos
1001 2541 1264 2605 Lecedaemonius
1286 2563 1368 2606 curn

318 2614 470 2692 exercitu,
493 2639 587 2702 quem
613 2641 654 2684 ex
681 2621 901 2708 Peloponneso
926 2625 1028 2705 duxit,
1051 2641 1144 2692 etex
1167 2627 1367 2713 quibusdum

321 2693 438 2761 Sicilie
452 2701 641 2769 civitatibus.
686 2706 729 2772 Et
738 2709 846 2794 primo
860 2711 988 2798 quidem
1000 2713 1117 2798 proelio
1130 2737 1150 2777 s
1163 2713 1256 2778 nohis
1266 2735 1368 2816 supe·

318 2793 405 2878 retus
420 2799 483 2849 est:
506 2791 660 2872 postridie
675 2815 760 2872 vero,
776 2794 817 2860 sb
840 2799 982 2882 equitum
998 2799 1194 2886 velitumque
1216 2799 1370 2866 multitu·

317 2865 392 2932 dme
406 2891 464 2953 per
480 2873 544 2937 rim
567 2879 679 2955 enecti,
697 2880 728 2942 in
745 2882 937 2947 munitiones
952 2905 1011 2948 nos
1030 2886 1218 2971 recepimus.
1264 2886 1371 2952 Nunc

318 2951 415 3032 igitur
441 2975 498 3020 nos
524 2974 656 3044 propter
684 2965 936 3033 adversariorum
967 2970 1215 3050 multitudinem,
1241 2973 1370 3038 omissa

316 3037 402 3103 urbis
426 3043 724 3127 circumvallatione,
751 3053 955 3138 quiescimus.
1001 3057 1072 3122 Nec
1100 3058 1185 3122 enim
1211 3059 1369 3126 omnibus

317 3127 427 3188 nostris
451 3129 551 3210 copiis
578 3134 624 3197 uti
649 3157 827 3218 possumus,
855 3141 943 3226 quod
973 3143 1188 3208 munitionum
1215 3146 1370 3212 custodis

317 3225 464 3294 magnum
479 3217 584 3302 gravis
605 3233 776 3286 armaturae
791 3237 913 3306 portem
936 3227 1095 3295 absumet.
1141 3228 1265 3295 Hostes
1287 3253 1369 3298 vero

316 3311 441 3358 murum
457 3299 630 3382 simplicem
649 3306 745 3389 juxte
760 3327 903 3376 nostrum
926 3314 1154 3394 excitaverunt,
1172 3315 1235 3394 its,
1257 3331 1295 3382 ut
1309 3341 1368 3385 eos

314 3377 451 3461 emplius
465 3383 703 3456 circumvallare
723 3413 928 3479 nequeamus,
945 3399 1005 3462 nisi
1028 3401 1207 3486 quisthsnc
1231 3405 1368 3469 muniti·

314 3481 408 3526 onem
424 3471 538 3532 nostris
553 3471 685 3538 vicinum
701 3498 774 3542 cum
792 3485 916 3566 mugnis
932 3481 1173 3568 copiisudoitsrs
1184 3506 1365 3577 expugnet.

317 3544 461 3644 Contigit
475 3555 580 3632 etism,
599 3573 632 3623 ut
653 3583 720 3638 uos,
736 3565 792 3648 qni
813 3567 892 3632 ulios
915 3568 1278 3653 obsidereni'debamur,
1304 3577 1368 3660 ipsi

314 3643 429 3710 potrus,
445 3636 553 3703 saltem
569 3645 654 3726 quod
670 3647 709 3709 ed
728 3660 843 3714 terrum
859 3655 983 3732 attinet,
996 3655 1058 3721 hoc
1073 3655 1245 3741 pstismur.
1293 3661 1366 3727 Nec

312 3715 542 3884 {lgiffilller
555 3728 683 3794 hostium
703 3734 878 3817 equitatum
893 3741 1007 3822 procul
1030 3764 1089 3828 per
1104 3743 1270 3831 regionem
1288 3768 1366 3832 prn-

344 3893 410 3983 .¹⁹·
434 3898 455 3930 ‘⁶
473 3891 631 3989 l'raeteres
653 3900 773 3988 legatos
799 3908 830 3970 in
858 3909 1112 3996 Peloponnesum
1138 3917 1299 3984 miserunt
1323 3920 1366 3985 sd

312 3967 387 4032 ultus
412 3995 518 4074 coprus
542 3989 752 4052 arcessendus.
800 3992 844 4057 Et
866 3995 1027 4096 Gylippus
1053 4001 1093 4065 ed
1118 4002 1215 4068 urbes
1242 4005 1364 4070 Sicilire

312 4055 531 4154 proficiscitur,
558 4081 594 4130 ut
618 4091 726 4136 eurum
750 4074 827 4142 elius
851 4083 980 4164 quidem
1004 4085 1046 4150 sd
1072 4086 1147 4150 belli
1171 4090 1362 4156 societatem

311 4139 458 4220 pellrcrut,
474 4162 630 4234 quotquot
649 4177 735 4222 nunc
749 4163 926 4244 quiescunt,
949 4171 1082 4236 ex'sliis
1097 4195 1174 4236 vero
1189 4190 1362 4258 preterea,

313 4223 469 4307 pedestres
483 4235 669 4324 navalesque
683 4246 800 4329 copias,
817 4250 843 4312 si
867 4256 976 4336 possit,
998 4257 1151 4325 adducet.
1200 4262 1301 4342 Num,
1326 4277 1364 4329 ut
