3004 4768
416 253 533 324 H1s‘r
536 255 669 324 0121AE
696 257 785 326 LlB.
810 260 903 328 Vlll.
1100 275 1164 334 tos

125 429 189 498 ullo
204 429 287 496 malo
307 429 407 506 affici3
429 429 484 494 sed
506 451 765 519 unumquemque
785 433 818 496 in
841 434 907 500 suis
924 427 1158 518 monitus
1188 455 1252 510 unt.

125 529 154 586 st
166 541 219 584 nso
232 516 304 582 loco
317 520 418 602 quiete
431 537 570 582 manere.
615 517 698 581 Cum
712 533 819 583 autem
834 533 866 584 et
878 520 941 586 alia
955 522 1054 588 multa
1067 545 1156 590 com·
1178 527 1260 588 relos.

124 617 355 680 memorassent,
369 602 469 668 nihilo
482 602 583 689 magis
597 612 697 668 tarsen
709 625 758 668 eos
768 605 878 671 audire
893 606 1076 686 voluerunt3
1090 601 1154 675 'sed
1169 605 1213 704 ὂῗ
1224 592 1262 639 ²¹·

123 690 377 779 indignabantur.
416 687 458 754 Et
469 687 522 755 alii
534 689 610 754 alias
625 689 797 754 sententias
807 691 972 772 dicebant3
994 698 1158 781 praecipue
1183 669 1268 780 siin,1²

123 800 196 842 vero
210 777 249 842 de
264 773 463 860 navigatione
475 773 506 837 in
521 773 678 840 Piraeeum
692 776 900 861 suscipienda.
943 779 1036 845 Tunc
1049 795 1154 846 autem
1187 783 1215 828 Π·
1225 785 1254 831 ‘e

124 862 301 928 Alcibiades
325 863 459 946 primus.
482 873 513 924 et
536 861 590 937 its,
613 873 649 925 ut
673 882 769 926 nemo
794 866 905 952 magis,
931 864 972 931 de
994 868 1156 952 republica
1184 845 1256 973 {4⁸3¹ss

122 948 200 1014 bena
214 951 344 1014 meritus
357 946 451 1013 fuisse
465 946 548 1010 visua
562 961 616 1010 eat.
663 946 745 1010 Cum
766 951 819 1012 eni
830 971 851 1012 n
868 949 1086 1035 Athenienses,
1101 955 1156 1040 qui
1240 942 1247 955 ⁹

123 1035 208 1100 Sami
222 1047 325 1111 arant,
340 1033 489 1098 adversus
503 1055 537 1096 se
550 1032 634 1116 ipsos
651 1032 747 1096 animi
762 1035 900 1119 quodam
923 1038 1042 1122 impetu
1065 1042 1158 1104 navi·

120 1144 194 1207 gare
208 1123 398 1196 statuissent,
415 1117 552 1206 (quodsi
568 1115 722 1195 fecissent,
734 1120 840 1184 hostes
854 1121 1017 1186 confestim
1032 1124 1155 1189 leniam

120 1222 150 1272 et
158 1206 405 1291 Hellespontum
414 1205 448 1268 in
456 1225 544 1272 sumn
555 1217 740 1290 potestatem
752 1205 930 1291 planissime
938 1207 1160 1296 redegissent)

120 1293 173 1358 loc
187 1297 308 1358 illoram
330 1293 488 1358 consilium
509 1300 602 1374 atque
622 1301 762 1354 conatum
783 1294 864 1357 vines
885 1305 929 1359 est
946 1294 1154 1380 impedivisse.

121 1378 236 1445 l'l'unc
250 1393 355 1445 autem
371 1376 476 1442 nullus
497 1375 576 1442 alius
597 1375 683 1442 illam
706 1375 941 1444 multitudinem
957 1401 1157 1468 compescere

119 1467 281 1550 potuisset.
326 1463 385 1528 Ille
399 1483 475 1528 vero
496 1474 528 1526 et
550 1461 628 1526 illud
650 1461 860 1550 navigationis
879 1463 1001 1532 infestae
1015 1467 1155 1532 studium

120 1553 248 1629 sedavit,
264 1563 296 1616 et
310 1572 373 1628 eos,
385 1550 440 1636 qui
454 1546 565 1634 legatis
578 1547 725 1631 privatim
740 1548 966 1630 irascebantur,
978 1553 1155 1638 increpans,

119 1635 280 1705 deterruit.
326 1635 400 1720 Ipse
421 1647 527 1734 autem
548 1635 628 1732 solat
641 1635 757 1735 legator
770 1634 900 1734 dimisit,
916 1639 1087 1724 cumipsis
1108 1663 1156 1704 re·

117 1719 1157 1896 ltili'tint..ttulttllttt‘lulmtltlplllfftt

117 1896 188 1962 illos
218 1895 467 1982 quadringentos
495 1903 688 1968 amoverent,
710 1906 742 1956 et
770 1905 913 1957 senatrrm
942 1895 1155 1975 restituerent,

118 1980 388 2068 quemadmodum
410 1993 443 2043 et
463 1978 553 2063 prius
562 1977 692 2062 fishset,
707 1979 964 2066 quingentorum.
1010 1981 1113 2046 Porro
1129 1984 1155 2046 si

118 2091 198 2155 quos
215 2080 347 2142 sumtus,
363 2061 564 2149 parsimoniae
580 2061 750 2140 studentes,
765 2065 1006 2143 contraxissent,
1022 2079 1058 2132 ut
1072 2069 1156 2132 mili-

118 2157 288 2242 teejustmn
309 2151 499 2236 stipendium
514 2146 634 2212 facilius
649 2147 811 2226 haberent,
828 2173 861 2213 se
875 2173 1066 2238 magnopere
1081 2175 1156 2238 pro-

117 2240 204 2309 bare.
250 2241 408 2304 Caeterum
428 2239 498 2302 illos
519 2232 716 2312 hortabatur,
739 2249 776 2300 ut
796 2235 940 2300 hostibus
950 2239 1085 2324 sortiter
1107 2261 1156 2304 re·

117 2327 275 2402 sisterent,
291 2346 350 2389 nec
363 2321 430 2388 ullo
449 2320 546 2386 modo
559 2319 716 2384 cederent
762 2322 894 2386 sienim
910 2321 1019 2388 civitas
1033 2324 1156 2390 incolu-

118 2414 177 2482 mis
192 2423 300 2489 staret,
316 2429 463 2497 magnam
483 2428 571 2490 spem
586 2428 652 2472 esse
666 2405 799 2484 dicedm,
815 2406 891 2486 fore,
907 2422 943 2474 ut
956 2405 1155 2476 hostes'com-

116 2501 307 2585 positionem
333 2516 439 2560 secum
464 2491 611 2557 facerent.
657 2492 693 2556 Si
719 2513 794 2556 rero
818 2493 915 2557 semel
940 2493 1036 2560 altera
1058 2499 1154 2561 Athe-

117 2588 267 2652 aiensiua
287 2602 368 2668 pars
390 2577 618 2654 succumberet,
633 2577 687 2653 vel
707 2576 774 2656 illa,
794 2601 867 2665 quae
892 2581 980 2645 Sami
1003 2595 1079 2660 erat,
1104 2586 1153 2647 vet

117 2671 181 2750 illa,
196 2692 265 2757 quer
277 2669 409 2734 Athenis
429 2675 508 2742 erat,
523 2663 646 2729 nullum
669 2663 803 2748 amplius
823 2665 900 2743 fore,
915 2663 988 2731 cum
1004 2689 1069 2753 quo
1084 2669 1154 2755 quis

115 2757 149 2824 in
166 2770 310 2826 mutuam
323 2753 459 2842 gratiam
470 2749 597 2816 rediret.
642 2749 788 2816 Aderant
797 2765 901 2816 autem
917 2763 950 2816 et
960 2754 1152 2841 Argivorum

116 2843 225 2934 legati,
240 2843 295 2930 qui
310 2838 455 2926 populari
471 2836 714 2902 Atheniensium
729 2834 869 2915 factioni,
885 2859 956 2924 quse
973 2837 1153 2918 Samierat,

116 2953 149 2996 se
173 2951 268 3016 opem
294 2927 414 2992 laturos
436 2921 681 3008 pollicebantur.
726 2921 790 2987 Sed
808 2922 990 2989 Alcibiades
1012 2947 1066 2990 eos
1087 2927 1154 2991 col-

116 3015 274 3094 laudatos,
293 3025 325 3078 at
361 3031 436 3075 uum
454 3009 525 3095 quis
546 3029 600 3072 eos
621 3020 759 3088 vocaret,
780 3020 814 3071 ut
837 3008 992 3086 adessent,
1014 3031 1052 3075 ro
1075 3025 1152 3090 atos,
1281 3047 1286 3054 ·

117 3102 162 3170 ita
176 3101 306 3167 dimisit.
381 3107 511 3162 enerant
525 3105 632 3158 autem
647 3093 757 3179 Argivi
771 3115 842 3157 cunr
861 3094 992 3172 Paralia,
1005 3119 1058 3182 qur
1084 3089 1120 3162 irs
1135 3120 1155 3161 a

143 3184 358 3273 usdringentis
379 3182 454 3246 viris
480 3193 557 3244 tunc
580 3178 767 3263 imperatum
794 3178 906 3260 fuerat,
929 3180 1058 3246 militari
1080 3183 1153 3247 navi

118 3211 281 3342 liuboeam
306 3270 452 3336 modica
472 3287 565 3330 causa
586 3263 904 3354 circumveherentur,
929 3280 961 3330 et
979 3264 1154 3332 Athenien-

119 3361 200 3428 sium
225 3359 344 3444 legatos
365 3379 385 3420 a
428 3352 645 3438 usdringentis
666 3351 787 3428 missos,
804 3351 878 3416 Loes
944 3351 1016 3430 iam,
1032 3368 1064 3419 et
1078 3352 1153 3418 Ari-

117 3446 332 3534 stophontem,
347 3454 391 3514 et¹
435 3438 572 3516 alesiam,
586 3435 851 3502 Lacedaemonem
890 3437 1071 3504 educerent.
1109 3441 1154 3504 At

118 3534 182 3611 isti,
204 3553 278 3598 cum
298 3531 403 3616 Argos
424 3524 628 3610 appulissent,
654 3522 774 3610 legatos
795 3523 924 3608 quidem
946 3524 1154 3610 comprehen-

118 3641 170 3684 sos
184 3617 310 3704 Argivis
325 3611 534 3687 tradiderunt,
550 3609 670 3695 quippe
683 3607 770 3694 quod
791 3622 893 3674 essent
914 3631 955 3674 ex
965 3607 1102 3676 'numero
1116 3611 1155 3674 il-

119 3706 236 3780 lorum,
251 3701 304 3789 qui
321 3702 353 3764 in
375 3698 487 3783 primis
506 3694 691 3781 popularem
706 3706 822 3760 statum
838 3695 1044 3762 sustulissent.
1088 3697 1155 3782 Ipsi

119 3813 196 3856 vero
217 3811 257 3854 ne
280 3807 416 3873 usquam
438 3781 574 3867 amplius
589 3779 733 3844 Athenas
755 3780 934 3846 redierunt:
957 3782 1011 3846 sed
1035 3781 1154 3868 legatos

121 3877 218 3964 Argis
243 3811 444 3948 abducentes,
474 3891 521 3944 en,
548 3888 642 3953 quam
669 3863 838 3947 habebant,
864 3868 995 3945 triremi,
1023 3869 1153 3934 Samum

118 3961 321 4050 appulerunt.

153 4195 233 4244 huon
250 4195 331 4241 berete
341 4175 469 4253 quisquam
485 4189 547 4235 altus
557 4155 683 4246 obsisoere,
693 4194 718 4235 st
733 4201 762 4236 ea
778 4194 887 4250 tempere
898 4189 1083 4238 multitudinem
1099 4191 1157 4240 rsti-

121 4275 178 4308 ners
189 4259 504 4322 potulsset,tpseveroetc.
536 4252 624 4299 fluns.
