2994 4788
387 305 630 376 ulsmrtlna
652 308 743 376 LlB.
768 309 827 375 IV.
1061 319 1126 382 26³

83 475 201 561 opibus
215 487 248 544 et
261 478 451 546 auctoritate
467 482 633 546 nonnum
655 477 815 559 obtinetis,
831 497 865 547 et
883 480 938 567 qui
950 483 1124 568 prudentes
1158 499 1218 551 neu.

83 561 263 641 habemini,
289 586 336 630 me
362 587 428 630 nou
457 568 649 651 receperitis.
684 588 788 655 neque
811 568 900 653 istim
925 571 1020 634 uestri
1034 571 1125 656 firmi
1148 567 1230 630 retop

86 648 185 714 ullam
208 650 405 734 probabilem
425 674 552 718 causam
571 652 681 719 afferre
698 668 822 740 potero,
846 654 902 720 sed
923 656 1048 720 uidebor
1071 671 1125 723 aut
1140 633 1239 758 (iffi

86 734 198 802 salsam
214 736 391 804 libertatem
409 737 531 804 Graecis
551 739 673 816 afferre,
689 755 745 805 eut
759 743 815 805 haec
828 741 949 805 venisse
962 741 1126 808 imbecillia
1150 757 1190 806 ea.
1203 761 1226 808 1.

85 843 126 886 ae
147 823 306 888 invalidus
327 823 368 888 ad
389 825 641 910 propulsandum
664 826 906 892 Atheniensium
931 827 1006 906 vim,
1028 829 1054 893 si
1076 853 1127 896 vos
1152 823 1182 933 g·
1196 825 1225 874 ὓ·

87 909 271 975 invaserint.
316 913 415 996 Atqui
445 911 666 992 Athenienses,
691 914 833 999 quamvis
856 913 962 999 copias
992 917 1125 1001 majoros
1153 903 1222 1002 33¹

86 993 252 1072 haberent,
281 1012 387 1062 tamen
411 1018 483 1062 curn
507 997 570 1062 hoo
599 999 750 1076 exercitu,
781 1021 875 1085 quem
898 1020 986 1064 nuno
1011 999 1124 1080 habeo,

86 1103 187 1167 quum
217 1082 258 1147 ad
290 1081 429 1148 Nisaeam
459 1083 619 1168 profectus
647 1107 728 1162 sum,
755 1099 790 1150 ut
818 1107 911 1171 opem
940 1086 970 1148 ei
999 1084 1125 1166 ferrem,

86 1167 261 1255 confligere
298 1190 360 1234 non
396 1181 470 1234 sunt
510 1173 589 1236 ausi.
643 1171 863 1246 Quamobrem
900 1170 988 1236 haud
1019 1174 1126 1238 verisi-

85 1254 164 1318 mile
195 1253 329 1331 videtur,
364 1256 448 1339 ipsos
478 1269 599 1322 tantum
636 1259 799 1343 copiarum
829 1269 941 1322 eontra
971 1265 1027 1324 'ros
1060 1281 1127 1325 esse

88 1340 251 1418 missuros,
274 1355 410 1427 quantus
424 1355 471 1407 eat
489 1341 666 1408 classiarios
687 1344 852 1421 exercitus,
868 1344 924 1429 qui
942 1356 991 1410 est
1012 1345 1050 1410 ad
1068 1345 1126 1411 Ni·

87 1429 217 1492 mma„

131 1522 186 1579 86.
212 1512 289 1579 “Et
309 1514 377 1600 ipse
397 1514 462 1580 huo
483 1516 565 1594 veni,
580 1539 646 1582 non
670 1530 705 1584 ut
725 1516 792 1582 ullo
814 1515 971 1582 maleficio
988 1539 1043 1582 vos
1058 1518 1126 1584 effi·

87 1599 191 1664 eiam:
215 1601 269 1664 sed
293 1613 329 1666 ut
344 1601 476 1666 Graeoos
497 1603 531 1666 in
553 1603 730 1668 libertatem
755 1603 922 1669 vindicem.
967 1603 1011 1668 Et
1026 1605 1126 1670 Laee-

86 1685 321 1752 daemoniorum
348 1687 557 1775 Magistratus
580 1689 816 1773 religiosissimo
833 1689 1044 1776 jurejurando
1068 1693 1125 1756 ob-

87 1771 217 1848 strinxi,
233 1771 311 1850 sone,
335 1786 371 1840 ut
391 1774 503 1853 socios,
551 1797 606 1840 uos
628 1798 689 1862 ego
710 1775 819 1840 saltem
841 1776 919 1861 ipsis
940 1775 1126 1861 adjunxero,

87 1856 207 1922 liberos
229 1881 296 1924 ease
317 1859 433 1926 sinant.
455 1797 549 1925 simul
569 1861 666 1926 etiam
687 1863 809 1926 emissio
829 1883 903 1938 sum,
925 1882 991 1925 non
1014 1875 1051 1926 ut
1071 1885 1127 1928 vos

85 1945 192 2010 socios
219 1943 399 2024 habeamus,
412 1958 467 2011 aut
481 1969 539 2032 per
552 1948 627 2024 rim,
639 1959 693 2013 aut
706 1969 764 2032 per
777 1945 922 2011 fraudem
941 1945 1127 2032 adjunctos:

85 2029 142 2096 sed
165 2043 289 2108 eontra,
312 2045 349 2098 ut
372 2032 461 2098 robis
482 2033 525 2098 ab
548 2033 797 2098 Atheniensibus
817 2033 851 2096 in
873 2032 1055 2098 servitutem
1076 2057 1127 2100 re-

86 2118 202 2196 dactis,
227 2116 261 2182 in
286 2106 370 2183 bello
393 2131 505 2185 eontra
525 2119 596 2184 illos
620 2119 760 2206 gerendo
784 2118 861 2184 socii
883 2119 991 2183 nurus.
1036 2119 1128 2195 Quu-

86 2218 222 2288 propter
236 2225 362 2290 oequum
378 2227 445 2270 esse
458 2227 580 2281 censeo,
597 2220 633 2270 ut
654 2227 758 2293 neque
776 2217 938 2290 suspectus
960 2205 1028 2280 sim,
1042 2228 1126 2290 proe-

85 2291 197 2355 sertim
228 2311 301 2354 curn
331 2293 502 2357 maximam
532 2291 626 2358 fidem
657 2293 740 2358 uubis
768 2290 851 2367 dem,
879 2313 983 2378 neque
1010 2292 1127 2358 vindex

85 2373 237 2442 infirmus
265 2377 434 2455 existimer,
461 2389 560 2464 utque
588 2377 785 2444 confidenter
813 2400 869 2442 vos
893 2381 971 2443 mihi
994 2377 1128 2444 dedetis.

87 2459 190 2539 Quod
204 2462 233 2528 si
247 2464 317 2549 quis
330 2462 412 2529 forte
424 2463 574 2549 privatim
588 2463 651 2530 sibi
664 2464 705 2529 ab
720 2464 828 2551 aliquo
841 2473 995 2540 metuens,
1007 2477 1128 2530 verm

70 2549 1127 2721 restituamusausin“suste

83 2720 179 2786 fidat.
210 2725 422 2808 nequeenim
444 2723 547 2800 venio,
574 2735 610 2788 ut
632 2722 784 2790 factiones
809 2721 910 2797 alam;
941 2743 1044 2810 neque
1068 2744 1127 2788 ex·

83 2808 197 2872 istimo
223 2829 275 2872 me
298 2809 382 2874 uobis
406 2822 525 2873 certam
546 2807 723 2874 libertatem
745 2809 868 2886 afferre,
891 2807 927 2885 si,
951 2810 1055 2894 patrio
1077 2810 1128 2873 in·

83 2895 204 2958 stituto
232 2893 388 2980 neglecto,
415 2909 471 2959 aut
499 2893 622 2980 plebem
652 2894 819 2972 nobilitati,
846 2907 901 2959 aut
929 2895 1126 2960 nobilitatem

81 2979 174 3064 plebi
205 2979 360 3044 addicam.
413 2980 498 3046 Nam
526 2981 697 3066 haqromudi
723 2983 851 3048 libertas
878 2981 1007 3068 gravior
1034 2994 1126 3059 esset,

82 3087 186 3151 quam
210 3077 376 3132 externum
399 3067 564 3132 hominum
587 3066 834 3154 alienigenarum
858 3067 1040 3151 imperium
1071 3089 1128 3130 no-

81 3152 202 3238 bisque
217 3151 470 3218 Laoedaemoniis
484 3174 545 3238 pro
565 3152 724 3217 laboribus
747 3152 898 3236 susceptis
924 3151 1012 3217 nulla
1025 3153 1128 3239 gretia

80 3237 272 3315 haberetur,
294 3240 347 3304 sed
371 3241 477 3324 potius
500 3261 560 3322 pro
579 3238 701 3304 honore
720 3251 752 3303 et
773 3238 878 3324 gloria
897 3236 993 3321 eulpa
1013 3238 1128 3302 mue

79 3334 185 3390 retur.
227 3337 245 3362 ¹¹¹
256 3324 298 3389 Et
313 3347 372 3390 nos
386 3325 448 3411 ipsi
462 3325 601 3390 odiosius
613 3325 772 3408 imperitam
780 3345 923 3409 quaerere
937 3322 1126 3401 videremur,

79 3432 185 3496 quem
209 3411 264 3496 qui
287 3411 434 3476 virtutem
456 3433 521 3475 non
545 3409 723 3495 profitetur,
746 3421 878 3495 propter
900 3431 973 3496 quae
995 3410 1129 3474 crimina

80 3496 304 3562 Athenienses
332 3497 416 3562 bello
445 3499 674 3583 persequimur.
719 3497 804 3560 Nam
833 3494 894 3559 illis
924 3495 1044 3572 saltem,
1070 3497 1126 3582 qui

78 3582 247 3671 dignitate
259 3595 335 3648 suut
348 3583 486 3668 praediti,
504 3583 628 3668 turpius
646 3597 694 3648 est
712 3581 824 3646 fraude
845 3582 985 3666 speciosa
1007 3601 1055 3646 res
1069 3581 1127 3646 do·

77 3669 234 3734 mestioas
256 3669 459 3755 amplificare,
480 3691 574 3755 quam
594 3670 626 3732 vi
647 3683 765 3754 aperta.
812 3669 895 3733 Nam
921 3668 966 3732 vis
986 3667 1126 3755 quidem,

73 3753 882 3928 {ttulit}‘Amittittltdtlilflit
902 3755 1127 3928 ,latuit

78 3927 361 4012 cumspectionem
390 3927 577 3994 adhibemus
607 3928 640 3990 in
669 3927 718 4005 iis,
748 3947 821 4013 quae
849 3940 958 3992 nostra
989 3927 1127 3990 maxime

76 4015 282 4081 intersunt.’'
