2964 4786
345 273 410 336 4⁰0
717 261 1026 332 THUCYDIDIS

251 460 312 508 ner.
346 435 580 513 instruxerunt,
595 445 628 500 et
641 435 803 536 quendem
813 457 944 502 suorum
956 446 1082 522 perteus
1090 435 1384 502 miseruntsdrrui

239 524 325 587 Νοῦν
346 523 510 600 smbitum,
523 523 578 609 qui
594 521 749 607 Epipolas
762 523 922 610 cingebat,
938 523 1153 589 existimantes
1174 522 1259 601 fore,
1269 536 1309 590 nt
1322 545 1384 590 esst

230 603 274 702 οῗ
288 591 327 642 ¹⁸·
345 611 507 680 deutrum
531 619 693 694 caperent.
717 617 719 622 '
739 609 782 674 Et
804 612 860 693 qui
884 611 968 674 missi
988 619 1069 686 sunt,
1089 609 1233 694 ipsorum
1254 611 1383 696 quidem

240 670 328 833 siu}h
343 697 575 764 Athenienses
593 698 782 762 exteriorem
805 695 915 760 decern
934 697 1083 782 jugerum
1104 696 1382 762 mimitionemce-

240 783 271 831 Π·
307 816 314 832 ·
342 794 470 869 petunt,
486 804 523 847 sc
544 781 606 847 diri
631 794 757 846 uerunt
803 781 911 846 Nicias
933 804 1008 846 sero
1030 781 1205 866 impedivit,
1222 805 1264 848 ne
1279 784 1382 868 ipsum

241 849 312 976 'ff'
341 869 436 934 etiem
450 871 532 934 mmt'
550 804 706 934 ambitum
721 879 914 951 ocmtparent.
959 867 1048 932 Cssn
1061 869 1146 932 enirn
1161 869 1205 932 ob
1218 869 1382 936 infirmem

273 959 305 1008 Γ·
341 954 553 1022 seletudinem
565 955 599 1020 in
611 977 654 1020 eo
667 953 795 1020 relictus
811 952 922 1019 fueret.
969 953 1003 1020 Is
1018 955 1104 1020 enim
1119 955 1295 1032 mechinss,
1310 979 1380 1021 om·

338 1061 477 1130 nemque
501 1042 680 1118 materiem,
700 1063 772 1140 quse
792 1051 868 1104 ente
889 1061 1019 1106 murum
1039 1055 1110 1106 eret
1129 1040 1267 1128 objectu,
1282 1066 1304 1106 e
1316 1045 1380 1108 seis

337 1127 491 1196 ministris
503 1127 633 1193 incendi
643 1128 749 1213 joon,
764 1139 932 1213 postquem
946 1126 1180 1205 animadvertit,
1195 1151 1231 1193 se
1243 1143 1380 1214 propter

337 1215 479 1281 sitorum
494 1213 697 1280 solitudinem
723 1212 843 1278 nnllam
867 1207 976 1278 solutis
996 1213 1224 1280 conservandas
1244 1214 1379 1282 fscnlts·

230 1312 234 1321 '
336 1313 400 1368 tem
420 1299 482 1366 slis
502 1301 627 1366 ratione
649 1299 826 1365 habituros.
868 1299 977 1384 Atque
996 1321 1046 1364 res
1060 1300 1106 1364 its
1119 1300 1244 1366 cecidit.
1291 1301 1378 1367 Nem

336 1387 539 1474 Symumni,
551 1398 686 1471 propter
699 1385 893 1463 incendium,
908 1387 1040 1471 propius
1054 1385 1205 1452 accedere
1218 1409 1287 1452 non
1301 1401 1378 1453 sunt
1478 1423 1479 1434 κ

334 1473 420 1550 sunit
441 1472 498 1538 sed
513 1495 547 1538 se
561 1485 647 1538 retro
662 1483 858 1556 receperunt.
904 1471 1031 1538 Etenim
1054 1495 1095 1538 ex
1117 1473 1194 1540 locis
1215 1472 1376 1539 inferiori·

334 1557 394 1626 bus
414 1557 593 1626 subsidium
609 1557 865 1634 Atheniensium,
889 1557 944 1644 qui
970 1559 1195 1642 Syracusanos,
1222 1561 1280 1648 qui
1305 1561 1375 1626 illic

285 1679 292 1688 ·
334 1657 436 1724 erent,
451 1646 612 1732 insequuti
626 1643 762 1722 fuerent,
778 1645 818 1710 ed
833 1647 919 1710 illius
932 1647 1016 1710 omri
1029 1645 1183 1712 ambitum
1203 1646 1272 1731 jam
1287 1648 1374 1713 redi·

333 1731 406 1808 hott
428 1743 461 1798 et
481 1734 623 1818 ipsorum
643 1731 753 1796 dessio
773 1753 815 1796 ex
837 1730 970 1816 Thapso
991 1731 1085 1796 simul
1106 1738 1156 1817 (ut
1169 1732 1292 1797 dictum
1306 1737 1371 1815 est)

332 1819 367 1884 in
382 1839 535 1907 magnum
556 1831 685 1904 portuen
708 1817 889 1904 nsvigsbet.
934 1817 1019 1893 Qum
1032 1831 1199 1884 cernentes
1213 1818 1372 1906 illiSyrs·

331 1908 453 1985 cussni,
468 1907 523 1993 qni
538 1905 572 1969 in
588 1903 804 1988 superioribus
826 1902 904 1970 locis
923 1917 1025 1980 erent,
1040 1904 1184 1970 celeriter
1198 1906 1288 1970 illinc
1300 1907 1371 1971 ebi-

330 2003 434 2070 erunt,
451 2005 483 2058 et
496 1991 637 2079 reliquus
649 1991 791 2075 ipsorum
808 1990 965 2055 exercitus
974 1991 1006 2054 in
1017 1991 1129 2056 urbem
1142 1993 1268 2064 rediit-2
1280 1993 1369 2076 quod

329 2079 555 2155 existimarent,
571 2098 636 2142 non
658 2077 733 2142 setis
748 2076 864 2142 virium
884 2076 945 2140 sibi
968 2077 1037 2161 jem
1050 2078 1161 2142 edesse
1174 2077 1368 2162 ted-impedi·

327 2165 446 2232 endum
461 2167 584 2240 hostem,
599 2185 638 2228 ne
653 2184 779 2228 murum
793 2162 836 2226 ed
849 2183 937 2228 nsere
950 2165 1083 2230 duceret.

374 2259 447 2318 los.
470 2250 586 2314 Postee
600 2270 676 2314 vero
693 2247 900 2316 Athenienses
910 2263 1068 2333 tropseum
1077 2261 1263 2314 erexerunt:
1279 2272 1366 2316 mor-

327 2349 464 2423 tuosque
477 2337 692 2422 Syrscussnis,
708 2335 895 2420 interposite
910 2334 974 2400 lide
988 2333 1126 2419 publice,
1142 2335 1363 2418 reddiderunt,

325 2435 359 2489 et
378 2422 535 2488 Lsmschi
553 2423 685 2488 comites
707 2423 878 2508 ipsumque
902 2433 1102 2506 receperunt.
1146 2421 1231 2486 Cum
1254 2436 1363 2489 sutem

324 2510 429 2574 omnis
444 2509 603 2574 eirercitue
614 2508 734 2572 nesciis
743 2508 862 2591 pariter
873 2521 904 2572 et
912 2507 1069 2593 pedestris
1080 2507 1155 2592 ipsis
1164 2509 1231 2592 jem
1242 2525 1364 2592 presto

322 2609 415 2675 emet,
432 2596 646 2682 Syracusanos
666 2593 786 2680 duplici
810 2615 902 2658 muro
924 2592 1168 2669 concluseruntr
1191 2616 1298 2679 quern,
1321 2601 1363 2662 sb

325 2679 388 2767 Epi
447 2685 471 2746 is
484 2693 517 2746 et
532 2681 704 2766 praeruptis
718 2701 823 2744 samm
837 2679 980 2764 pertibus
996 2679 1088 2744 initio
1101 2679 1209 2756 ducto,
1222 2679 1262 2746 sd
1271 2703 1361 2748 mare

403 2774 553 2835 uxerem.
598 2767 803 2832 Commestus
828 2777 933 2832 eutem
961 2765 1163 2848 edr'psotum
1184 2767 1359 2834 exercitum

323 2851 464 2939 undique
477 2875 519 2917 ex
531 2852 623 2918 Italis
637 2851 932 2938 componebantur.
970 2851 1021 2916 Ex
1033 2851 1149 2918 Siculis
1157 2851 1255 2917 etism
1267 2855 1359 2920 multi

320 2937 363 3004 sd
377 2937 587 3008 Athenienses
609 2948 809 3004 secesserunt
831 2938 921 3020 socii,
965 2937 997 3001 ni
1027 2938 1117 3020 ptius
1141 2938 1359 3024 circumspici-

319 3023 426 3103 ebsnt,
438 3025 513 3090 beili
525 3035 660 3091 mntem
674 3033 891 3108 exspectantes.
937 2960 990 3088 Ex
1003 3023 1161 3090 Hetruris
1171 3047 1357 3111 quoquene-

319 3123 431 3176 seme
452 3124 515 3177 tres
537 3133 643 3188 neves,
663 3131 737 3198 quoe
756 3109 890 3197 singulm
912 3111 1145 3210 quinquaginta
1166 3114 1263 3176 remis
1283 3135 1358 3202 uge-

320 3198 445 3264 hsntur.
489 3197 640 3285 Denique
664 3211 779 3262 crecere
803 3196 850 3260 sic
872 3196 949 3282 ipsis
972 3196 1246 3274 concedebantur
1266 3219 1356 3284 spem
1475 3218 1476 3222 ’

317 3283 395 3371 ipsis
409 3283 621 3350 ostenderent.
664 3281 793 3348 Etenim
809 3283 1002 3368 Syracusani
1017 3303 1082 3348 non
1097 3282 1234 3368 amplius
1250 3285 1357 3350 existi-

317 3371 457 3447 msbent,
473 3393 506 3436 se
521 3370 605 3436 bello
619 3369 796 3454 superiores
810 3389 967 3446 evasuros,
979 3368 1066 3455 quod
1080 3389 1122 3434 ne
1135 3391 1176 3434 ex
1193 3369 1355 3456 Pelopon·

316 3475 393 3520 neso
407 3457 536 3541 quidem
552 3455 653 3522 ullum
664 3455 820 3521 auxilium
836 3454 878 3519 ed
893 3457 978 3539 ipsos
990 3454 1120 3521 veniret.
1158 3457 1270 3524 Qusre
1280 3479 1354 3522 cum

315 3540 399 3606 inter
412 3565 446 3607 se
458 3545 554 3629 ipsos,
570 3556 638 3609 tum
661 3542 756 3608 etism
772 3561 844 3606 cum
862 3541 966 3621 Nicia,
977 3543 1016 3606 de
1029 3543 1264 3623 compositione
1277 3543 1352 3610 isci-

315 3627 507 3718 endeegere
521 3640 697 3716 ooeperunt.
743 3628 809 3694 Hic
823 3629 919 3703 enim,
933 3627 1086 3692 defuncto
1097 3627 1276 3706 Lamacho,
1292 3632 1352 3696 in·
1476 3673 1478 3715 5

313 3715 438 3798 perium
454 3714 771 3803 solusjsmhehebst.
810 3713 854 3779 Et
863 3713 943 3778 nihil
954 3713 1083 3801 quidem
1095 3715 1353 3802 trensigebstur:
1475 3718 1477 3741 '

313 3798 432 3885 redint
446 3801 514 3868 lieri
530 3803 612 3868 solet
623 3802 664 3866 sb
678 3800 872 3880 hominibus,
886 3801 942 3885 qui
957 3813 1032 3866 sunt
1045 3800 1169 3867 consilii
1184 3803 1310 3887 inopes,
1321 3817 1355 3867 et

335 3889 368 3955 ui
382 3888 547 3955 obsidione
559 3891 687 3966 arctius,
707 3909 805 3974 quern
820 3897 923 3964 entes,
941 3888 1153 3970 premuntur‚)
1173 3909 1247 3952 cnm
1263 3889 1355 3972 spud

311 3911 402 4041 illum
414 3974 514 4042 multe
526 3976 794 4062 proponebantur,
809 3986 877 4038 tum
892 3973 988 4039 etism
1004 3974 1036 4038 in
1053 3973 1132 4038 urbe
1146 3973 1243 4060 longe
1257 3975 1356 4061 plurs

312 4059 501 4128 dicebamur.
545 4061 673 4127 Etenim
694 4073 727 4126 et
747 4060 896 4149 quedem
919 4071 1030 4125 mutus
1053 4060 1193 4144 suspicio
1216 4075 1356 4146 propter

310 4149 480 4232 presentie
500 4147 584 4213 mels
605 4148 689 4212 inter
708 4147 795 4232 ipsos
816 4160 884 4212 eret
904 4160 986 4214 orte.
1030 4145 1250 4222 Quamobrem
1271 4148 1357 4233 ipsis

311 4234 406 4299 etism
420 4233 565 4312 ducibus,
581 4255 715 4320 quorum
737 4235 837 4300 ductu
857 4233 929 4300 hsec
950 4233 1025 4318 ipsis
1048 4232 1242 4314 occiderent,
1259 4236 1358 4322 qussi
