2964 4786
347 313 416 375 six
704 303 1009 374 THUCYDlDlS

178 555 180 560 ¹
250 495 314 546 aen.
344 477 506 544 ducerent.
552 475 635 541 Num
658 477 692 541 in
713 479 879 562 superiore
900 474 983 540 bello
1004 497 1025 539 a
1038 497 1072 540 se
1093 473 1198 560 potius
1221 487 1389 558 peccatum

236 557 324 622 ¹'‘¹⁰1’·
343 561 449 645 fluisse,
487 563 549 627 uod
565 561 714 627 Thebani
735 561 897 628 foederum
920 575 981 626 tem
1029 583 1063 626 re
1080 561 1234 624 Plataeam
1257 559 1391 624 invasis-

230 624 329 749 ssffi
344 663 423 714 sent.
500 662 523 726 t,
539 669 612 711 cum
627 649 659 711 in
676 649 836 733 prioribus
851 582 1049 748 pactioniliiis
1063 660 1191 712 cautum
1213 644 1336 722 suisset,
1351 667 1390 709 ne

241 752 283 799 si.
294 751 318 800 ³.
342 756 433 836 arms
447 729 640 834 inferrentur
654 736 730 834 illis,
745 737 800 836 qui
814 735 961 836 iryuri'pm
975 734 1248 832 ulterissecissent,
1264 730 1292 794 si
1301 729 1390 818 judi-

242 815 275 925 3·
289 817 319 864 ⁰·
343 842 427 885 cium
443 821 550 884 subire
560 818 686 895 vellent,
699 841 758 904 ipsi
773 819 979 906 adjudicium
996 818 1038 883 ab
1048 817 1300 883 Atheniensibus
1314 839 1389 900 pro·

249 893 314 992 322¹·
344 907 458 984 rocsti,
474 907 581 970 venire
604 904 788 971 noluissent.
835 905 878 970 Et
895 921 1064 991 propterea
1079 927 1112 968 se
1127 904 1242 968 merito
1256 903 1391 967 adverse

299 977 307 994 ’
342 990 473 1056 fortuna
488 1012 561 1055 usos
581 992 822 1066 existimabunt3
846 1005 877 1056 et
892 1012 966 1056 cum
981 989 1067 1054 'illam
1084 991 1218 1070 cladem,
1233 1011 1333 1076 quem
1349 988 1391 1053 ad

344 1075 459 1164 Pylum
476 1090 675 1178 acceperant,
691 1091 758 1142 tum
774 1079 867 1142 etium
884 1079 992 1156 alium,
1009 1077 1116 1162 siqua
1134 1077 1196 1140 ulia
1216 1075 1295 1160 ipsis
1312 1097 1390 1139 oon-

342 1163 468 1251 tigerst,
489 1171 616 1228 lummo
638 1163 814 1228 volutantes
837 1161 981 1250 religioni
1005 1163 1178 1227 vertebant.
1224 1162 1284 1238 At,
1305 1177 1389 1246 posi·

342 1271 439 1336 quam
456 1249 667 1314 Athenienses
682 1271 754 1313 cum
772 1250 812 1312 tri
837 1251 902 1312 intu
918 1249 1051 1312 navibus
1065 1272 1104 1312 ec
1117 1251 1225 1313 Attico
1242 1247 1389 1332 proiecti,

342 1336 411 1422 agri
431 1334 597 1419 Epidaurii
613 1349 747 1418 partem,
758 1349 790 1400 et
805 1273 997 1412 diaetarum,
1007 1349 1037 1398 et
1053 1334 1115 1398 alis
1128 1332 1197 1398 locu
1211 1347 1389 1410 vastarunt,

342 1419 437 1485 simul
459 1421 554 1485 etiam
569 1435 600 1484 ei
620 1419 698 1506 Pylo
719 1423 910 1504 prodeuntes
932 1421 1099 1484 latrocinio
1113 1420 1316 1500 exercebant,
1332 1418 1389 1496 ¹et,

342 1507 466 1592 quoties
480 1519 552 1570 orta
565 1519 646 1570 esset
665 1508 880 1571 controversia
894 1508 934 1571 de
949 1507 1052 1592 aliquo
1067 1505 1300 1582 conditionum,
1317 1529 1391 1592 quas

342 1592 377 1655 in
402 1589 575 1658 loeden'bus
596 1606 686 1656 erunt
707 1593 826 1670 dubiae,
847 1593 1065 1679 adjudicium
1092 1616 1112 1656 a
1132 1591 1391 1656 Lacedaemoniis

343 1677 517 1764 provocati,
540 1701 603 1743 rem
627 1689 848 1744 controversam
860 1679 985 1763 Jicdicio
1008 1678 1190 1764 permittere
1215 1677 1389 1744 nolebant:

345 1774 423 1830 tunc
444 1786 520 1829 vero
543 1763 793 1843 Lacedoemonii,
809 1765 1035 1841 existimantes,
1054 1787 1146 1829 suum
1170 1763 1249 1828 illud
1276 1786 1389 1848 peoeu·

343 1863 423 1926 tum,
435 1849 522 1937 quod
539 1851 628 1932 prius
643 1853 874 1928 commiserant,
887 1851 970 1915 idem
988 1852 1021 1914 in
1037 1850 1245 1915 Athenienses
1248 1849 1325 1934 juri
1341 1871 1392 1914 re·

343 1935 466 2013 cidisse,
482 1939 522 2000 sd
545 1935 663 2002 bellum
680 1936 794 2001 animis
809 1949 900 2002 erunt
920 1937 1096 2024 propensis.
1143 1940 1249 2022 Atque
1267 1935 1390 2001 nuntiis

343 2021 385 2088 ad
400 2024 502 2087 socios
517 2023 578 2088 hac
592 2023 707 2109 hyeme
719 2023 945 2088 circummissis
961 2021 1078 2086 ferrum
1091 2025 1168 2106 ipsis
1177 2025 1391 2107 imperarunt,

344 2119 505 2174 sicaetera
519 2109 727 2174 instrumenta
742 2109 784 2174 ad
805 2130 969 2174 murorum
992 2110 1236 2173 exstructionem
1260 2129 1391 2194 prinpa-

345 2205 466 2260 raruut.
512 2194 612 2260 Simul
636 2209 742 2262 autem
766 2207 798 2260 et
821 2196 879 2279 ipsi
902 2195 1068 2281 parabant,
1085 2207 1117 2261 et
1138 2209 1271 2258 caeteros
1294 2193 1392 2258 Pelo-

344 2280 515 2380 ponnesios
528 2283 573 2344 ad
596 2283 674 2345 idem
684 2282 868 2368 faciendum
884 2282 1064 2369 adigebant,
1082 2295 1116 2346 ut
1131 2279 1202 2358 illis,
1218 2281 1275 2368 qui
1296 2297 1392 2346 erant

343 2386 378 2428 in
394 2365 513 2444 Sicilia,
527 2364 681 2431 auxilium
697 2367 730 2432 in
746 2367 898 2434 onerariis
912 2367 1047 2432 navibus
1062 2367 1234 2433 mitterent.
1279 2367 1392 2453 Atque

343 2451 415 2602 besec
428 2452 661 2604 8liyetipqdexiit,
684 2466 716 2556 et
740 2452 833 2540 hujus
855 2452 941 2534 belli,
965 2455 1050 2604 quotd
1074 2451 1282 2540 Thucydides
1305 2475 1390 2518 cou-

378 2560 888 2603 riiuevinsns
1036 2586 1046 2604 .

249 2647 312 2694 usti.
390 2560 440 2691 ii.
456 2552 557 2689 tl'erii
570 2561 687 2690 auidiiss
699 2561 890 2711 iiieqiiniis
902 2561 1130 2704 pppleqsqmfim,
1147 2623 1390 2691 Lacedaemonii

239 2710 324 2771 resp.
344 2711 483 2799 sociique
497 2711 705 2796 irruptionem
719 2713 752 2776 in
768 2714 909 2778 Atticum
927 2716 1112 2778 maturrime
1125 2711 1277 2777 iecerunt
1309 2711 1390 2778 Illos

229 2775 330 2900 33ssss
344 2818 421 2862 reru
449 2797 584 2863 ducebat
609 2799 695 2888 Agis,
727 2799 914 2864 Archidami
929 2801 1034 2884 filius,
1066 2797 1389 2864 Iacedaemonioruni

240 2902 318 2968 rur.
344 2905 412 2948 rex.
457 2884 507 2948 Ac
522 2885 661 2969 primum
676 2883 805 2973 quidem
829 2888 897 2974 agri
922 2884 1086 2970 planitiem
1108 2885 1388 2971 circumjacentem

245 2967 318 3079 2·st
344 2982 518 3048 vastarunt,
546 2970 662 3036 deinde
690 2992 765 3036 vero
794 2970 966 3037 Deceleam
997 2971 1123 3035 munire
1150 2983 1331 3055 coeperuut,
1357 2971 1390 3036 id

250 3046 316 3158 ,π’
344 3072 426 3139 opus
455 3056 540 3159 inter
566 3057 710 3158 civitates
744 3058 864 3144 partiti.
909 3057 1008 3158 Abest
1039 3071 1145 3160 sutem
1176 3056 1320 3123 Decelea
1346 3058 1390 3124 ab

269 3162 293 3210 Α
345 3141 481 3208 Athenis
513 3156 638 3208 circiter
670 3156 799 3208 centum
829 3166 868 3208 ac
895 3157 1006 3231 viginti
1037 3144 1165 3219 studiis3
1198 3143 1389 3209 tantundem

225 3224 449 3308 ¹¹⁸¹·¹⁹·etiam,
465 3249 525 3294 uec
546 3231 649 3294 multo
673 3231 756 3315 plus,
777 3252 799 3295 a
816 3228 951 3295 Boeotia.
997 3229 1082 3295 Huic
1104 3241 1211 3294 autem
1240 3231 1390 3310 munitio,

344 3314 489 3380 Athenas
502 3315 799 3466 usqueaqonqucqu,
814 3316 847 3380 io
864 3314 1005 3465 plonitiq,
1021 3329 1057 3464 et¹
1067 3315 1152 3381 illius
1174 3316 1390 3467 regionam-

343 3402 577 3484 portunissimis'
666 3423 748 3468 tuce
772 3403 821 3467 cia
845 3422 978 3466 exercen
1002 3425 1022 3466 a
1059 3401 1124 3468 ocis
1153 3414 1285 3466 exstrue
1327 3416 1389 3468 tur.
1477 3399 1479 3414 “

345 3487 453 3574 Atque
469 3486 692 3574 Peloponnesii
707 3487 847 3576 quidem,
863 3511 900 3554 ac
920 3489 1008 3566 socii,
1024 3487 1080 3574 qui
1102 3489 1136 3551 iu
1154 3489 1263 3553 Attica
1287 3501 1389 3564 eraut,

342 3570 427 3637 banc
449 3573 656 3638 munitionem
680 3575 893 3642 exstruebant.
936 3573 1004 3652 Qui
1018 3595 1094 3639 vero
1114 3575 1149 3638 in
1167 3573 1391 3659 Peloponnoeo

343 3668 444 3736 erunt,
469 3661 573 3744 gravis
598 3673 769 3727 armaturae
797 3661 921 3738 milites,
944 3660 1098 3725 ouersriis
1123 3659 1259 3725 naribus
1283 3671 1388 3734 uectus
1477 3707 1479 3720 .

344 3741 377 3807 iii
395 3743 535 3808 Siciliam
550 3744 609 3809 sub
624 3745 658 3810 id
673 3760 800 3831 tempus
816 3747 979 3811 miserunt.
1024 3747 1134 3833 Atque
1149 3745 1390 3812 Lacedremouii

344 3828 473 3915 quidem
495 3831 771 3916 prestantissimos
791 3854 933 3920 quosque
954 3853 1116 3896 servorum
1139 3853 1178 3896 ac
1199 3831 1389 3897 libertorum

343 3914 378 3979 in
401 3915 561 3981 civitatem
583 3938 688 4002 nuper
712 3917 959 4003 adscriptorum,
976 3939 1016 3983 ex
1044 3917 1186 4004 utrisque
1205 3919 1390 4004 prorniscue
1478 3945 1479 3948 ¹

377 4049 565 4114 R'Mfflm
580 4053 606 4098 iri
621 4054 757 4100 mensorium
767 4053 903 4102 malunt
913 4054 987 4100 vertit
1002 4053 1075 4102 Valla.
1101 4052 1199 4100 Verum
1216 4054 1298 4114 nedpl
1312 4059 1390 4114 put!

345 4116 680 4243 mmm&
690 4119 772 4178 pbrusi
783 4119 856 4178 paulo
863 4119 928 4168 iotis
936 4119 1015 4166 utitur
1026 4116 1178 4179 Tisegdtdes.
1210 4118 1277 4166 Ἧι
1285 4117 1391 4166 tutin

347 4240 550 4358 ὤρυξε
568 4259 599 4294 ex
619 4245 711 4295 tedere
731 4261 747 4296 a
764 4245 956 4296 lacedemoniis
980 4249 1153 4325 repetcbrntur
1172 4261 1212 4294 res
1233 4253 1326 4310 crepta
1343 4251 1389 4298 etc·

446 4339 454 4356 .
518 4322 569 4360 err.
