<?xml version="1.0" encoding="UTF-8"?>
<!DOCTYPE html PUBLIC "-//W3C//DTD XHTML 1.0 Transitional//EN"
    "http://www.w3.org/TR/xhtml1/DTD/xhtml1-transitional.dtd">
<html xmlns="http://www.w3.org/1999/xhtml" xml:lang="en" lang="en">
 <head>
  <title>
</title>
<meta http-equiv="Content-Type" content="text/html;charset=utf-8" />
  <meta name='ocr-system' content='tesseract 3.04.00' />
  <meta name='ocr-capabilities' content='ocr_page ocr_carea ocr_par ocr_line ocrx_word'/>
</head>
<body>
  <div class='ocr_page' id='page_1' title='image "./thucydidisdebel00wassgoog_0095.png"; bbox 0 0 2990 4792; ppageno 0'>
   <div class='ocr_carea' id='block_1_1' title="bbox 413 313 1140 392">
    <p class='ocr_par' dir='ltr' id='par_1_1' title="bbox 413 313 1140 392">
     <span class='ocr_line' id='line_1_1' title="bbox 413 313 1140 392; baseline 0.001 -12"><span class='ocrx_word' id='word_1_1' title='bbox 413 313 659 382; x_wconf 83' lang='lat' dir='ltr'><strong>HlSTORIAE</strong></span> <span class='ocrx_word' id='word_1_2' title='bbox 672 313 771 381; x_wconf 67' lang='lat' dir='ltr'><strong>,Lttt</strong></span> <span class='ocrx_word' id='word_1_3' title='bbox 793 314 837 380; x_wconf 89' lang='lat' dir='ltr'><strong>ll.</strong></span> <span class='ocrx_word' id='word_1_4' title='bbox 1099 321 1140 392; x_wconf 82' lang='grc'><strong>87</strong></span> 
     </span>
    </p>
   </div>
   <div class='ocr_carea' id='block_1_2' title="bbox 1 483 1258 4360">
    <p class='ocr_par' dir='ltr' id='par_1_2' title="bbox 1 483 1258 4360">
     <span class='ocr_line' id='line_1_2' title="bbox 101 483 1239 574; baseline -0.004 -20"><span class='ocrx_word' id='word_1_5' title='bbox 101 485 254 574; x_wconf 87' lang='lat' dir='ltr'><strong>pellatur,</strong></span> <span class='ocrx_word' id='word_1_6' title='bbox 262 485 353 574; x_wconf 86' lang='lat' dir='ltr'><strong>qnod</strong></span> <span class='ocrx_word' id='word_1_7' title='bbox 366 483 598 565; x_wconf 69' lang='lat' dir='ltr'><strong>submonet</strong></span> <span class='ocrx_word' id='word_1_8' title='bbox 610 488 723 573; x_wconf 84' lang='lat' dir='ltr'><strong>inquo</strong></span> <span class='ocrx_word' id='word_1_9' title='bbox 735 499 867 574; x_wconf 85' lang='lat' dir='ltr'><strong>propter</strong></span> <span class='ocrx_word' id='word_1_10' title='bbox 877 485 964 552; x_wconf 87' lang='lat' dir='ltr'><strong>ditas</strong></span> <span class='ocrx_word' id='word_1_11' title='bbox 977 486 1143 552; x_wconf 88' lang='lat' dir='ltr'><strong>hominum</strong></span> <span class='ocrx_word' id='word_1_12' title='bbox 1177 503 1239 552; x_wconf 80' lang='lat' dir='ltr'><strong>sets.</strong></span> 
     </span>
     <span class='ocr_line' id='line_1_3' title="bbox 103 568 1254 680; baseline -0.003 -40"><span class='ocrx_word' id='word_1_13' title='bbox 103 575 343 646; x_wconf 74' lang='lat' dir='ltr'><strong>exsecrationes</strong></span> <span class='ocrx_word' id='word_1_14' title='bbox 363 573 508 640; x_wconf 85' lang='lat' dir='ltr'><strong>hahitare</strong></span> <span class='ocrx_word' id='word_1_15' title='bbox 528 595 593 638; x_wconf 92' lang='lat' dir='ltr'><strong>non</strong></span> <span class='ocrx_word' id='word_1_16' title='bbox 617 574 754 650; x_wconf 79' lang='lat' dir='ltr'><strong>licebat3</strong></span> <span class='ocrx_word' id='word_1_17' title='bbox 783 575 956 661; x_wconf 78' lang='lat' dir='ltr'><strong>quinetiam</strong></span> <span class='ocrx_word' id='word_1_18' title='bbox 982 573 1144 660; x_wconf 89' lang='lat' dir='ltr'><strong>quoddam</strong></span> <span class='ocrx_word' id='word_1_19' title='bbox 1168 568 1254 680; x_wconf 52' lang='lat'>&amp;⁰¹¹²-</span> 
     </span>
     <span class='ocr_line' id='line_1_4' title="bbox 106 647 1258 760; baseline 0 -34"><span class='ocrx_word' id='word_1_20' title='bbox 106 659 229 726; x_wconf 86' lang='lat' dir='ltr'><strong>oraculi</strong></span> <span class='ocrx_word' id='word_1_21' title='bbox 246 658 377 746; x_wconf 78' lang='lat' dir='ltr'><strong>Pythici</strong></span> <span class='ocrx_word' id='word_1_22' title='bbox 389 681 519 726; x_wconf 71' lang='lat' dir='ltr'><strong>wmen</strong></span> <span class='ocrx_word' id='word_1_23' title='bbox 538 660 571 724; x_wconf 91' lang='lat' dir='ltr'><strong>in</strong></span> <span class='ocrx_word' id='word_1_24' title='bbox 586 673 731 726; x_wconf 80' lang='lat' dir='ltr'><strong>extrema</strong></span> <span class='ocrx_word' id='word_1_25' title='bbox 745 661 793 725; x_wconf 87' lang='lat' dir='ltr'><strong>sui</strong></span> <span class='ocrx_word' id='word_1_26' title='bbox 809 662 969 745; x_wconf 72' lang='lat' dir='ltr'><strong>pastellos</strong></span> <span class='ocrx_word' id='word_1_27' title='bbox 983 663 1080 744; x_wconf 59' lang='lat' dir='ltr'><strong>sitnon</strong></span> <span class='ocrx_word' id='word_1_28' title='bbox 1095 659 1146 726; x_wconf 90' lang='lat' dir='ltr'><strong>his</strong></span> <span class='ocrx_word' id='word_1_29' title='bbox 1160 647 1212 746; x_wconf 56' lang='grc' dir='ltr'><strong>οῗ·</strong></span> <span class='ocrx_word' id='word_1_30' title='bbox 1233 664 1258 760; x_wconf 63' lang='lat' dir='ltr'><strong>f,</strong></span> 
     </span>
     <span class='ocr_line' id='line_1_5' title="bbox 107 711 1249 836; baseline -0.001 -24"><span class='ocrx_word' id='word_1_31' title='bbox 107 746 210 812; x_wconf 87' lang='lat' dir='ltr'><strong>verbis</strong></span> <span class='ocrx_word' id='word_1_32' title='bbox 240 746 378 824; x_wconf 81' lang='lat' dir='ltr'><strong>vetabat,</strong></span> <span class='ocrx_word' id='word_1_33' title='bbox 392 783 438 801; x_wconf 86' lang='lat'><strong>-·</strong></span> <span class='ocrx_word' id='word_1_34' title='bbox 452 746 615 833; x_wconf 88' lang='lat' dir='ltr'><strong>satiusque</strong></span> <span class='ocrx_word' id='word_1_35' title='bbox 647 745 836 836; x_wconf 70' lang='lat' dir='ltr'><strong>Pelasgicon</strong></span> <span class='ocrx_word' id='word_1_36' title='bbox 868 745 954 812; x_wconf 84' lang='lat' dir='ltr'><strong>haud</strong></span> <span class='ocrx_word' id='word_1_37' title='bbox 996 747 1145 814; x_wconf 85' lang='lat' dir='ltr'><strong>habitari.</strong></span> <span class='ocrx_word' id='word_1_38' title='bbox 1170 711 1249 824; x_wconf 54' lang='lat' dir='ltr'><strong>sint.</strong></span> 
     </span>
     <span class='ocr_line' id='line_1_6' title="bbox 106 827 1250 917; baseline 0.002 -21"><span class='ocrx_word' id='word_1_39' title='bbox 106 833 326 898; x_wconf 71' lang='lat' dir='ltr'><strong>Veruntamen</strong></span> <span class='ocrx_word' id='word_1_40' title='bbox 349 833 392 898; x_wconf 92' lang='lat' dir='ltr'><strong>ob</strong></span> <span class='ocrx_word' id='word_1_41' title='bbox 413 832 613 917; x_wconf 80' lang='lat' dir='ltr'><strong>repentinam</strong></span> <span class='ocrx_word' id='word_1_42' title='bbox 635 835 850 898; x_wconf 85' lang='lat' dir='ltr'><strong>necessitatem</strong></span> <span class='ocrx_word' id='word_1_43' title='bbox 874 832 1050 898; x_wconf 85' lang='lat' dir='ltr'><strong>habitatum</strong></span> <span class='ocrx_word' id='word_1_44' title='bbox 1076 833 1146 899; x_wconf 83' lang='lat' dir='ltr'><strong>fuit.</strong></span> <span class='ocrx_word' id='word_1_45' title='bbox 1172 829 1203 876; x_wconf 77' lang='lat' dir='ltr'><strong>U·</strong></span> <span class='ocrx_word' id='word_1_46' title='bbox 1223 827 1250 878; x_wconf 59' lang='grc' dir='ltr'><strong>θ’</strong></span> 
     </span>
     <span class='ocr_line' id='line_1_7' title="bbox 108 895 1246 1021; baseline 0.002 -37"><span class='ocrx_word' id='word_1_47' title='bbox 108 918 152 984; x_wconf 85' lang='lat' dir='ltr'><strong>Et</strong></span> <span class='ocrx_word' id='word_1_48' title='bbox 175 918 344 984; x_wconf 89' lang='lat' dir='ltr'><strong>oraculum</strong></span> <span class='ocrx_word' id='word_1_49' title='bbox 366 918 448 985; x_wconf 93' lang='lat' dir='ltr'><strong>illud</strong></span> <span class='ocrx_word' id='word_1_50' title='bbox 477 917 556 982; x_wconf 86' lang='lat' dir='ltr'><strong>mihi</strong></span> <span class='ocrx_word' id='word_1_51' title='bbox 576 917 703 986; x_wconf 79' lang='lat' dir='ltr'><strong>videtur</strong></span> <span class='ocrx_word' id='word_1_52' title='bbox 726 917 877 984; x_wconf 87' lang='lat' dir='ltr'><strong>cecidisse</strong></span> <span class='ocrx_word' id='word_1_53' title='bbox 897 932 1020 1000; x_wconf 82' lang='lat' dir='ltr'><strong>contre,</strong></span> <span class='ocrx_word' id='word_1_54' title='bbox 1050 943 1146 1007; x_wconf 84' lang='lat' dir='ltr'><strong>quam</strong></span> <span class='ocrx_word' id='word_1_55' title='bbox 1175 895 1246 1021; x_wconf 48' lang='grc' dir='ltr'><strong>’ἐξ</strong></span> 
     </span>
     <span class='ocr_line' id='line_1_8' title="bbox 106 1005 1147 1092; baseline 0 -20"><span class='ocrx_word' id='word_1_56' title='bbox 106 1007 311 1072; x_wconf 67' lang='lat' dir='ltr'><strong>dmentem</strong></span> <span class='ocrx_word' id='word_1_57' title='bbox 337 1006 579 1092; x_wconf 80' lang='lat' dir='ltr'><strong>exspectabant.</strong></span> <span class='ocrx_word' id='word_1_58' title='bbox 635 1005 711 1072; x_wconf 90' lang='lat' dir='ltr'><strong>Non</strong></span> <span class='ocrx_word' id='word_1_59' title='bbox 741 1006 826 1070; x_wconf 85' lang='lat' dir='ltr'><strong>enim</strong></span> <span class='ocrx_word' id='word_1_60' title='bbox 856 1018 988 1092; x_wconf 85' lang='lat' dir='ltr'><strong>propter</strong></span> <span class='ocrx_word' id='word_1_61' title='bbox 1016 1008 1059 1071; x_wconf 90' lang='lat' dir='ltr'><strong>im</strong></span> <span class='ocrx_word' id='word_1_62' title='bbox 1084 1008 1147 1072; x_wconf 87' lang='lat' dir='ltr'><strong>iam</strong></span> 
     </span>
     <span class='ocr_line' id='line_1_9' title="bbox 106 1091 1147 1178; baseline 0.004 -22"><span class='ocrx_word' id='word_1_63' title='bbox 106 1091 350 1172; x_wconf 73' lang='lat' dir='ltr'><strong>habitationem,</strong></span> <span class='ocrx_word' id='word_1_64' title='bbox 373 1091 568 1158; x_wconf 80' lang='lat' dir='ltr'><strong>calamitates</strong></span> <span class='ocrx_word' id='word_1_65' title='bbox 591 1091 792 1178; x_wconf 78' lang='lat' dir='ltr'><strong>Reipublicoe</strong></span> <span class='ocrx_word' id='word_1_66' title='bbox 814 1093 958 1158; x_wconf 72' lang='lat' dir='ltr'><strong>videnter</strong></span> <span class='ocrx_word' id='word_1_67' title='bbox 979 1095 1045 1160; x_wconf 86' lang='lat' dir='ltr'><strong>occi</strong></span> <span class='ocrx_word' id='word_1_68' title='bbox 1071 1095 1147 1171; x_wconf 83' lang='lat' dir='ltr'><strong>isse3</strong></span> 
     </span>
     <span class='ocr_line' id='line_1_10' title="bbox 108 1176 1150 1265; baseline 0.002 -21"><span class='ocrx_word' id='word_1_69' title='bbox 108 1179 165 1244; x_wconf 88' lang='lat' dir='ltr'><strong>sed</strong></span> <span class='ocrx_word' id='word_1_70' title='bbox 185 1191 319 1265; x_wconf 87' lang='lat' dir='ltr'><strong>propter</strong></span> <span class='ocrx_word' id='word_1_71' title='bbox 340 1178 471 1257; x_wconf 86' lang='lat' dir='ltr'><strong>bellum,</strong></span> <span class='ocrx_word' id='word_1_72' title='bbox 485 1178 555 1263; x_wconf 84' lang='lat' dir='ltr'><strong>ipss</strong></span> <span class='ocrx_word' id='word_1_73' title='bbox 575 1176 774 1244; x_wconf 83' lang='lat' dir='ltr'><strong>inhabitandi</strong></span> <span class='ocrx_word' id='word_1_74' title='bbox 798 1179 977 1248; x_wconf 85' lang='lat' dir='ltr'><strong>necessitas.</strong></span> <span class='ocrx_word' id='word_1_75' title='bbox 1023 1179 1150 1246; x_wconf 87' lang='lat' dir='ltr'><strong>Oracu-</strong></span> 
     </span>
     <span class='ocr_line' id='line_1_11' title="bbox 107 1263 1149 1352; baseline 0.004 -23"><span class='ocrx_word' id='word_1_76' title='bbox 107 1265 176 1330; x_wconf 90' lang='lat' dir='ltr'><strong>lum</strong></span> <span class='ocrx_word' id='word_1_77' title='bbox 190 1279 308 1342; x_wconf 88' lang='lat' dir='ltr'><strong>autem,</strong></span> <span class='ocrx_word' id='word_1_78' title='bbox 324 1265 468 1352; x_wconf 84' lang='lat' dir='ltr'><strong>quamvis</strong></span> <span class='ocrx_word' id='word_1_79' title='bbox 482 1264 545 1329; x_wconf 93' lang='lat' dir='ltr'><strong>hoc</strong></span> <span class='ocrx_word' id='word_1_80' title='bbox 558 1265 666 1330; x_wconf 76' lang='lat' dir='ltr'><strong>dellm</strong></span> <span class='ocrx_word' id='word_1_81' title='bbox 680 1263 870 1330; x_wconf 77' lang='lat' dir='ltr'><strong>nominatim</strong></span> <span class='ocrx_word' id='word_1_82' title='bbox 890 1287 955 1331; x_wconf 89' lang='lat' dir='ltr'><strong>non</strong></span> <span class='ocrx_word' id='word_1_83' title='bbox 972 1267 1149 1346; x_wconf 69' lang='lat' dir='ltr'><strong>indicasset,</strong></span> 
     </span>
     <span class='ocr_line' id='line_1_12' title="bbox 105 1349 1151 1440; baseline 0.001 -23"><span class='ocrx_word' id='word_1_84' title='bbox 105 1363 211 1417; x_wconf 76' lang='lat' dir='ltr'><strong>tomen</strong></span> <span class='ocrx_word' id='word_1_85' title='bbox 231 1352 424 1436; x_wconf 80' lang='lat' dir='ltr'><strong>praeviderat</strong></span> <span class='ocrx_word' id='word_1_86' title='bbox 444 1352 550 1436; x_wconf 85' lang='lat' dir='ltr'><strong>ipsum</strong></span> <span class='ocrx_word' id='word_1_87' title='bbox 574 1354 716 1435; x_wconf 79' lang='lat' dir='ltr'><strong>ternpltcn</strong></span> <span class='ocrx_word' id='word_1_88' title='bbox 738 1349 824 1416; x_wconf 88' lang='lat' dir='ltr'><strong>haud</strong></span> <span class='ocrx_word' id='word_1_89' title='bbox 846 1350 949 1417; x_wconf 84' lang='lat' dir='ltr'><strong>fauste</strong></span> <span class='ocrx_word' id='word_1_90' title='bbox 977 1352 1151 1440; x_wconf 88' lang='lat' dir='ltr'><strong>aliquando</strong></span> 
     </span>
     <span class='ocr_line' id='line_1_13' title="bbox 108 1436 1157 1524; baseline 0.002 -22"><span class='ocrx_word' id='word_1_91' title='bbox 108 1437 287 1504; x_wconf 86' lang='lat' dir='ltr'><strong>habitatum</strong></span> <span class='ocrx_word' id='word_1_92' title='bbox 301 1438 353 1504; x_wconf 90' lang='lat' dir='ltr'><strong>iri.</strong></span> <span class='ocrx_word' id='word_1_93' title='bbox 398 1436 499 1502; x_wconf 91' lang='lat' dir='ltr'><strong>Multi</strong></span> <span class='ocrx_word' id='word_1_94' title='bbox 512 1438 609 1503; x_wconf 88' lang='lat' dir='ltr'><strong>etiem</strong></span> <span class='ocrx_word' id='word_1_95' title='bbox 625 1437 659 1502; x_wconf 91' lang='lat' dir='ltr'><strong>in</strong></span> <span class='ocrx_word' id='word_1_96' title='bbox 673 1437 751 1524; x_wconf 86' lang='lat' dir='ltr'><strong>ipsis</strong></span> <span class='ocrx_word' id='word_1_97' title='bbox 762 1459 926 1504; x_wconf 91' lang='lat' dir='ltr'><strong>murorutn</strong></span> <span class='ocrx_word' id='word_1_98' title='bbox 939 1441 1081 1505; x_wconf 85' lang='lat' dir='ltr'><strong>turribus</strong></span> <span class='ocrx_word' id='word_1_99' title='bbox 1091 1440 1157 1505; x_wconf 59' lang='lat' dir='ltr'><strong>dom</strong></span> 
     </span>
     <span class='ocr_line' id='line_1_14' title="bbox 108 1523 1152 1612; baseline 0.002 -22"><span class='ocrx_word' id='word_1_100' title='bbox 108 1524 229 1592; x_wconf 85' lang='lat' dir='ltr'><strong>micilia</strong></span> <span class='ocrx_word' id='word_1_101' title='bbox 241 1523 303 1590; x_wconf 92' lang='lat' dir='ltr'><strong>sihi</strong></span> <span class='ocrx_word' id='word_1_102' title='bbox 321 1537 488 1610; x_wconf 83' lang='lat' dir='ltr'><strong>parerent,</strong></span> <span class='ocrx_word' id='word_1_103' title='bbox 504 1523 642 1610; x_wconf 90' lang='lat' dir='ltr'><strong>denique</strong></span> <span class='ocrx_word' id='word_1_104' title='bbox 655 1537 752 1608; x_wconf 84' lang='lat' dir='ltr'><strong>prout</strong></span> <span class='ocrx_word' id='word_1_105' title='bbox 775 1525 910 1612; x_wconf 86' lang='lat' dir='ltr'><strong>quisque</strong></span> <span class='ocrx_word' id='word_1_106' title='bbox 924 1541 1068 1611; x_wconf 84' lang='lat' dir='ltr'><strong>poterst;</strong></span> <span class='ocrx_word' id='word_1_107' title='bbox 1092 1549 1152 1592; x_wconf 85' lang='lat' dir='ltr'><strong>nec</strong></span> 
     </span>
     <span class='ocr_line' id='line_1_15' title="bbox 109 1610 1151 1698; baseline 0.001 -20"><span class='ocrx_word' id='word_1_108' title='bbox 109 1611 290 1678; x_wconf 80' lang='lat' dir='ltr'><strong>enimurbe</strong></span> <span class='ocrx_word' id='word_1_109' title='bbox 309 1632 431 1688; x_wconf 90' lang='lat' dir='ltr'><strong>omnes,</strong></span> <span class='ocrx_word' id='word_1_110' title='bbox 447 1610 503 1696; x_wconf 90' lang='lat' dir='ltr'><strong>qui</strong></span> <span class='ocrx_word' id='word_1_111' title='bbox 523 1633 563 1676; x_wconf 89' lang='lat' dir='ltr'><strong>eo</strong></span> <span class='ocrx_word' id='word_1_112' title='bbox 583 1627 811 1692; x_wconf 76' lang='lat' dir='ltr'><strong>convenerant,</strong></span> <span class='ocrx_word' id='word_1_113' title='bbox 826 1633 940 1697; x_wconf 89' lang='lat' dir='ltr'><strong>capere</strong></span> <span class='ocrx_word' id='word_1_114' title='bbox 955 1615 1073 1698; x_wconf 81' lang='lat' dir='ltr'><strong>potuit:</strong></span> <span class='ocrx_word' id='word_1_115' title='bbox 1096 1613 1151 1679; x_wconf 89' lang='lat' dir='ltr'><strong>sed</strong></span> 
     </span>
     <span class='ocr_line' id='line_1_16' title="bbox 109 1696 1153 1802; baseline 0.004 -41"><span class='ocrx_word' id='word_1_116' title='bbox 109 1711 223 1783; x_wconf 88' lang='lat' dir='ltr'><strong>postea</strong></span> <span class='ocrx_word' id='word_1_117' title='bbox 234 1697 348 1802; x_wconf 68' lang='lat' dir='ltr'><strong>longos</strong></span> <span class='ocrx_word' id='word_1_118' title='bbox 361 1717 472 1762; x_wconf 87' lang='lat' dir='ltr'><strong>muros</strong></span> <span class='ocrx_word' id='word_1_119' title='bbox 486 1696 698 1775; x_wconf 81' lang='lat' dir='ltr'><strong>incoluerunt,</strong></span> <span class='ocrx_word' id='word_1_120' title='bbox 714 1719 768 1762; x_wconf 88' lang='lat' dir='ltr'><strong>eos</strong></span> <span class='ocrx_word' id='word_1_121' title='bbox 783 1698 867 1764; x_wconf 83' lang='lat' dir='ltr'><strong>inter</strong></span> <span class='ocrx_word' id='word_1_122' title='bbox 882 1721 916 1764; x_wconf 89' lang='lat' dir='ltr'><strong>se</strong></span> <span class='ocrx_word' id='word_1_123' title='bbox 929 1701 1051 1784; x_wconf 85' lang='lat' dir='ltr'><strong>partiti,</strong></span> <span class='ocrx_word' id='word_1_124' title='bbox 1063 1723 1153 1787; x_wconf 81' lang='lat' dir='ltr'><strong>mag-</strong></span> 
     </span>
     <span class='ocr_line' id='line_1_17' title="bbox 110 1782 1153 1870; baseline 0.003 -20"><span class='ocrx_word' id='word_1_125' title='bbox 110 1805 251 1870; x_wconf 71' lang='lat' dir='ltr'><strong>namque</strong></span> <span class='ocrx_word' id='word_1_126' title='bbox 267 1783 382 1850; x_wconf 82' lang='lat' dir='ltr'><strong>Pttoeei</strong></span> <span class='ocrx_word' id='word_1_127' title='bbox 390 1792 526 1868; x_wconf 80' lang='lat' dir='ltr'><strong>partem.</strong></span> <span class='ocrx_word' id='word_1_128' title='bbox 572 1782 676 1849; x_wconf 88' lang='lat' dir='ltr'><strong>Simul</strong></span> <span class='ocrx_word' id='word_1_129' title='bbox 685 1783 779 1850; x_wconf 88' lang='lat' dir='ltr'><strong>etism</strong></span> <span class='ocrx_word' id='word_1_130' title='bbox 793 1805 842 1850; x_wconf 88' lang='lat' dir='ltr'><strong>tes</strong></span> <span class='ocrx_word' id='word_1_131' title='bbox 856 1785 903 1850; x_wconf 90' lang='lat' dir='ltr'><strong>ad·</strong></span> <span class='ocrx_word' id='word_1_132' title='bbox 913 1786 1030 1852; x_wconf 86' lang='lat' dir='ltr'><strong>bellum</strong></span> <span class='ocrx_word' id='word_1_133' title='bbox 1045 1809 1153 1853; x_wconf 86' lang='lat' dir='ltr'><strong>neces·</strong></span> 
     </span>
     <span class='ocr_line' id='line_1_18' title="bbox 110 1869 1154 1960; baseline 0.003 -23"><span class='ocrx_word' id='word_1_134' title='bbox 110 1871 209 1937; x_wconf 85' lang='lat' dir='ltr'><strong>satias</strong></span> <span class='ocrx_word' id='word_1_135' title='bbox 222 1889 338 1956; x_wconf 82' lang='lat' dir='ltr'><strong>parare</strong></span> <span class='ocrx_word' id='word_1_136' title='bbox 350 1883 532 1955; x_wconf 87' lang='lat' dir='ltr'><strong>coeperunt,</strong></span> <span class='ocrx_word' id='word_1_137' title='bbox 548 1881 617 1936; x_wconf 87' lang='lat' dir='ltr'><strong>tum</strong></span> <span class='ocrx_word' id='word_1_138' title='bbox 632 1869 791 1934; x_wconf 84' lang='lat' dir='ltr'><strong>sociorum</strong></span> <span class='ocrx_word' id='word_1_139' title='bbox 807 1870 927 1936; x_wconf 84' lang='lat' dir='ltr'><strong>auxilia</strong></span> <span class='ocrx_word' id='word_1_140' title='bbox 944 1887 1105 1960; x_wconf 83' lang='lat' dir='ltr'><strong>cogentes,</strong></span> <span class='ocrx_word' id='word_1_141' title='bbox 1121 1887 1154 1940; x_wconf 86' lang='lat' dir='ltr'><strong>et</strong></span> 
     </span>
     <span class='ocr_line' id='line_1_19' title="bbox 110 1956 1154 2044; baseline 0.003 -22"><span class='ocrx_word' id='word_1_142' title='bbox 110 1959 305 2024; x_wconf 71' lang='lat' dir='ltr'><strong>instruentes</strong></span> <span class='ocrx_word' id='word_1_143' title='bbox 319 1969 448 2022; x_wconf 89' lang='lat' dir='ltr'><strong>centum</strong></span> <span class='ocrx_word' id='word_1_144' title='bbox 472 1956 603 2022; x_wconf 87' lang='lat' dir='ltr'><strong>navium</strong></span> <span class='ocrx_word' id='word_1_145' title='bbox 624 1957 768 2034; x_wconf 84' lang='lat' dir='ltr'><strong>cleseem,</strong></span> <span class='ocrx_word' id='word_1_146' title='bbox 783 1977 879 2043; x_wconf 87' lang='lat' dir='ltr'><strong>quam</strong></span> <span class='ocrx_word' id='word_1_147' title='bbox 895 1957 929 2020; x_wconf 92' lang='lat' dir='ltr'><strong>in</strong></span> <span class='ocrx_word' id='word_1_148' title='bbox 954 1957 1154 2044; x_wconf 86' lang='lat' dir='ltr'><strong>Peloponne-</strong></span> 
     </span>
     <span class='ocr_line' id='line_1_20' title="bbox 109 2041 1154 2132; baseline 0.002 -22"><span class='ocrx_word' id='word_1_149' title='bbox 109 2065 180 2110; x_wconf 86' lang='lat' dir='ltr'><strong>anm</strong></span> <span class='ocrx_word' id='word_1_150' title='bbox 196 2041 370 2110; x_wconf 88' lang='lat' dir='ltr'><strong>mitterent.</strong></span> <span class='ocrx_word' id='word_1_151' title='bbox 413 2044 463 2108; x_wconf 88' lang='lat' dir='ltr'><strong>Ac</strong></span> <span class='ocrx_word' id='word_1_152' title='bbox 484 2041 697 2108; x_wconf 80' lang='lat' dir='ltr'><strong>Athenienses</strong></span> <span class='ocrx_word' id='word_1_153' title='bbox 717 2042 847 2129; x_wconf 85' lang='lat' dir='ltr'><strong>quidem</strong></span> <span class='ocrx_word' id='word_1_154' title='bbox 863 2045 895 2108; x_wconf 89' lang='lat' dir='ltr'><strong>in</strong></span> <span class='ocrx_word' id='word_1_155' title='bbox 919 2041 983 2108; x_wconf 92' lang='lat' dir='ltr'><strong>hoc</strong></span> <span class='ocrx_word' id='word_1_156' title='bbox 996 2059 1154 2132; x_wconf 86' lang='lat' dir='ltr'><strong>apparatu</strong></span> 
     </span>
     <span class='ocr_line' id='line_1_21' title="bbox 110 2131 375 2216; baseline -0.008 -20"><span class='ocrx_word' id='word_1_157' title='bbox 110 2143 203 2196; x_wconf 73' lang='lat' dir='ltr'><strong>mant</strong></span> <span class='ocrx_word' id='word_1_158' title='bbox 216 2131 375 2216; x_wconf 87' lang='lat' dir='ltr'><strong>occupati.</strong></span> 
     </span>
     <span class='ocr_line' id='line_1_22' title="bbox 157 2217 1156 2308; baseline 0.001 -24"><span class='ocrx_word' id='word_1_159' title='bbox 157 2225 210 2284; x_wconf 82' lang='lat' dir='ltr'><strong>ts.</strong></span> <span class='ocrx_word' id='word_1_160' title='bbox 250 2217 567 2286; x_wconf 81' lang='lat' dir='ltr'><strong>Lscedtemoniorum</strong></span> <span class='ocrx_word' id='word_1_161' title='bbox 597 2239 673 2283; x_wconf 84' lang='lat' dir='ltr'><strong>vero</strong></span> <span class='ocrx_word' id='word_1_162' title='bbox 697 2219 859 2292; x_wconf 82' lang='lat' dir='ltr'><strong>exercitus</strong></span> <span class='ocrx_word' id='word_1_163' title='bbox 887 2239 1082 2308; x_wconf 79' lang='lat' dir='ltr'><strong>progressus,</strong></span> <span class='ocrx_word' id='word_1_164' title='bbox 1111 2219 1156 2285; x_wconf 89' lang='lat' dir='ltr'><strong>od</strong></span> 
     </span>
     <span class='ocr_line' id='line_1_23' title="bbox 113 2303 1156 2410; baseline 0.003 -41"><span class='ocrx_word' id='word_1_165' title='bbox 113 2303 260 2381; x_wconf 88' lang='lat' dir='ltr'><strong>OEnoeo,</strong></span> <span class='ocrx_word' id='word_1_166' title='bbox 277 2305 395 2405; x_wconf 76' lang='lat' dir='ltr'><strong>Atticae</strong></span> <span class='ocrx_word' id='word_1_167' title='bbox 417 2308 583 2406; x_wconf 72' lang='lat' dir='ltr'><strong>conditer,</strong></span> <span class='ocrx_word' id='word_1_168' title='bbox 600 2305 909 2408; x_wconf 29' lang='lat' dir='ltr'><strong>primum-pervenit,</strong></span> <span class='ocrx_word' id='word_1_169' title='bbox 931 2328 1003 2410; x_wconf 42' lang='lat' dir='ltr'><strong>qus·</strong></span> <span class='ocrx_word' id='word_1_170' title='bbox 1017 2307 1050 2370; x_wconf 94' lang='lat' dir='ltr'><strong>in</strong></span> <span class='ocrx_word' id='word_1_171' title='bbox 1068 2308 1156 2372; x_wconf 74' lang='lat' dir='ltr'><strong>Atti-</strong></span> 
     </span>
     <span class='ocr_line' id='line_1_24' title="bbox 111 2391 1157 2565; baseline 0.002 -23"><span class='ocrx_word' id='word_1_172' title='bbox 111 2391 782 2565; x_wconf 57' lang='lat' dir='ltr'><strong>ttf‘ttt&#39;tttttfftttttffldt</strong></span> <span class='ocrx_word' id='word_1_173' title='bbox 796 2395 1157 2564; x_wconf 53' lang='lat' dir='ltr'><strong>mltis}</strong></span> 
     </span>
     <span class='ocr_line' id='line_1_25' title="bbox 112 2563 1156 2652; baseline 0.002 -24"><span class='ocrx_word' id='word_1_174' title='bbox 112 2585 181 2629; x_wconf 87' lang='lat' dir='ltr'><strong>sese</strong></span> <span class='ocrx_word' id='word_1_175' title='bbox 195 2563 361 2649; x_wconf 80' lang='lat' dir='ltr'><strong>petebant</strong></span> <span class='ocrx_word' id='word_1_176' title='bbox 408 2563 492 2629; x_wconf 81' lang='lat' dir='ltr'><strong>Nem</strong></span> <span class='ocrx_word' id='word_1_177' title='bbox 509 2564 628 2642; x_wconf 86' lang='lat' dir='ltr'><strong>OEnoe,</strong></span> <span class='ocrx_word' id='word_1_178' title='bbox 644 2585 717 2652; x_wconf 85' lang='lat' dir='ltr'><strong>qtsse</strong></span> <span class='ocrx_word' id='word_1_179' title='bbox 732 2565 827 2630; x_wconf 90' lang='lat' dir='ltr'><strong>estin</strong></span> <span class='ocrx_word' id='word_1_180' title='bbox 844 2566 1003 2631; x_wconf 81' lang='lat' dir='ltr'><strong>Atticaeet</strong></span> <span class='ocrx_word' id='word_1_181' title='bbox 1101 2565 1156 2630; x_wconf 81' lang='lat' dir='ltr'><strong>tiae</strong></span> 
     </span>
     <span class='ocr_line' id='line_1_26' title="bbox 112 2649 1157 2740; baseline 0.001 -24"><span class='ocrx_word' id='word_1_182' title='bbox 112 2650 241 2728; x_wconf 81' lang='lat' dir='ltr'><strong>finibus,</strong></span> <span class='ocrx_word' id='word_1_183' title='bbox 256 2652 357 2716; x_wconf 89' lang='lat' dir='ltr'><strong>muris</strong></span> <span class='ocrx_word' id='word_1_184' title='bbox 371 2661 440 2716; x_wconf 90' lang='lat' dir='ltr'><strong>erat</strong></span> <span class='ocrx_word' id='word_1_185' title='bbox 461 2651 586 2727; x_wconf 86' lang='lat' dir='ltr'><strong>cincta;</strong></span> <span class='ocrx_word' id='word_1_186' title='bbox 609 2663 642 2716; x_wconf 86' lang='lat' dir='ltr'><strong>et</strong></span> <span class='ocrx_word' id='word_1_187' title='bbox 664 2649 873 2718; x_wconf 80' lang='lat' dir='ltr'><strong>Athenienses</strong></span> <span class='ocrx_word' id='word_1_188' title='bbox 895 2651 957 2716; x_wconf 91' lang='lat' dir='ltr'><strong>hoc</strong></span> <span class='ocrx_word' id='word_1_189' title='bbox 971 2673 1157 2740; x_wconf 84' lang='lat' dir='ltr'><strong>propugna-</strong></span> 
     </span>
     <span class='ocr_line' id='line_1_27' title="bbox 113 2735 1158 2826; baseline 0.002 -24"><span class='ocrx_word' id='word_1_190' title='bbox 113 2737 188 2802; x_wconf 90' lang='lat' dir='ltr'><strong>culo</strong></span> <span class='ocrx_word' id='word_1_191' title='bbox 214 2736 399 2815; x_wconf 87' lang='lat' dir='ltr'><strong>utebantur,</strong></span> <span class='ocrx_word' id='word_1_192' title='bbox 415 2738 539 2822; x_wconf 87' lang='lat' dir='ltr'><strong>quoties</strong></span> <span class='ocrx_word' id='word_1_193' title='bbox 563 2735 683 2804; x_wconf 89' lang='lat' dir='ltr'><strong>bellum</strong></span> <span class='ocrx_word' id='word_1_194' title='bbox 710 2740 882 2824; x_wconf 77' lang='lat' dir='ltr'><strong>ingrueret</strong></span> <span class='ocrx_word' id='word_1_195' title='bbox 928 2737 1069 2826; x_wconf 87' lang='lat' dir='ltr'><strong>Hujusi</strong></span> <span class='ocrx_word' id='word_1_196' title='bbox 1104 2752 1158 2805; x_wconf 85' lang='lat' dir='ltr'><strong>tus</strong></span> 
     </span>
     <span class='ocr_line' id='line_1_28' title="bbox 113 2823 1157 2912; baseline 0.003 -24"><span class='ocrx_word' id='word_1_197' title='bbox 113 2823 387 2911; x_wconf 79' lang='lat' dir='ltr'><strong>oppugnationem</strong></span> <span class='ocrx_word' id='word_1_198' title='bbox 410 2823 587 2908; x_wconf 79' lang='lat' dir='ltr'><strong>parabantt</strong></span> <span class='ocrx_word' id='word_1_199' title='bbox 610 2823 665 2888; x_wconf 86' lang='lat' dir='ltr'><strong>sed</strong></span> <span class='ocrx_word' id='word_1_200' title='bbox 691 2823 736 2888; x_wconf 89' lang='lat' dir='ltr'><strong>ihi</strong></span> <span class='ocrx_word' id='word_1_201' title='bbox 766 2824 887 2890; x_wconf 88' lang='lat' dir='ltr'><strong>circum</strong></span> <span class='ocrx_word' id='word_1_202' title='bbox 909 2825 1010 2912; x_wconf 89' lang='lat' dir='ltr'><strong>ipsam</strong></span> <span class='ocrx_word' id='word_1_203' title='bbox 1079 2847 1157 2891; x_wconf 73' lang='grc' dir='ltr'><strong>ηοω</strong></span> 
     </span>
     <span class='ocr_line' id='line_1_29' title="bbox 115 2908 1157 3012; baseline 0 -36"><span class='ocrx_word' id='word_1_204' title='bbox 115 2923 241 2997; x_wconf 86' lang='lat' dir='ltr'><strong>tempus</strong></span> <span class='ocrx_word' id='word_1_205' title='bbox 262 2908 382 2976; x_wconf 78' lang='lat' dir='ltr'><strong>frustra</strong></span> <span class='ocrx_word' id='word_1_206' title='bbox 409 2911 575 2976; x_wconf 78' lang='lat' dir='ltr'><strong>triverunt.</strong></span> <span class='ocrx_word' id='word_1_207' title='bbox 622 2909 664 2975; x_wconf 89' lang='lat' dir='ltr'><strong>Et</strong></span> <span class='ocrx_word' id='word_1_208' title='bbox 686 2909 903 2977; x_wconf 80' lang='lat' dir='ltr'><strong>Archidemus</strong></span> <span class='ocrx_word' id='word_1_209' title='bbox 930 2926 1102 3012; x_wconf 86' lang='lat' dir='ltr'><strong>propterea</strong></span> <span class='ocrx_word' id='word_1_210' title='bbox 1123 2913 1157 2976; x_wconf 91' lang='lat' dir='ltr'><strong>in</strong></span> 
     </span>
     <span class='ocr_line' id='line_1_30' title="bbox 114 2995 1158 3083; baseline 0 -21"><span class='ocrx_word' id='word_1_211' title='bbox 114 2997 290 3062; x_wconf 87' lang='lat' dir='ltr'><strong>maximam</strong></span> <span class='ocrx_word' id='word_1_212' title='bbox 305 2997 518 3082; x_wconf 85' lang='lat' dir='ltr'><strong>suspicionem</strong></span> <span class='ocrx_word' id='word_1_213' title='bbox 534 2996 658 3073; x_wconf 84' lang='lat' dir='ltr'><strong>incidit,</strong></span> <span class='ocrx_word' id='word_1_214' title='bbox 674 2995 761 3083; x_wconf 91' lang='lat' dir='ltr'><strong>quod</strong></span> <span class='ocrx_word' id='word_1_215' title='bbox 776 2997 826 3062; x_wconf 88' lang='lat' dir='ltr'><strong>vel</strong></span> <span class='ocrx_word' id='word_1_216' title='bbox 840 2997 873 3062; x_wconf 90' lang='lat' dir='ltr'><strong>in</strong></span> <span class='ocrx_word' id='word_1_217' title='bbox 885 2998 964 3082; x_wconf 82' lang='lat' dir='ltr'><strong>ipsse</strong></span> <span class='ocrx_word' id='word_1_218' title='bbox 977 2999 1101 3064; x_wconf 83' lang='lat' dir='ltr'><strong>auxiliis</strong></span> <span class='ocrx_word' id='word_1_219' title='bbox 1115 2997 1158 3065; x_wconf 88' lang='lat' dir='ltr'><strong>ed</strong></span> 
     </span>
     <span class='ocr_line' id='line_1_31' title="bbox 115 3081 1159 3172; baseline 0.003 -24"><span class='ocrx_word' id='word_1_220' title='bbox 115 3083 234 3150; x_wconf 90' lang='lat' dir='ltr'><strong>hellum</strong></span> <span class='ocrx_word' id='word_1_221' title='bbox 247 3083 423 3172; x_wconf 85' lang='lat' dir='ltr'><strong>gerendum</strong></span> <span class='ocrx_word' id='word_1_222' title='bbox 435 3082 604 3148; x_wconf 85' lang='lat' dir='ltr'><strong>evocandis</strong></span> <span class='ocrx_word' id='word_1_223' title='bbox 614 3081 729 3160; x_wconf 90' lang='lat' dir='ltr'><strong>lentus,</strong></span> <span class='ocrx_word' id='word_1_224' title='bbox 739 3095 772 3148; x_wconf 89' lang='lat' dir='ltr'><strong>et</strong></span> <span class='ocrx_word' id='word_1_225' title='bbox 781 3082 1024 3150; x_wconf 83' lang='lat' dir='ltr'><strong>Atheniensium</strong></span> <span class='ocrx_word' id='word_1_226' title='bbox 1037 3085 1159 3151; x_wconf 89' lang='lat' dir='ltr'><strong>studio-</strong></span> 
     </span>
     <span class='ocr_line' id='line_1_32' title="bbox 115 3167 1160 3259; baseline 0.003 -26"><span class='ocrx_word' id='word_1_227' title='bbox 115 3169 424 3247; x_wconf 82' lang='lat' dir='ltr'><strong>susessevideretur,</strong></span> <span class='ocrx_word' id='word_1_228' title='bbox 433 3171 487 3258; x_wconf 89' lang='lat' dir='ltr'><strong>qui</strong></span> <span class='ocrx_word' id='word_1_229' title='bbox 497 3169 538 3234; x_wconf 89' lang='lat' dir='ltr'><strong>ad</strong></span> <span class='ocrx_word' id='word_1_230' title='bbox 550 3167 669 3234; x_wconf 90' lang='lat' dir='ltr'><strong>bellum</strong></span> <span class='ocrx_word' id='word_1_231' title='bbox 678 3168 826 3235; x_wconf 85' lang='lat' dir='ltr'><strong>alacriter</strong></span> <span class='ocrx_word' id='word_1_232' title='bbox 836 3171 1012 3259; x_wconf 80' lang='lat' dir='ltr'><strong>gerendum</strong></span> <span class='ocrx_word' id='word_1_233' title='bbox 1024 3193 1090 3236; x_wconf 91' lang='lat' dir='ltr'><strong>non</strong></span> <span class='ocrx_word' id='word_1_234' title='bbox 1100 3171 1160 3236; x_wconf 83' lang='lat' dir='ltr'><strong>sd-</strong></span> 
     </span>
     <span class='ocr_line' id='line_1_33' title="bbox 114 3255 1159 3360; baseline 0 -38"><span class='ocrx_word' id='word_1_235' title='bbox 114 3255 311 3360; x_wconf 70' lang='lat' dir='ltr'><strong>hortaretur.</strong></span> <span class='ocrx_word' id='word_1_236' title='bbox 346 3255 399 3322; x_wconf 43' lang='lat' dir='ltr'><strong>,Et</strong></span> <span class='ocrx_word' id='word_1_237' title='bbox 422 3269 591 3359; x_wconf 72' lang='lat' dir='ltr'><strong>postquam</strong></span> <span class='ocrx_word' id='word_1_238' title='bbox 604 3277 644 3321; x_wconf 90' lang='lat' dir='ltr'><strong>co</strong></span> <span class='ocrx_word' id='word_1_239' title='bbox 666 3255 708 3321; x_wconf 76' lang='lat' dir='ltr'><strong>iae</strong></span> <span class='ocrx_word' id='word_1_240' title='bbox 722 3256 756 3319; x_wconf 92' lang='lat' dir='ltr'><strong>iu</strong></span> <span class='ocrx_word' id='word_1_241' title='bbox 771 3277 870 3322; x_wconf 90' lang='lat' dir='ltr'><strong>unum</strong></span> <span class='ocrx_word' id='word_1_242' title='bbox 886 3269 1005 3322; x_wconf 83' lang='lat' dir='ltr'><strong>coactae</strong></span> <span class='ocrx_word' id='word_1_243' title='bbox 1019 3256 1159 3337; x_wconf 84' lang='lat' dir='ltr'><strong>suerunt,</strong></span> 
     </span>
     <span class='ocr_line' id='line_1_34' title="bbox 113 3341 1165 3517; baseline 0 -21"><span class='ocrx_word' id='word_1_244' title='bbox 113 3357 596 3517; x_wconf 57' lang='lat' dir='ltr'><strong>tllnttmtttttt</strong></span> <span class='ocrx_word' id='word_1_245' title='bbox 611 3341 1165 3516; x_wconf 53' lang='lat' dir='ltr'><strong>tldllttlttthnltt</strong></span> 
     </span>
     <span class='ocr_line' id='line_1_35' title="bbox 115 3515 1160 3605; baseline 0.002 -23"><span class='ocrx_word' id='word_1_246' title='bbox 115 3517 158 3582; x_wconf 90' lang='lat' dir='ltr'><strong>ad</strong></span> <span class='ocrx_word' id='word_1_247' title='bbox 183 3515 317 3582; x_wconf 88' lang='lat' dir='ltr'><strong>OEnoen</strong></span> <span class='ocrx_word' id='word_1_248' title='bbox 342 3519 515 3594; x_wconf 87' lang='lat' dir='ltr'><strong>cunctatio,</strong></span> <span class='ocrx_word' id='word_1_249' title='bbox 536 3537 686 3605; x_wconf 54' lang='lat' dir='ltr'><strong>mquam</strong></span> <span class='ocrx_word' id='word_1_250' title='bbox 708 3516 738 3580; x_wconf 90' lang='lat' dir='ltr'><strong>ei</strong></span> <span class='ocrx_word' id='word_1_251' title='bbox 761 3517 971 3602; x_wconf 82' lang='lat' dir='ltr'><strong>suspicionem</strong></span> <span class='ocrx_word' id='word_1_252' title='bbox 999 3517 1160 3585; x_wconf 82' lang='lat' dir='ltr'><strong>conllsvit.</strong></span> 
     </span>
     <span class='ocr_line' id='line_1_36' title="bbox 114 3601 1163 3692; baseline 0 -22"><span class='ocrx_word' id='word_1_253' title='bbox 114 3601 327 3670; x_wconf 85' lang='lat' dir='ltr'><strong>Athenienses</strong></span> <span class='ocrx_word' id='word_1_254' title='bbox 349 3603 435 3668; x_wconf 86' lang='lat' dir='ltr'><strong>enim</strong></span> <span class='ocrx_word' id='word_1_255' title='bbox 461 3602 524 3670; x_wconf 92' lang='lat' dir='ltr'><strong>hoc</strong></span> <span class='ocrx_word' id='word_1_256' title='bbox 548 3602 703 3688; x_wconf 85' lang='lat' dir='ltr'><strong>temporis</strong></span> <span class='ocrx_word' id='word_1_257' title='bbox 727 3603 831 3689; x_wconf 84' lang='lat' dir='ltr'><strong>spatio</strong></span> <span class='ocrx_word' id='word_1_258' title='bbox 851 3626 901 3669; x_wconf 82' lang='lat' dir='ltr'><strong>ret</strong></span> <span class='ocrx_word' id='word_1_259' title='bbox 921 3625 993 3670; x_wconf 80' lang='lat' dir='ltr'><strong>suns</strong></span> <span class='ocrx_word' id='word_1_260' title='bbox 1014 3627 1053 3670; x_wconf 77' lang='lat' dir='ltr'><strong>ea</strong></span> <span class='ocrx_word' id='word_1_261' title='bbox 1074 3607 1163 3692; x_wconf 73' lang='lat' dir='ltr'><strong>ogeis</strong></span> 
     </span>
     <span class='ocr_line' id='line_1_37' title="bbox 115 3688 1163 3776; baseline 0.001 -21"><span class='ocrx_word' id='word_1_262' title='bbox 115 3693 151 3755; x_wconf 82' lang='lat' dir='ltr'><strong>ia</strong></span> <span class='ocrx_word' id='word_1_263' title='bbox 179 3689 282 3756; x_wconf 69' lang='lat' dir='ltr'><strong>tardes</strong></span> <span class='ocrx_word' id='word_1_264' title='bbox 309 3690 544 3776; x_wconf 86' lang='lat' dir='ltr'><strong>importarunt;</strong></span> <span class='ocrx_word' id='word_1_265' title='bbox 577 3702 611 3755; x_wconf 88' lang='lat' dir='ltr'><strong>et</strong></span> <span class='ocrx_word' id='word_1_266' title='bbox 638 3688 874 3775; x_wconf 87' lang='lat' dir='ltr'><strong>Peloponnesii,</strong></span> <span class='ocrx_word' id='word_1_267' title='bbox 898 3690 923 3754; x_wconf 89' lang='lat' dir='ltr'><strong>si</strong></span> <span class='ocrx_word' id='word_1_268' title='bbox 954 3691 1099 3757; x_wconf 89' lang='lat' dir='ltr'><strong>celeriter</strong></span> <span class='ocrx_word' id='word_1_269' title='bbox 1127 3713 1163 3756; x_wconf 83' lang='lat' dir='ltr'><strong>eo</strong></span> 
     </span>
     <span class='ocr_line' id='line_1_38' title="bbox 114 3775 1163 3864; baseline 0 -22"><span class='ocrx_word' id='word_1_270' title='bbox 114 3777 255 3854; x_wconf 71' lang='lat' dir='ltr'><strong>ivhaent,</strong></span> <span class='ocrx_word' id='word_1_271' title='bbox 277 3798 328 3842; x_wconf 86' lang='lat' dir='ltr'><strong>res</strong></span> <span class='ocrx_word' id='word_1_272' title='bbox 348 3797 470 3855; x_wconf 88' lang='lat' dir='ltr'><strong>omnes,</strong></span> <span class='ocrx_word' id='word_1_273' title='bbox 489 3798 562 3864; x_wconf 76' lang='lat' dir='ltr'><strong>quse</strong></span> <span class='ocrx_word' id='word_1_274' title='bbox 583 3789 677 3842; x_wconf 87' lang='lat' dir='ltr'><strong>extra</strong></span> <span class='ocrx_word' id='word_1_275' title='bbox 695 3777 798 3841; x_wconf 71' lang='lat' dir='ltr'><strong>when</strong></span> <span class='ocrx_word' id='word_1_276' title='bbox 818 3775 926 3842; x_wconf 88' lang='lat' dir='ltr'><strong>adhuc</strong></span> <span class='ocrx_word' id='word_1_277' title='bbox 947 3790 1047 3855; x_wconf 82' lang='lat' dir='ltr'><strong>erant,</strong></span> <span class='ocrx_word' id='word_1_278' title='bbox 1066 3799 1163 3846; x_wconf 89' lang='lat' dir='ltr'><strong>occu·</strong></span> 
     </span>
     <span class='ocr_line' id='line_1_39' title="bbox 115 3862 1164 3950; baseline 0.002 -22"><span class='ocrx_word' id='word_1_279' title='bbox 115 3885 193 3950; x_wconf 87' lang='lat' dir='ltr'><strong>pare</strong></span> <span class='ocrx_word' id='word_1_280' title='bbox 211 3863 350 3948; x_wconf 88' lang='lat' dir='ltr'><strong>potuisse</strong></span> <span class='ocrx_word' id='word_1_281' title='bbox 363 3862 571 3940; x_wconf 82' lang='lat' dir='ltr'><strong>videbantur3</strong></span> <span class='ocrx_word' id='word_1_282' title='bbox 602 3862 664 3930; x_wconf 89' lang='lat' dir='ltr'><strong>nisi</strong></span> <span class='ocrx_word' id='word_1_283' title='bbox 703 3875 812 3948; x_wconf 87' lang='lat' dir='ltr'><strong>ropter</strong></span> <span class='ocrx_word' id='word_1_284' title='bbox 829 3863 914 3929; x_wconf 89' lang='lat' dir='ltr'><strong>illius</strong></span> <span class='ocrx_word' id='word_1_285' title='bbox 929 3864 1164 3930; x_wconf 85' lang='lat' dir='ltr'><strong>cunctationem</strong></span> 
     </span>
     <span class='ocr_line' id='line_1_40' title="bbox 1 3950 1164 4039; baseline 0.001 -23"><span class='ocrx_word' id='word_1_286' title='bbox 1 3969 2 3982; x_wconf 63' lang='lat'>¹</span> <span class='ocrx_word' id='word_1_287' title='bbox 117 3951 173 4016; x_wconf 76' lang='lat' dir='ltr'><strong>toe</strong></span> <span class='ocrx_word' id='word_1_288' title='bbox 173 3951 289 4035; x_wconf 82' lang='lat' dir='ltr'><strong>faeere</strong></span> <span class='ocrx_word' id='word_1_289' title='bbox 296 3950 454 4034; x_wconf 67' lang='lat' dir='ltr'><strong>prohibiti</strong></span> <span class='ocrx_word' id='word_1_290' title='bbox 461 3952 615 4035; x_wconf 74' lang='lat' dir='ltr'><strong>Jhissettt.</strong></span> <span class='ocrx_word' id='word_1_291' title='bbox 710 3951 826 4015; x_wconf 83' lang='lat' dir='ltr'><strong>etcitus</strong></span> <span class='ocrx_word' id='word_1_292' title='bbox 840 3951 938 4039; x_wconf 80' lang='lat' dir='ltr'><strong>igitur</strong></span> <span class='ocrx_word' id='word_1_293' title='bbox 954 3950 1164 4030; x_wconf 82' lang='lat' dir='ltr'><strong>Archidamo,</strong></span> 
     </span>
     <span class='ocr_line' id='line_1_41' title="bbox 118 4035 1166 4124; baseline 0.002 -22"><span class='ocrx_word' id='word_1_294' title='bbox 118 4049 250 4123; x_wconf 84' lang='lat' dir='ltr'><strong>propter</strong></span> <span class='ocrx_word' id='word_1_295' title='bbox 262 4035 448 4124; x_wconf 86' lang='lat' dir='ltr'><strong>hujusmodi</strong></span> <span class='ocrx_word' id='word_1_296' title='bbox 461 4057 595 4114; x_wconf 86' lang='lat' dir='ltr'><strong>moram,</strong></span> <span class='ocrx_word' id='word_1_297' title='bbox 611 4035 751 4123; x_wconf 80' lang='lat' dir='ltr'><strong>graviter</strong></span> <span class='ocrx_word' id='word_1_298' title='bbox 765 4047 835 4103; x_wconf 83' lang='lat' dir='ltr'><strong>etat</strong></span> <span class='ocrx_word' id='word_1_299' title='bbox 849 4038 958 4103; x_wconf 87' lang='lat' dir='ltr'><strong>iratus.</strong></span> <span class='ocrx_word' id='word_1_300' title='bbox 1013 4037 1074 4103; x_wconf 88' lang='lat' dir='ltr'><strong>Ille</strong></span> <span class='ocrx_word' id='word_1_301' title='bbox 1088 4059 1166 4104; x_wconf 85' lang='lat' dir='ltr'><strong>vero</strong></span> 
     </span>
     <span class='ocr_line' id='line_1_42' title="bbox 122 4123 1163 4211; baseline 0 -21"><span class='ocrx_word' id='word_1_302' title='bbox 122 4127 171 4205; x_wconf 80' lang='lat' dir='ltr'><strong>(ut</strong></span> <span class='ocrx_word' id='word_1_303' title='bbox 187 4123 303 4206; x_wconf 80' lang='lat' dir='ltr'><strong>fertur)</strong></span> <span class='ocrx_word' id='word_1_304' title='bbox 320 4123 393 4192; x_wconf 91' lang='lat' dir='ltr'><strong>ideo</strong></span> <span class='ocrx_word' id='word_1_305' title='bbox 412 4145 446 4190; x_wconf 89' lang='lat' dir='ltr'><strong>sa</strong></span> <span class='ocrx_word' id='word_1_306' title='bbox 462 4123 665 4208; x_wconf 81' lang='lat' dir='ltr'><strong>reprimebat,</strong></span> <span class='ocrx_word' id='word_1_307' title='bbox 681 4123 768 4211; x_wconf 91' lang='lat' dir='ltr'><strong>quod</strong></span> <span class='ocrx_word' id='word_1_308' title='bbox 786 4137 928 4211; x_wconf 87' lang='lat' dir='ltr'><strong>speraret</strong></span> <span class='ocrx_word' id='word_1_309' title='bbox 944 4123 1163 4201; x_wconf 86' lang='lat' dir='ltr'><strong>Athenienses,</strong></span> 
     </span>
     <span class='ocr_line' id='line_1_43' title="bbox 120 4209 1164 4300; baseline -0.003 -22"><span class='ocrx_word' id='word_1_310' title='bbox 120 4231 198 4300; x_wconf 71' lang='lat' dir='ltr'><strong>egro</strong></span> <span class='ocrx_word' id='word_1_311' title='bbox 219 4209 325 4278; x_wconf 75' lang='lat' dir='ltr'><strong>adhuc</strong></span> <span class='ocrx_word' id='word_1_312' title='bbox 346 4213 480 4294; x_wconf 82' lang='lat' dir='ltr'><strong>intacto,</strong></span> <span class='ocrx_word' id='word_1_313' title='bbox 493 4209 614 4298; x_wconf 84' lang='lat' dir='ltr'><strong>aliquid</strong></span> <span class='ocrx_word' id='word_1_314' title='bbox 634 4212 672 4274; x_wconf 87' lang='lat' dir='ltr'><strong>de</strong></span> <span class='ocrx_word' id='word_1_315' title='bbox 691 4233 749 4276; x_wconf 79' lang='lat' dir='ltr'><strong>suo</strong></span> <span class='ocrx_word' id='word_1_316' title='bbox 765 4211 947 4298; x_wconf 81' lang='lat' dir='ltr'><strong>pertinacia</strong></span> <span class='ocrx_word' id='word_1_317' title='bbox 969 4210 1164 4289; x_wconf 86' lang='lat' dir='ltr'><strong>remissutos,</strong></span> 
     </span>
     <span class='ocr_line' id='line_1_44' title="bbox 610 4303 668 4360; baseline 0.017 -1"><span class='ocrx_word' id='word_1_318' title='bbox 610 4303 668 4360; x_wconf 70' lang='lat' dir='ltr'><strong>sd</strong></span> 
     </span>
    </p>
   </div>
   <div class='ocr_carea' id='block_1_3' title="bbox 0 0 1517 4792">
    <p class='ocr_par' dir='ltr' id='par_1_3' title="bbox 0 0 1517 4792">
     <span class='ocr_line' id='line_1_45' title="bbox 0 0 1517 4792; baseline 0 0"><span class='ocrx_word' id='word_1_319' title='bbox 0 0 1517 4792; x_wconf 95' lang='lat' dir='ltr'><strong> </strong></span> 
     </span>
    </p>
   </div>
  </div>
 </body>
</html>
