2964 4786
465 271 712 344 HISTORIIS
735 275 822 344 LlB.
844 275 904 344 Vl.
1139 285 1201 346 89⁵

161 459 167 466 '
210 453 264 512 98.
287 449 392 536 Atque
406 447 586 515 Alcibiades
601 449 729 536 quidem
746 449 817 516 baec
830 450 921 516 dixit.
966 448 1203 516 Lacedaemonii
1237 461 1300 512 sen

162 553 250 612 vero,
265 555 338 598 cum
353 548 385 599 11
404 534 464 620 ipsi
481 535 549 622 jam
565 549 639 602 ante
659 537 778 602 bellurn
791 536 926 602 Athenis
946 535 1061 602 inlerre
1082 537 1202 627 cogita-
1221 526 1313 639 ξῇῗῗ

162 631 246 697 1111,
262 620 457 686 ι1111111111
479 635 715 701 cunctarentur,
730 637 762 687 et
780 624 976 688 occasionem
991 626 1201 701 observarent,
1216 656 1315 718 mm„

1 677 6 760 s
117 762 120 766 .
161 714 236 768 mac
249 705 351 770 multo
367 708 467 795 magis
480 708 660 773 confirmati
675 720 759 787 sunt,
775 722 944 810 postquam
965 710 1033 794 ipse
1054 708 1125 775 lraec
1139 710 1203 774 ain·
1227 719 1266 767 ⁹1·
1278 720 1306 769 ¹·

155 791 242 878 gula
255 791 375 870 docuit,
391 793 478 879 quod
500 794 727 872 existimarent,
744 817 777 858 se
791 794 917 860 andraee
933 795 1044 874 abeo,
1060 797 1115 882 qui
1134 795 1203 881 pla·
1230 783 1260 895 11·
1274 785 1303 834 ⁰·

159 877 289 942 nissime
304 891 419 943 nosset.
464 879 683 956 Quamobrem
705 882 1144 966 animumjamappnlernnt
1162 881 1204 946 ad
1237 861 1304 962 gig

163 963 371 1029 muniendam
387 965 568 1044 Deceleam,
584 977 617 1031 et
631 966 673 1031 ad
691 967 733 1031 ali
756 966 820 1031 uod
842 966 994 1031 auxilium
1012 967 1127 1032 Siculis
1141 979 1204 1032 sta-

162 1049 222 1113 tim
234 1050 434 1116 mittendum.
471 1051 554 1116 Cum
566 1063 671 1117 antem
684 989 872 1139 Gyllppum‚
884 1052 1203 1136 Cleandridrafilium,

162 1136 371 1222 Syracusanis
393 1137 506 1202 ducem
529 1138 751 1226 assignassent,
762 1141 924 1225 jusserunt
946 1159 1011 1202 eum
1033 1159 1105 1202 cum
1128 1139 1204 1224 ipsis

160 1235 195 1286 et
211 1221 386 1288 Corinthiis
400 1224 589 1301 consultare,
604 1245 797 1310 operamque
811 1224 898 1301 dare,
915 1237 950 1289 nt
971 1245 1031 1308 pro
1052 1225 1203 1308 praeaenti

158 1323 268 1372 rerum
283 1308 433 1374 facultate
448 1311 625 1380 maximum
643 1309 771 1396 aliquod
795 1309 948 1375 auxilium
966 1311 1090 1388 Siculis,
1108 1309 1204 1394 idque

158 1395 267 1494 primo
291 1417 419 1483 qnoque
438 1408 591 1481 ternpore,
614 1397 801 1460 mitteretur.
847 1394 1004 1460 11111111
1027 1395 1216 1464 Corinthiis,

159 1483 340 1564 smperavit,
358 1495 393 1545 nt
415 1493 493 1548 tunc
508 1481 635 1568 quidem
658 1481 736 1546 duas
757 1503 853 1547 naves
870 1482 989 1546 Asinen
1013 1483 1052 1546 ad
1075 1504 1107 1546 se
1126 1482 1203 1548 mit-

158 1577 276 1646 terent,
291 1566 427 1654 reliquaa
442 1587 516 1631 vero
539 1579 764 1654 praepararent,
781 1589 985 1654 quascunque
1007 1567 1132 1634 mittere
1145 1567 1203 1632 de·

158 1651 339 1731 stinassent,
350 1667 459 1740 utque,
471 1675 570 1740 quum
585 1655 710 1740 tempus
721 1652 852 1732 adesset,
868 1653 907 1718 ad
922 1653 1139 1741 navigmdnm
1154 1677 1202 1718 es⁴

160 1752 235 1804 sent
249 1752 379 1824 paratas.
425 1739 490 1805 His
504 1751 611 1804 autem
626 1740 816 1816 constitutis,
834 1739 1070 1804 Lacedaemone
1088 1739 1203 1805 dines

158 1837 280 1890 serunt.
326 1825 569 1890 Atheniensium
590 1825 684 1890 etiam
707 1825 855 1902 triremis,
870 1847 966 1912 quam
982 1825 1079 1890 duces
1094 1827 1132 1890 ad
1147 1845 1204 1910 pe·

158 1912 274 1976 eunias
289 1923 322 1975 et
343 1913 464 2000 equites
486 1913 679 1976 adducendos
699 1911 864 1992 miserant,
879 1911 1020 1976 Athenas
1039 1933 1079 1976 ex
1096 1911 1204 1977 Sicilia

156 1997 318 2082 pervenit.
365 1995 574 2062 Athenienses
588 2019 674 2074 vero,
690 2018 763 2061 cum
782 1999 942 2080 postulata
955 2017 1075 2062 1111111111
1096 2000 1203 2061 ducem

158 2083 335 2162 audissent,
362 2100 394 2148 et
417 2094 630 2149 commeatum
652 2094 686 2147 et
706 2083 879 2169 equitatum
897 2082 1056 2147 *exercitui
1078 2084 1204 2148 mittere

157 2167 380 2236 decreverunt.
424 2173 531 2257 Atque
545 2168 616 2233 baec
630 2168 742 2270 hyems
757 2169 845 2246 exiit,
861 2182 893 2233 et
906 2167 1002 2256 hujus
1016 2165 1101 2246 belli,
1114 2169 1201 2255 quod

157 2253 368 2343 Thucydides
379 2255 578 2340 conscripsit,
593 2255 735 2320 decrmns
750 2256 902 2341 septimus
915 2273 1019 2322 annus
1033 2255 1175 2320 excessit.

204 2349 259 2407 94.
283 2341 481 2428 Insequentis
492 2354 597 2406 autem
612 2342 814 2406 aestatisvere
830 2342 936 2406 statim
951 2341 1089 2420 ineunte,
1102 2341 1200 2408 Athe·
1236 2349 1297 2399 Mt

156 2427 294 2506 nienses,
310 2428 366 2514 qui
387 2439 476 2492 erant
498 2428 537 2491 in‘
549 2427 666 2504 Sicilia,
682 2427 791 2491 castris
813 2426 971 2492 eCatana
992 2429 1201 2506 1111111111-
1225 2415 1310 2527 191ῗῖ

156 2527 278 2602 garant
292 2515 441 2602 adversus
454 2512 600 2604 Megara,
613 2534 686 2600 quoe
701 2513 822 2577 suntin
841 2512 958 2591 Sicilia,
975 2513 1062 2578 unde
1080 2517 1201 2600 (quaar-
1216 2493 1315 2606 giij

158 2600 332 2666 admodum
349 2609 379 2665 et
394 2600 483 2685 prins
504 2622 524 2664 a
547 2621 597 2664 me
619 2611 903 2666 commemoratum
920 2600 981 2681 eat)
998 2599 1201 2685 Syracusani,
1231 2607 1297 2720 ⁰¹ss

182 2685 260 2750 ulcis
281 2685 340 2750 sub
356 2685 480 2751 Gelone
494 2696 631 2774 tyranno
653 2683 838 2762 cultoribus,
853 2703 966 2773 agrurn
989 2686 1050 2770 ipsi
1071 2684 1202 2749 habent.
1233 2671 1262 2784 ξ·
1294 2703 1303 2719 ·

157 2707 326 2838 &recensu
340 2784 444 2838 autem
457 2793 498 2838 ex
509 2771 641 2836 navibus
652 2770 684 2836 in
696 2785 812 2836 terram
828 2769 923 2852 facto,
934 2782 966 2838 et
980 2792 1074 2859 agros
1089 2771 1203 2856 Mega·
1255 2751 1304 2836 ‘'l“
1340 2775 1348 2790 ’

156 2861 293 2924 rentium
307 2870 482 2940 vastarunt,
494 2871 526 2922 et
537 2857 578 2922 ad
589 2857 752 2945 quandam
766 2858 1040 2944 Syracusanorum
1051 2858 1203 2923 munitio-
1239 2820 1298 2936 ξιξ,

157 2964 234 3008 nem
249 2945 391 3030 profecti,
404 2965 477 3009 cnm
492 2967 561 3008 eam
577 2965 644 3008 non
659 2965 698 3008 ex
722 2959 904 3031 ugnasaent,
921 2965 1029 3009 rursus
1043 2955 1074 3009 et
1088 2944 1203 3010 itinere
1212 2952 1324 3002 tameo

156 3031 299 3116 pedestri
309 3043 342 3094 et
352 3029 484 3095 navibus
494 3029 535 3094 ad
544 3029 682 3094 Teream
691 2965 822 3094 durium
835 3050 867 3094 se
877 3041 1077 3114 receperunt,
1087 3042 1119 3114 11
1129 3051 1203 3095 cum
1220 3024 1246 3065 ⁸²
1255 3020 1314 3078 ΑΨ·

157 3117 193 3180 in
211 3117 400 3201 campestria
414 3115 660 3191 adscendissent,
670 3137 707 3178 ea
720 3125 893 3194 vastarunt,
905 3128 937 3181 et
947 3116 1142 3180 frumentum
1155 3117 1204 3181 in·

157 3202 348 3267 cendemnt.
392 3201 522 3267 Etcum
541 3201 725 3266 incidissent
739 3199 772 3265 in
788 3201 959 3267 nonnullos
976 3203 1204 3287 Syracusanus,

156 3309 296 3375 quorum
309 3309 459 3354 numerus
471 3309 536 3352 non
549 3299 617 3352 erat
630 3307 775 3374 magnus,
788 3299 821 3352 11
832 3305 933 3351 eorum
945 3287 1067 3387 aliquot
1075 3286 1206 3376 interfe7

156 3375 286 3452 cissent,
302 3387 334 3439 ct
355 3385 514 3460 tropaeum
537 3375 720 3451 erexissent,
734 3373 777 3438 ad
799 3372 928 3437 classem
943 3373 1116 3438 redierunt.
1162 3371 1206 3439 Et

159 3460 321 3526 Catanam
338 3462 464 3539 reversi,
482 3472 514 3524 et
527 3460 616 3524 illinc
630 3459 777 3524 assumtis
790 3457 917 3524 cibariis
931 3461 976 3523 ad
983 3459 1205 3547 profectiones

157 3549 351 3624 necesariis,
367 3568 439 3612 cum
459 3547 608 3610 omnibns
629 3545 728 3630 copiis
748 3545 899 3609 adversus
911 3545 1096 3630 Centuripa,
1112 3545 1205 3611 Sicu·

155 3631 265 3698 lorum
282 3631 449 3718 oppidum,
465 3633 600 3710 iverunt,
616 3653 718 3716 eoque
739 3649 795 3715 per
809 3630 1002 3696 deditlonem
1019 3631 1113 3696 certis
1127 3643 1205 3696 con·

155 3718 335 3783 ditionibus
350 3717 464 3783 iactam
480 3718 513 3780 in
529 3739 618 3783 suam
630 3727 817 3802 potestatem
830 3718 970 3796 redacto,
984 3717 1204 3795 discesserant,

156 3817 193 3869 et
218 3804 296 3868 dum
318 3805 379 3869 iter
400 3803 549 3882 fecerent,
567 3815 687 3890 segetes
703 3802 912 3867 lneasaeorum
935 3817 966 3868 et
990 3801 1205 3890 Hyblmorna's

154 3890 382 3955 incenderunt.
427 3889 583 3954 Catanam
610 3902 716 3953 autem
744 3891 874 3953 reversi·
890 3889 1056 3956 offendunt
1084 3891 1206 3982 equites

156 3979 317 4042 ducentos
341 3977 583 4064 quinquaginta,
608 3974 742 4040 Athenis
764 3975 936 4060 profectos,
957 3977 1026 4040 sine
1048 3974 1148 4062 equis,
1169 3997 1206 4040 ac

190 4151 207 4183 ὓ
219 4149 266 4196 Sed
274 4149 354 4196 adhuc
361 4149 453 4210 aliquid
462 4147 691 4209 circumspectantes
699 4154 881 4208 cunctarentur,
888 4150 968 4196 multo
975 4148 1054 4208 magis
1062 4153 1109 4195 etc.
1130 4148 1204 4196 Vetto.

155 4215 208 4264 Sed
228 4215 308 4260 adhuc
325 4215 477 4274 negligentes
498 4213 834 4275 manutenementum
868 4211 1018 4261 contemtim
1038 4218 1123 4260 tamen
1142 4211 1204 4262 illud
1319 4242 1321 4250 ι

153 4287 235 4341 atqua
246 4279 322 4326 otiosa
333 4279 442 4326 tecenmt
453 4284 500 4326 stc.
517 4277 628 4326 Aeacius·
663 4277 751 4326 liuns.
