2996 4782
419 267 668 336 HISTORIAE
692 269 830 336 Luna
1129 279 1151 336 9

120 457 201 523 reat,
213 442 333 532 quibus
345 442 441 509 etiarn
455 443 489 506 in
504 441 611 508 navali
623 442 739 529 proelio
756 455 832 508 sunt
854 439 912 520 usi,
928 461 1001 527 quse
1020 461 1060 506 ne
1075 441 1154 526 ipsae

120 532 248 621 quidm
262 529 370 596 adbrm
382 529 514 594 omnino
526 541 696 596 constratra
710 552 749 596 ac
762 538 964 594 recreemur.

164 627 217 685 15.
239 616 363 682 Classes
377 614 474 704 igitur
489 615 689 694 Graecorum,
715 628 748 680 et
788 626 967 692 erreturstae,
989 627 1022 678 et
1044 633 1156 680 receu-

120 707 227 783 tiores,
250 703 329 768 tales
339 701 479 768 fuerunt.
523 701 590 780 Qui
615 716 721 768 nmen
747 703 755 766 i
784 700 791 715 '
830 721 961 786 operam
986 699 1154 778 dederunt,

120 793 285 882 ingentem
299 788 475 890 potentiam
497 788 558 852 sibi
581 801 815 874 compararunt,
837 799 903 852 tam
917 788 990 873 ipso
1004 786 1155 872 munia-

3 903 4 916 ³
119 899 190 944 ram
204 875 431 962 reden‘qum
439 875 586 959 imperio,
602 874 735 962 quodie
747 873 826 940 alios
836 874 1035 940 exercebant.
1068 871 1154 938 Nam

118 963 229 1030 infesta
242 962 343 1028 classe
358 963 553 1049 navigantes,
573 961 692 1027 insulas
705 960 905 1050 subigebant,
929 972 963 1026 et
981 959 1028 1024 illi
1042 959 1156 1044 preci·

3 1051 4 1056 ’
119 1051 260 1136 pue,qui
397 1069 463 1114 non
476 1047 553 1113 satis
562 1037 716 1134 amplum,
730 1047 949 1114 necomnibus
959 1044 1156 1112 ciendis-sui-

119 1137 278 1202 lieieutem
378 1133 466 1200 bant.
509 1133 614 1200 Terra
624 1156 700 1200 vno
711 1133 830 1200 bellum
852 1133 953 1220 (unde
962 1131 1081 1222 aliquid
1153 1159 1157 1166 ⁴

3 1275 4 1280 η
119 1223 228 1288 tendas
249 1225 294 1286 ad
316 1224 449 1306 aliquem
462 1221 643 1302 accesserit)
664 1219 789 1288 nullum
802 1219 975 1288 conflatum
988 1233 1046 1284 est.

95 1305 529 1410 'etgurecunrqoeiuerunm
551 1306 746 1373 haecomnia
770 1319 883 1374 eontra
896 1327 971 1372 suos
984 1305 1040 1394 qui
1062 1327 1103 1409 ue
1116 1304 1155 1368 fi:
1289 1387 1290 1390 Ἴ

118 1410 247 1460 mumos
265 1407 440 1484 gesserunt,
484 1393 571 1459 Nam
586 1395 695 1460 Graeci
709 1395 742 1459 in
758 1395 914 1482 regiones,
929 1415 947 1458 a
963 1393 1031 1459 suis
1089 1392 1156 1458 ebur

3 1497 4 1506 ¹
119 1481 209 1548 valde
229 1493 377 1556 remotas,
404 1480 540 1545 alierum
554 1479 801 1566 subigendorum
821 1502 915 1546 causa
934 1479 1038 1545 nullas
1058 1497 1155 1564 expes

118 1567 256 1634 ditiones
269 1575 342 1631 tusc
355 1565 522 1632 faciebant.
568 1567 675 1632 Graeci
692 1569 777 1631 enirn
799 1587 866 1632 nen
891 1566 1108 1654 adjungebant
1120 1587 1155 1630 se

119 1653 267 1719 maximis
302 1653 480 1754 quibusque
509 1653 698 1754 ciritatibus,
731 1653 822 1740 quasi
853 1651 980 1718 illarum
1016 1651 1156 1754 imperio

118 1737 1154 1913 mffnttqltfflnmdiffiniendum

118 1914 179 1977 soli
249 1911 369 1976 bellum
384 1911 547 1999 gerebant.
592 1911 761 1995 Precipue
774 1932 850 1975 vero
864 1911 897 1975 in
920 1911 1155 1996 iilopervetns-

3 1991 4 2034 ³
120 2013 154 2062 to
177 1933 273 2074 εῆο,
296 1997 385 2100 quod
409 1996 493 2062 inter
509 1995 734 2062 Chalcidenses
757 2010 789 2062 et
813 1995 1009 2063 Eretrienses
1029 2007 1153 2084 gestum

119 2083 188 2162 luit,
202 2083 318 2170 reliqui
332 2105 460 2170 quoque
470 2083 579 2150 Graeci
593 2105 662 2150 aeae
674 2082 859 2161 diviserunt,
870 2097 906 2148 ut
921 2081 1062 2172 utrisque
1075 2105 1155 2149 anx-

121 2169 208 2234 ilium
222 2169 353 2234 terrena

163 2263 211 2321 tc.
236 2255 322 2320 Mox
335 2277 412 2321 vero
425 2269 460 2320 et
471 2255 542 2322 aliis
556 2255 685 2321 aliunde
698 2259 904 2340 contigerunt
917 2255 1155 2344 impedimenta,

119 2364 158 2406 ne
171 2353 359 2420 crescerent,
382 2354 415 2408 et
436 2342 570 2408 Ionibus
591 2347 677 2428 (cum
700 2364 749 2406 rea
772 2340 941 2410 Persarum
963 2363 1082 2430 magne
1105 2345 1155 2406 toa

3 2433 5 2516 '2
118 2441 281 2494 emmenm
295 2427 463 2512 cepissent)
488 2429 602 2516 Cyrus,
625 2447 821 2530 regnumque
837 2427 1011 2507 Persicum,
1039 2429 1155 2494 Croeso

4 2583 5 2592 ἦ
119 2514 300 2603 prodigum,
326 2513 557 2601 omnibusque«
563 2537 637 2602 quse
651 2529 742 2580 erant
755 2535 801 2580 crs
817 2513 939 2601 Halym
954 2513 1087 2580 fluvium
1109 2514 1152 2578 ad

4 2627 5 2630 ¹
119 2623 206 2666 arare
221 2622 331 2687 usque,
346 2600 496 2678 subactis,
508 2601 626 2668 beilum
638 2601 756 2677 intulit,
772 2612 805 2666 et
819 2600 924 2681 urbes,
938 2623 1012 2687 quse
1032 2602 1065 2666 in
1077 2621 1155 2664 cou-

4 2743 5 2746 ,
118 2689 239 2752 tinente
260 2697 362 2765 erant,
377 2688 411 2750 in
426 2689 608 2754 servitutem
624 2685 757 2774 redegit.
803 2687 919 2752 Postea
932 2709 1010 2752 vero
1023 2686 1153 2764 Darius,

121 2772 312 2839 I‘hoenieum
338 2773 438 2838 classe
451 2777 563 2853 victor,
580 2773 697 2840 insulas
719 2774 813 2839 etiam
830 2777 865 2839 in
877 2795 962 2840 neom
971 2783 1154 2857 potestatem

4 2865 5 2895 ¹
118 2862 247 2944 redegit.

161 2951 212 3014 17.
235 2943 488 3031 Tyrannione,
511 2953 669 3029 quotquot
688 2946 722 3009 in
748 2945 874 3012 Grecis
897 2944 1029 3012 urbibus
1051 2957 1153 3026 arant,

118 3034 181 3098 sois
194 3044 321 3097 tentum
334 3033 430 3096 rebus
443 3029 682 3115 prospicientes,
696 3045 733 3096 ut
746 3044 779 3096 et
792 3053 910 3133 eorpus
923 3044 1099 3110 tuerentur,
1121 3045 1155 3096 at

5 3097 7 3120 ’
120 3141 208 3184 suurn
223 3117 375 3182 familiam
391 3115 631 3200 amplificarent,
646 3140 742 3204 quam
757 3131 912 3184 tutissime
925 3131 1082 3205 poterant,
1100 3137 1155 3180 ur.

5 3207 6 3266 i
118 3203 170 3270 bes
184 3202 378 3280 incolebant,
393 3195 581 3288 nullumque
591 3201 712 3270 lacinus
726 3205 881 3270 memoria
894 3205 1027 3293 dignum
1038 3202 1153 3268 abillis

117 3303 164 3356 est
175 3289 308 3367 iactum,
322 3288 422 3354 nisisi
433 3288 521 3375 quod
530 3291 770 3356 contraricinoa
780 3292 898 3378 quique
912 3313 986 3356 suos
994 3291 1154 3390 sumunt.

119 3376 205 3442 Nam
225 3375 283 3464 qui
304 3387 395 3440 erunt
416 3376 451 3440 in
479 3374 597 3451 Sicilia,
623 3375 666 3441 ad
689 3378 860 3444 maximum
882 3391 1056 3462 potentiam
1079 3389 1154 3441 nunt

119 3464 227 3529 erecti.
246 3529 259 3545 ,
274 3461 368 3528 Adeo
382 3463 512 3528 Graecia
526 3461 664 3550 undique
677 3461 777 3552 longo
790 3465 944 3549 temporis
967 3462 1070 3549 spatio
1092 3461 1153 3527 fuit

119 3548 281 3636 impedita
298 3559 367 3614 tum
380 3569 421 3613 ne
430 3548 641 3614 communiter
654 3549 757 3616 ullum
770 3547 1023 3616 illustreiacinus
1033 3548 1151 3628 ederet,

121 3635 185 3702 tum
200 3635 299 3702 etism
313 3655 354 3700 ue
369 3634 403 3698 in
415 3635 547 3722 singulis
561 3635 741 3701 civitatibus
754 3637 860 3703 audax
874 3650 964 3702 esset.

6 3753 7 3810 t
162 3730 214 3788 lli.
238 3721 354 3788 Postea
365 3734 590 3808 veroquamet
600 3721 855 3800 Atheniensium,
871 3735 905 3788 et
915 3723 1046 3806 reliquae
1056 3721 1151 3788 Grae-

7 3869 8 3874 ,
119 3810 186 3888 cire,
212 3830 289 3896 quae
303 3807 448 3901 velante
462 3807 632 3894 tyrannide
653 3829 761 3894 pressa
782 3807 895 3888 iuerat,
918 3810 1096 3896 plerosque,
1119 3821 1152 3874 et

119 3909 295 3979 pcsmrnoe
307 3907 470 3981 tyrannos,
492 3895 631 3981 exceptis
647 3895 764 3961 Siciliae
774 3898 928 3983 tyrannis,
944 3895 1152 3962 Lacedsemo·

7 4023 8 4026 =
119 3982 162 4046 nii
175 3981 371 4048 sustulerunt
394 3987 482 4061 (nam
496 3981 711 4047 Lacedaemon
725 3996 800 4067 post
820 3983 932 4048 urbem
947 3983 1111 4048 conditam
1132 4005 1153 4046 a

121 4065 344 4145 Dotimmibus,
358 4067 415 4154 qui
426 4088 499 4132 cam
514 4089 601 4133 nunc
625 4067 780 4146 incolunt,
796 4067 1003 4136 seditionibus
1022 4067 1152 4135 conflio-

120 4167 182 4222 uta
194 4153 373 4222 diutissime
387 4156 519 4218 ennium
533 4157 702 4232 ciuitatum,
724 4178 803 4241 quas
816 4157 973 4236 novimus,
988 4169 1095 4224 tamen
1110 4155 1153 4219 ab

119 4240 341 4332 antiquifliuris
355 4262 454 4328 usque
468 4241 665 4326 temporibus
678 4241 813 4308 ethonis
837 4243 962 4331 legibus
975 4255 1024 4310 est
1038 4265 1105 4318 asa,
1120 4253 1153 4306 et
