2994 4788
328 319 389 380 ist
693 305 1001 378 THUCYDlDlS
1487 317 1489 450 Ξ

234 505 295 560 seu.
327 483 456 563 stillis,
496 483 528 550 ui
551 503 591 548 eo
606 481 708 548 'ooniu
750 496 834 559 rent,
855 481 1094 566 penusderent,
1117 492 1151 546 ut
1173 479 1264 562 riiliil,
1282 480 1369 570 quoti
1488 452 1490 546 l

222 562 305 680 ¹4¹⁰}
329 595 349 638 s
369 572 485 637 rationi
511 591 557 647 us,
578 505 817 720 commoiisqqe
836 569 972 634 civitatis
995 579 1078 632 esset
1103 567 1254 646 alienum,
1278 568 1371 634 moli·
1489 571 1490 656 i

215 647 317 760 ὢῗωρ,
330 671 450 736 rentur,
466 679 570 744 neque
584 678 691 722 rerum
705 670 759 721 tur
800 655 856 734 tio,
873 655 1070 742 mutatioque
1083 654 1184 720 lieret.

226 762 303 814 sec
374 749 428 821 72.
452 743 537 809 Cum
559 755 666 809 sutem
692 741 788 830 legsti
813 742 955 806 Athenas
979 742 1208 828 pervenissent,
1235 741 1371 806 Atheni·
1481 817 1485 824 .

231 829 260 878 υ·
273 831 301 878 0
330 851 420 898 enses
442 852 515 897 curn
535 852 599 908 eos,
620 843 657 894 ut
681 851 732 894 res
756 849 853 893 noves
874 827 1050 905 molientes,
1071 839 1140 892 tum
1162 829 1257 891 etism
1281 827 1370 906 ellos,

229 895 300 1009 {2⁸2⁹
331 919 447 1006 quibus
462 927 686 1004 persuaserunt
700 918 744 993 io',
759 914 844 1001 cujus
858 936 950 980 taren
966 935 1001 979 eo
1014 915 1256 999 missiseernnt,
1272 915 1372 980 corri-

329 1017 481 1090 puerunt,
506 1015 538 1068 et
566 1003 598 1066 in
627 1001 750 1088 AEgins
778 1000 1003 1066 custodiendos
1031 999 1259 1086 deposuerunt.
1317 1001 1371 1066 ln·

331 1103 416 1156 teres
435 1111 510 1155 vero
531 1088 706 1174 Corcyraei,
722 1087 777 1172 qui
800 1087 987 1172 reipublice
1004 1087 1106 1172 princi
1185 1101 1289 1167 erent,
1307 1087 1373 1152 Co·

329 1177 496 1242 rinthiecae
510 1175 646 1241 triremis
660 1187 692 1239 et
709 1174 877 1259 Spartanus
892 1173 1058 1262 legationis
1080 1196 1099 1238 s
1122 1185 1229 1250 ventu,
1245 1173 1372 1258 piebem

329 1263 537 1338 adoriuntur3
560 1281 730 1349 pugnaque
751 1261 921 1326 commissa
942 1260 1095 1324 vicerunt.
1121 1259 1175 1324 sed
1198 1261 1302 1325 noctis
1325 1261 1372 1324 iu·

330 1361 486 1427 terrente,
508 1348 599 1433 plebs
624 1345 753 1433 quidem
780 1349 812 1410 in
837 1367 952 1426 arcem,
971 1357 1005 1410 et
1029 1345 1164 1411 editiora
1189 1347 1279 1410 urbis
1304 1345 1374 1412 lore

330 1434 485 1521 confugit,
515 1433 625 1521 ibique
661 1445 764 1500 cestre
792 1432 940 1519 frequens
973 1434 1090 1518 posuit,
1121 1445 1154 1496 st
1183 1429 1373 1520 Hyllei'cnm

330 1533 460 1607 portum
485 1521 621 1586 tenebat.
666 1519 814 1584 Victores
843 1541 920 1583 vero
949 1518 1053 1583 iorum
1083 1532 1293 1604 oceupsrunt,
1319 1519 1373 1585 ubi

330 1607 481 1708 permulti
494 1606 637 1692 ipsorum
658 1605 857 1683 habitabunt,
872 1618 904 1672 et
925 1619 1066 1692 portum,
1081 1605 1137 1693 qui
1157 1607 1190 1669 in
1212 1605 1321 1671 lorum
1343 1617 1374 1671 et

330 1715 366 1758 ur
381 1694 594 1758 continentem
612 1705 742 1778 spectet.

375 1779 714 1847 reponentem
742 1777 811 1842 lere
839 1789 999 1843 certamen
1031 1777 1114 1842 inter
1143 1779 1177 1842 t'e
1203 1775 1376 1843 missilibus

331 1865 572 1946 commiserunt,
601 1876 633 1929 et
661 1864 693 1927 in
725 1885 819 1952 egros
851 1864 976 1948 utrique
1010 1865 1139 1928 nuntios
1171 1864 1374 1946 dimiserunt,

331 1952 459 2017 servitio
487 1952 694 2028 solicitantes,
725 1969 782 2035 spe
810 1949 962 2014 libertatis
991 1951 1166 2034 proposito.
1210 1949 1255 2014 Et
1312 1947 1373 2016 lebi

331 2037 459 2124 quidem
475 2035 675 2103 servitiorum
699 2035 871 2102 multitudo
893 2057 927 2100 se
948 2037 1064 2100 sedem
1086 2035 1245 2122 adjunxit.
1268 1973 1377 2102 sileris

333 2121 1375 2294 ”ttoeiit‘tittlitttrittttttttlittttttm.

330 2297 436 2373 misse,
459 2305 492 2359 et
514 2295 603 2379 plebs
623 2295 709 2372 vicit,
733 2295 821 2380 quoti
843 2308 875 2360 et
895 2253 1040 2359 locorum
1063 2296 1242 2360 munitione
1263 2307 1296 2360 et
1317 2295 1376 2361 lto·

332 2382 455 2451 minum
472 2401 606 2446 numero
620 2381 765 2466 superior
778 2393 867 2446 esset.
891 2381 1042 2446 mulieres
1063 2381 1159 2446 etisrn
1175 2401 1229 2447 eos
1243 2381 1377 2448 viriliter

332 2467 533 2554 adjuverunt,
556 2466 679 2532 hostem
701 2466 816 2555 tegulis
838 2489 856 2532 e
878 2469 1011 2532 summis
1040 2467 1159 2532 redimit
1182 2467 1378 2534 culminibus

332 2554 491 2631 ferientes,
520 2566 553 2619 et
582 2575 680 2639 supra
709 2575 821 2619 sexum
851 2575 943 2618 suom
973 2554 1146 2619 tumultum
1175 2556 1377 2620 sustinentes.

334 2640 434 2708 Facu
462 2652 570 2705 eutem
599 2640 659 2704 sub
688 2638 912 2724 crepusculum
940 2641 1153 2724 vespertinum
1180 2639 1267 2729 iugo,
1294 2643 1379 2728 opti-

333 2737 447 2803 mates,
470 2725 574 2801 veriti,
594 2731 652 2789 ¹ne
672 2726 763 2814 plebs
785 2726 897 2790 mdem
920 2725 1054 2810 impetu,
1078 2726 1203 2792 sublato
1224 2726 1377 2806 elamore,

334 2813 369 2876 in
394 2833 428 2876 se
452 2812 587 2889 irruens,
611 2824 644 2876 et
669 2811 834 2877 nsrslibus
863 2813 1031 2896 potiretur,
1058 2825 1091 2877 et
1115 2835 1149 2877 se
1174 2813 1379 2892 interficeret,

336 2896 431 2974 edes,
455 2919 528 2984 quse
557 2896 590 2960 in
621 2900 692 2962 iore
714 2899 923 2963 circumcisos
944 2911 1045 2978 erunt,
1066 2913 1099 2964 et
1127 2898 1189 2964 illis
1210 2901 1298 2965 conti
1343 2919 1380 2965 es

335 2979 458 3060 domos,
489 3004 594 3068 neque
622 2984 711 3049 illinc
740 2985 773 3048 in
804 3002 837 3049 se
865 2984 956 3048 lieret
984 2985 1160 3070 impressio,
1189 2985 1283 3050 inem
1309 2999 1379 3068 unt,

335 3090 439 3156 neque
453 3069 527 3146 suis,
542 3091 646 3156 neque
668 3070 778 3136 alienis
800 3084 974 3156 parcentes.
997 3071 1204 3157 quemobrem
1221 3084 1253 3136 et
1267 3073 1380 3139 multe

335 3167 548 3220 mercatorum
563 3157 709 3241 pecuuioe
723 3172 874 3221 cremstse
894 3169 980 3234 sunt,
996 3169 1028 3221 et
1042 3177 1154 3243 perum
1171 3157 1284 3236 abfuit,
1300 3161 1378 3246 quin

335 3243 412 3306 urbs
427 3253 494 3308 tote
507 3241 634 3328 penitus
647 3244 777 3326 periret,
790 3243 816 3306 si
831 3255 943 3308 sentus
957 3245 1135 3326 ingruisset,
1147 3245 1202 3330 qui
1216 3244 1380 3310 flemmsm

336 3326 368 3392 in
391 3328 492 3414 ipsam
516 3329 692 3413 sparsisset.
737 3331 845 3414 Atque
863 3329 911 3393 iili
936 3331 1077 3480 quidem,
1102 3330 1378 3482 ieeppo‘pognsntli

336 3414 411 3492 line,
423 3414 521 3500 quieti
533 3415 683 3501 utrinque
696 3428 822 3481 noctem
839 3415 924 3480 illem
959 3417 1097 3501 ispositis
1107 3434 1147 3483 cu
1224 3418 1261 3481 iis
1276 3431 1379 3484 mne

336 3513 494 3648 {gerunt
525 3502 569 3566 Et
592 3500 919 3650 {pprinthinep-nesis,
936 3503 1122 3653 ᾳιίἰειρὶεδς
1144 3505 1275 3582 niteret,
1297 3505 1379 3569 clem

337 3592 923 3758 ttftttsttttttttltfffl
944 3611 1089 3676 ''ml'‘
1108 3589 1230 3655 Μ
1247 3591 1379 3656 ¹⁹²‘”‘“

382 3763 435 3826 ts.
458 3759 608 3844 Sequenti
639 3781 715 3825 vero
744 3761 796 3825 die
827 3760 1038 3839 Nicostratus,
1064 3762 1254 3849 Diotrephis
1283 3763 1379 3842 fliius,

338 3842 580 3910 Atheniensium
602 3846 686 3926 tlux,
701 3869 775 3911 curn
797 3847 966 3912 duodecim
990 3848 1133 3927 neribus,
1149 3861 1182 3914 et
1195 3849 1380 3939 quingentis

337 3929 442 4016 gravis
461 3944 632 3996 nrmsturae
655 3933 810 3998 militibus
834 3933 1012 4012 Messeniis,
1029 3937 1197 4020 Naupacto
1218 3935 1261 4000 sd
1283 3959 1377 4022 operu

338 4119 379 4240 ml
390 4128 614 4254 Nssffimffl?
630 4130 736 4180 elem
753 4132 821 4192 plebs
837 4133 965 4214 nsrqtibus
980 4135 1109 4196 poninus,
1120 4135 1215 4196 impetu
1226 4137 1337 4197 issimi
1353 4149 1381 4183 es
