2994 4788
379 317 443 380 966
744 305 1050 376 THUCYDIDIS

286 503 348 552 aar.
382 481 602 568 (Athenienses
623 481 717 560 enim,
740 504 840 567 quum
863 492 966 546 castra
986 489 1169 566 posuerunt,
1185 491 1276 544 erant
1296 476 1362 544 fere
1380 479 1407 542 in

276 569 359 628 raca
382 569 515 654 Oropiae
536 566 696 648 confiniis)
713 566 882 655 Pagondas
897 565 1028 630 AEoladi
1037 567 1141 648 filias,
1158 587 1242 629 unus
1265 585 1305 628 ex
1322 565 1407 630 Boso-

267 633 356 750 gr&
381 655 500 720 arena
522 653 698 733 menna,
720 674 792 718 eum
815 652 1007 718 attentatae
1029 651 1212 737 Lysimachi
1222 653 1314 735 fleo,
1333 651 1407 737 quoa

279 713 366 814 sinii
382 740 549 826 imperium
566 751 637 804 tanc
658 761 754 824 penes
773 740 877 824 ipsum
891 751 982 815 esset,
999 738 1146 824 proelium
1163 737 1209 802 ibi
1222 743 1409 802 committere

283 831 315 879 ὓ·
325 829 353 876 ⁰·
382 827 523 912 cupiens,
535 840 567 892 et
580 825 762 890 existimans
778 827 874 890 satius
890 847 957 890 ease
972 823 1044 889 belli
1060 823 1220 888 fortunam
1235 823 1406 909 periclitari,

281 896 355 1008 ἒξ·
382 913 523 1000 singulas
537 911 684 978 cohortes
706 911 904 988 adhortatus,
919 933 959 976 ne
980 909 1160 997 frequentes
1182 909 1280 974 aciem
1303 911 1407 974 instru·

340 991 349 1008 ⁰
382 1015 465 1064 ctam
487 999 677 1075 desererent,
701 998 826 1063 Boeotis
852 998 1019 1082 persuasit,
1042 1009 1080 1060 ut
1103 996 1256 1060 adversus
1282 996 1407 1061 Atheni·

382 1107 472 1150 enses
486 1087 578 1162 irent,
594 1097 626 1149 et
642 1083 788 1167 proelinm
806 1085 1050 1160 committerent,
1067 1081 1117 1146 his
1131 1083 1247 1147 verbis.

426 1178 479 1238 92.
503 1171 592 1236 “Na
623 1171 655 1236 in
686 1186 823 1236 mentem
854 1169 981 1257 quidem
1012 1171 1159 1256 cuiquem
1185 1181 1341 1246 nostrum,
1364 1169 1409 1255 qui

382 1259 602 1346 magistratum
625 1258 773 1342 gerimus,
790 1255 849 1320 viri
873 1257 990 1336 Boeoti,
1012 1257 1119 1319 venire
1141 1268 1338 1338 oportuerat,
1352 1277 1407 1319 non

382 1367 451 1407 esse
476 1345 592 1408 rationi
615 1355 872 1419 consentaneum,
897 1365 954 1406 nos
978 1363 1052 1406 cum
1077 1339 1323 1408 Atheniensibus
1345 1363 1409 1406 con-

381 1429 504 1530 fligere,
518 1430 578 1493 nisi
594 1431 678 1514 ipsos
692 1430 723 1492 in
740 1429 867 1494 Boeotia
881 1427 987 1492 adhuc
1002 1425 1314 1513 deprehenderimus.
1346 1428 1408 1494 Boe·

383 1528 481 1580 otram
494 1515 590 1592 enim,
603 1509 832 1580 munitionibus
846 1515 878 1578 in
894 1537 932 1579 ea
945 1513 1124 1590 exstructis,
1137 1535 1177 1578 ex
1193 1537 1271 1602 agno
1285 1514 1410 1580 finitimo

407 1600 528 1679 rofecti‚
544 1613 618 1666 aunt
638 1601 799 1666 vastaturi.
846 1600 935 1689 Ergo
955 1616 1030 1666 sunt
1051 1598 1165 1676 hostes,
1183 1601 1409 1686 quocunquein

383 1623 457 1752 lhoo
481 1687 668 1774 deprehensi
693 1685 820 1768 fuerint,
843 1700 875 1752 et
901 1687 1113 1774 undecunque
1137 1685 1271 1772 profecti
1295 1685 1410 1751 hostilia

384 1771 525 1838 facinora
546 1773 712 1859 patrarint.
756 1773 829 1838 Jam
852 1795 929 1838 vero
952 1774 978 1837 si
1000 1773 1052 1838 cui
1074 1795 1136 1838 aon
1156 1793 1302 1859 pragnore
1323 1771 1409 1838 tutius

384 1881 451 1924 esse
475 1860 649 1938 ridebatur,
678 1861 705 1924 is
732 1872 832 1926 mutet
860 1859 1059 1924 sententiam.
1105 1858 1173 1924 Nec
1202 1860 1288 1923 enim
1316 1859 1410 1944 prori-

384 1946 493 2011 dentia
521 1945 804 2012 considerationem
834 1969 926 2033 aeque
953 1947 1075 2032 patitur
1103 1948 1136 2009 in
1162 1945 1210 2021 iis,
1238 1965 1317 2032 quoa
1342 1943 1411 2008 alius

385 2031 517 2109 invadit,
533 2046 564 2098 et
601 2053 715 2097 uorum
731 2054 806 2118 ager
828 2033 861 2096 in
877 2033 1046 2098 discrimen
1062 2044 1201 2109 vocatur,
1217 2045 1313 2120 atque
1327 2035 1360 2095 in
1372 2051 1410 2106 eo,

386 2119 441 2204 qui
458 2141 516 2183 sua
530 2055 656 2205 quidem
672 2119 821 2204 possidet,
838 2119 893 2184 sed
916 2119 1010 2203 plura
1031 2118 1189 2194 affectans,
1204 2120 1290 2182 nitro
1303 2117 1410 2182 bellum

386 2204 456 2268 aliia
477 2204 583 2270 infert.
628 2205 793 2290 Vobisque
814 2205 1021 2290 patriumest
1044 2205 1234 2290 institutum,
1256 2217 1412 2268 externum

386 2289 560 2356 exercitum
576 2312 631 2354 vos
645 2290 845 2355 invadentem
862 2291 981 2376 pariter
1002 2303 1034 2356 et
1056 2292 1087 2354 iu
1104 2303 1208 2355 vestro
1222 2290 1303 2355 etin
1317 2291 1413 2355 alieno

386 2375 455 2441 solo
480 2375 676 2462 propulsare.
721 2377 940 2453 Quamobrem
963 2377 1181 2466 Athenienses,
1205 2399 1320 2464 eosque
1342 2397 1413 2460 pra·

387 2475 473 2528 terea
487 2463 570 2528 uobis
583 2461 745 2540 finitimos,
762 2465 864 2528 multo
879 2464 979 2549 magia
988 2465 1174 2547 propulsare
1188 2463 1287 2529 decet
1321 2461 1414 2527 ⁴’Nam
1478 2461 1480 2478 ‘

387 2549 432 2614 ita
454 2550 583 2615 demum
607 2551 760 2637 cujusque
785 2550 920 2614 civitatis
943 2549 1072 2614 libertas
1095 2551 1186 2614 firme
1211 2550 1373 2627 retinetur,
1393 2547 1414 2610 si
1479 2593 1480 2600 .

388 2635 470 2700 adsit
490 2637 642 2721 potentia,
656 2659 729 2723 quae
750 2636 892 2701 finitimis
913 2635 1039 2722 populis
1059 2637 1204 2701 resistere
1216 2639 1330 2700 valeat.
1350 2655 1416 2700 cum
1478 2629 1480 2644 ⁴

389 2722 427 2785 iis
446 2743 530 2800 vero,
556 2721 611 2806 qui
631 2745 695 2787 non
722 2722 823 2788 solum
849 2723 1010 2798 finitimos,
1034 2721 1204 2787 sedetiam
1228 2735 1366 2786 remotos
1388 2721 1415 2783 iu

388 2807 570 2871 servitutem
592 2807 658 2872 redi
682 2830 736 2874 ere
757 2825 926 2885 conantur,
964 2831 1006 2874 uo
1029 2807 1125 2872 modo
1140 2808 1189 2872 vel
1210 2830 1336 2873 summo
1350 2825 1416 2874 cunr

389 2891 531 2976 periculo
556 2831 740 2958 certandum
768 2919 831 2959 non
857 2895 951 2960 fuerit
1018 2892 1225 2979 (Exemplum
1250 2909 1355 2960 autern
1381 2893 1418 2956 ob

389 2977 500 3041 oculos
522 2980 717 3064 propositum
740 2980 903 3058 habemus,
920 3001 992 3044 cum
1010 2979 1193 3046 Euboenses
1207 2980 1416 3046 transfretum

390 3063 476 3140 sitos,
501 3076 567 3128 tum
595 3065 689 3129 etiam
714 3081 838 3132 coeterae
866 3067 1001 3132 Graeciae
1028 3087 1175 3154 magnam
1206 3083 1341 3153 portem,
1368 3087 1420 3151 qao

390 3154 477 3214 modo
491 3151 531 3213 ab
546 3153 622 3234 apsis
637 3163 788 3231 tractetur,
804 3165 834 3218 et
849 3176 912 3238 quo
927 3152 1024 3218 modo
1039 3175 1116 3240 erga
1129 3153 1213 3238 ipsos
1234 3155 1276 3218 sit
1290 3153 1419 3230 affecta)

391 3235 435 3300 Et
535 3247 578 3301 tet
603 3239 693 3313 scire,
720 3251 852 3304 caeteros
882 3240 1010 3324 quidem
1041 3239 1081 3303 de
1110 3239 1180 3324 agri
1208 3238 1328 3304 finibus
1354 3259 1419 3304 cum

389 3259 537 3408 gentihhh
559 3322 702 3387 finitimis
723 3325 883 3390 dimicare.
909 3326 999 3388 nobis
1019 3346 1104 3402 vero,
1121 3327 1148 3388 si
1165 3325 1341 3408 vincamur,
1356 3327 1421 3390 uni-

389 3431 464 3473 cum
480 3410 609 3474 minime
623 3409 756 3474 dubium
771 3411 866 3474 finem
885 3411 917 3474 in
940 3413 1085 3476 universa
1105 3421 1211 3476 nostro
1226 3415 1354 3497 regione
1366 3425 1422 3476 sta-

390 3505 494 3558 tutum
521 3496 569 3558 iri.
596 3517 669 3559 nam
697 3499 731 3559 in
757 3519 822 3560 eam
848 3496 990 3584 ingressi,
1019 3498 1111 3561 rebus
1137 3498 1254 3562 nostris
1281 3499 1421 3586 pervim

390 3579 563 3662 potientur.
609 3581 703 3646 Adeo
730 3582 863 3646 istorum
888 3581 1067 3646 accolarum
1093 3583 1317 3670 propinquitas
1338 3585 1425 3649 nohis

392 3667 502 3744 magis,
527 3687 621 3750 quam
652 3668 730 3743 aliis,
757 3681 803 3732 est
832 3668 1019 3752 periculosa.
1064 3667 1130 3744 Qut
1160 3670 1245 3733 onim
1276 3673 1424 3756 potentia

392 3749 583 3815 confidentia
605 3757 654 3836 (ut
675 3775 760 3817 nunc
783 3753 1004 3832 Athenienses)
1027 3776 1116 3819 arma
1139 3756 1252 3820 vicinis
1276 3755 1425 3834 inierunt,
1478 3779 1480 3826 t

392 3833 481 3898 illum
497 3836 636 3922 quidem,
652 3840 707 3924 qui
729 3853 775 3903 eat
797 3840 921 3923 quietus
942 3849 972 3903 et
989 3843 1080 3922 pacis
1100 3844 1261 3918 studione,
1278 3847 1381 3931 etqui
1396 3846 1426 3906 in
1479 3855 1480 3908 ξ

392 3941 450 3984 suo
464 3944 543 4008 agro
557 3936 678 3989 tantum
695 3947 728 3990 se
742 3925 890 4002 defendit,
906 3925 1117 3990 confidentius
1131 3926 1283 3994 invadere
1297 3951 1426 3995 consue·

393 4021 515 4072 verunt.
569 4014 613 4074 At
635 4033 718 4089 eum,
741 4012 796 4098 qui
818 4025 907 4076 extra
931 4017 981 4077 sat
1002 4015 1078 4098 ogts'
1098 4011 1178 4077 linea
1198 4017 1280 4081 hosti
1292 4019 1429 4103 fortiter

406 4204 626 4278 ¹⁰0mnesenim,
637 4207 679 4266 qui
692 4207 788 4266 paribus
804 4223 860 4256 cum
880 4211 989 4260 finitimis
1004 4213 1119 4270 congredi
1134 4213 1225 4261 animis
1236 4215 1326 4275 solent,
1340 4231 1372 4264 eo
1383 4220 1431 4278 imo

394 4268 530 4316 lrbertatem
541 4278 683 4320 conservant
694 4279 767 4334 atque
777 4279 884 4322 tuentur·
901 4275 1008 4326 Aeaea.
1036 4277 1122 4330 Huoa.
1479 4293 1480 4302 ¹

1477 4313 1480 4410 l

1474 4463 1480 4775 l
