2964 4786
338 303 405 366 880
703 297 1007 368 THUCYDIDIS

239 481 302 538 nott
336 465 423 544 aetl,⁷
437 467 595 555 congestis
610 490 741 536 suorum
763 470 972 538 cadaveribus
984 493 1024 536 ac
1044 489 1135 556 pyras
1149 465 1319 554 impositis,
1333 467 1381 533 ibi

231 547 312 660 Νῗίῗ
335 565 574 636 pernoctarunt.
619 556 752 622 Postero
770 579 847 623 sero
866 557 919 624 die
944 556 1151 644 Syracusanis
1169 554 1302 640 quidem
1324 578 1381 620 sua

218 625 320 738 bi'ymp'.
335 638 501 721 cadavera,
525 639 588 706 fide
612 641 741 727 publica
761 644 837 728 ipsis
858 643 945 722 data,
968 642 1197 718 reddiderunt3
1222 642 1380 726 (ipsorum

229 739 271 788 ot.
285 742 310 789 a.
335 747 411 792 vero
436 739 469 790 et
497 729 655 793 sociorum
686 728 727 794 sd
752 729 907 796 ducentos
930 743 962 794 et
987 729 1155 816 sexaginta
1179 727 1379 809 ceciderunt)

231 805 264 914 3·
276 804 305 853 ⁰·
334 829 465 878 suorum
488 835 564 880 vero
578 837 650 880 ossa
663 814 871 901 collegerunt.
918 815 1066 901 ipsorum
1083 836 1158 878 vero
1172 826 1205 878 ct
1218 813 1379 878 sociorum

239 882 307 988 ἐξ·
333 897 482 964 obierunt
496 900 536 965 ad
558 900 802 988 quinquaginta.
848 901 980 967 Etcum
1002 899 1141 966 hostium
1157 899 1269 984 spoliis
1284 900 1379 964 Cata-

333 1003 407 1050 nam
424 985 622 1085 navigarunt.
670 987 748 1052 Erat
766 989 852 1054 enim
867 987 989 1074 hyems,
1005 999 1037 1052 et
1053 985 1172 1052 bellum
1185 985 1279 1050 illinc
1298 1006 1378 1049 non·

333 1069 410 1136 dum
431 1071 647 1138 administrari
670 1094 763 1157 posse
784 1073 961 1150 videbatur,
976 1072 1162 1173 priusquam
1184 1085 1218 1136 et
1240 1069 1379 1137 Athenis

332 1157 455 1242 equites
470 1171 672 1235 arcesserent,
688 1173 720 1224 et
741 1161 822 1225 alios
843 1181 884 1226 ex
906 1159 1083 1258 sociis,an
1105 1157 1273 1245 regioqrem
1290 1157 1377 1222 illam

332 1241 526 1322 incolebant,
556 1258 717 1332 cogerent,
744 1267 786 1312 ne
812 1267 943 1331 prorsus
1015 1257 1116 1309 urtatu
1140 1256 1378 1325 superarentur.

333 1327 436 1394 Simul
466 1331 559 1394 etiam
592 1345 626 1394 ut
655 1331 744 1395 illinc
773 1331 923 1415 pecunias
948 1332 997 1396 ccl
1013 1332 1147 1414 'gerent
1175 1341 1276 1415 utque
1305 1331 1379 1392 alie

334 1413 471 1479 Athenis
493 1414 693 1481 afferrentur.
739 1417 925 1492 Quinetiam
948 1431 985 1482 ut
1004 1415 1126 1502 aliquas
1151 1415 1300 1480 civitates
1321 1413 1379 1478 sibi

332 1498 555 1586 adjungerent,
571 1523 649 1585 quas
664 1515 736 1586 post
757 1525 900 1590 pugnam
922 1502 981 1568 sibi
1001 1501 1124 1567 facilius
1138 1503 1379 1586 obtemperatu-

332 1606 385 1650 ras
410 1607 477 1650 esse
502 1587 685 1671 sperabant.
729 1589 811 1654 Item
836 1600 873 1654 ut
893 1611 967 1654 cum
988 1587 1061 1668 ulia,
1077 1602 1146 1652 turn
1169 1589 1268 1652 etiam
1291 1609 1378 1651 corn·

332 1683 471 1736 meatum
481 1685 513 1738 et
528 1687 653 1752 caetera,
664 1675 779 1761 quibus
788 1697 870 1759 opus
880 1689 972 1752 esset,
985 1689 1215 1760 praepararent,
1228 1673 1318 1760 quod
1331 1675 1377 1738 in-

331 1771 426 1822 eunte
443 1779 515 1822 vere
532 1763 702 1844 Syracusas
716 1761 849 1848 aggredi
865 1762 1055 1826 statuissent.

376 1849 429 1912 ta.
453 1844 561 1931 Atque
576 1843 610 1910 lri
625 1845 754 1932 quidem
776 1847 839 1912 hoc
861 1847 993 1912 oonsilio
1016 1846 1145 1912 Naxum
1169 1855 1202 1910 et
1218 1844 1376 1910 Catanen

330 1929 533 2016 navigarunt,
560 1945 596 1997 ut
619 1935 685 1997 illic
709 1931 935 2018 hybernsrant.
981 1931 1173 2018 Syracusani
1198 1953 1289 2008 vero,
1316 1931 1378 1996 suia

331 2017 465 2081 mortuis
489 2017 629 2103 sepultis,
652 2019 838 2084 concionem
863 2023 1048 2107 aohgsrunt.
1094 2017 1126 2082 T
1128 2039 1190 2082 unc
1212 2031 1322 2082 autem
1344 2019 1377 2082 in

331 2101 468 2166 mediam
494 2105 635 2188 ipsorum
661 2107 897 2172 multitudinem
924 2127 1112 2193 progressus
1132 2101 1376 2181 Hemocmtes,

331 2187 508 2254 Hermonis
515 2193 621 2272 filins,
639 2192 686 2255 vir
700 2213 773 2256 cum
796 2193 919 2256 caeteris
935 2193 969 2255 in
991 2191 1086 2256 rebus
1106 2190 1284 2276 prudentia
1297 2190 1377 2255 nulli

330 2274 498 2349 secundus,
515 2277 695 2341 tumeliam
715 2299 822 2342 rerum
843 2278 1027 2343 bellicarum
1044 2277 1159 2363 peritia
1178 2298 1307 2362 usuque
1320 2299 1376 2362 pa-

255 2401 259 2408 -
331 2369 411 2435 tens,
428 2373 461 2424 et
474 2357 659 2426 fortitudine
681 2363 822 2452 insignis,
840 2366 923 2447 ipsos
941 2363 1163 2440 confirmabat,
1182 2385 1289 2450 neque
1328 2385 1377 2426 ro-

330 2454 413 2526 pter,
425 2445 468 2522 id,
480 2446 567 2532 quod
578 2447 748 2530 acciderat,
760 2451 902 2514 animum
913 2450 1111 2534 despondere
1119 2449 1256 2515 sinebat.
1334 2471 1376 2513 on

330 2527 471 2615 ipsorum
495 2533 637 2598 animum
660 2553 843 2619 superarum
866 2535 962 2600 fuisse
986 2537 1125 2612 dicebutr
1146 2534 1204 2600 sed
1223 2535 1376 2600 culinam

330 2614 548 2684 confusionem
572 2621 727 2686 nocuisse.
774 2621 886 2707 Neque
909 2635 1013 2686 tamen
1036 2625 1118 2705 ipsos
1139 2621 1223 2686 adeo
1245 2643 1376 2708 supera·

331 2712 381 2765 tos
397 2701 500 2781 luisse,
517 2717 552 2769 ut
570 2706 738 2772 verisimile
757 2721 836 2788 erat,
854 2711 935 2791 ipsos
956 2719 1129 2790 superatura
1152 2711 1194 2773 iri
1204 2732 1219 2784 ,·
1241 2730 1375 2793 praeser·

331 2787 388 2850 tim
404 2789 492 2874 quod
513 2791 622 2856 idiotae
637 2805 670 2858 et
683 2794 917 2879 propemodum
940 2793 1078 2860 artifices
1093 2816 1165 2860 cum
1181 2795 1221 2857 iis
1236 2817 1376 2884 pugnas·

331 2885 410 2950 seut,
423 2876 478 2960 qui
493 2879 542 2941 rei
556 2880 702 2944 militaris
712 2881 828 2964 peritia
838 2880 933 2964 primi
947 2879 1137 2946 Graecorum
1154 2882 1375 2946 censebantur.
1477 2945 1478 2948 ,

331 2958 518 3034 Quinetiam
547 2964 646 3048 ipsam
673 2966 791 3030 ducum
820 2964 1056 3031 multitudinem
1086 2983 1120 3032 et
1143 2967 1375 3052 imperatorum

330 3045 457 3111 turbam
481 3053 586 3132 (erant
607 3050 692 3115 enim
717 3053 793 3138 ipsis
839 3053 997 3118 uindecinr
1026 3053 1134 3133 duces)
1155 3064 1187 3117 et
1209 3053 1374 3118 confusam

330 3131 505 3198 multorum
528 3157 669 3215 manum,
685 3160 758 3224 quae
780 3077 898 3204 nullius
921 3140 1055 3224 imperio
1077 3139 1220 3224 parebat,
1239 3139 1375 3204 multum

330 3219 409 3300 ipsis
434 3219 575 3286 offecisse
601 3224 731 3289 dicebat.
776 3225 875 3302 Quod
897 3225 923 3291 si
943 3227 1049 3311 pauci,
1074 3226 1161 3312 iique
1185 3226 1288 3308 periti
1316 3225 1375 3288 int·

329 3320 490 3388 peratores
505 3323 618 3386 essent,
635 3321 729 3395 atque
743 3332 801 3396 per
822 3334 892 3376 eam
915 3310 1061 3398 hyemem
1082 3311 1189 3398 gravis
1203 3324 1374 3376 armatura

329 3390 446 3456 milites
471 3411 698 3479 praepararent,
725 3409 759 3460 et
781 3397 1070 3474 subministrarent,
1093 3397 1210 3484 quibus
1232 3397 1376 3462 deeaeent

330 3496 430 3556 arma,
448 3489 592 3566 utquam
610 3481 769 3548 maximus
783 3496 864 3548 esset
879 3483 1015 3548 militum
1026 3485 1165 3567 graviter
1175 3495 1374 3552 armatorum

330 3585 490 3642 numerus,
506 3580 540 3631 ct
554 3567 584 3630 in
602 3570 724 3632 caeteris
738 3571 787 3634 rei
807 3571 924 3635 bellica
944 3569 1057 3636 studiis
1080 3591 1131 3634 eos
1152 3592 1216 3635 sese
1237 3590 1375 3636 exeram

331 3665 491 3734 cogerent,
508 3652 695 3731 affirmabat,
710 3655 806 3739 ipsos,
825 3659 875 3738 (ut
889 3656 1040 3722 credibile
1054 3655 1249 3738 videbatur,)
1265 3654 1373 3722 adrer-
1477 3679 1478 3718 Τ

332 3737 424 3802 seriis
439 3741 615 3824 superiores
629 3739 772 3820 futuros3
795 3741 881 3828 quod
897 3741 1050 3808 fortitudo
1072 3741 1203 3829 quidem
1220 3743 1229 3806 i
1272 3743 1372 3829 isjans
1477 3827 1478 3830 Ἴ

331 3823 463 3904 adesset,
485 3825 606 3890 ordinis
627 3849 704 3892 vero
721 3828 919 3894 conservatio
941 3829 974 3892 in
999 3829 1094 3894 rebus
1160 3849 1216 3893 ren
1242 3829 1271 3893 is
1297 3842 1374 3894 asset

331 3931 505 3976 accessura.
552 3911 637 3977 Haec
650 3914 734 3978 enim
747 3915 1115 4003 amboprogressusesse
1135 3927 1267 3980 actura:
1292 3917 1373 3980 hanc
1477 3941 1478 3954 ¹

332 3995 460 4081 quidem
483 4001 603 4064 ordinis
627 4005 894 4080 constuctionem,
919 4023 992 4067 cum
1016 4000 1164 4086 periculis
1189 4001 1370 4076 excultam
1477 4069 1478 4074 ,

332 4083 431 4147 animi
446 4106 522 4151 vero
543 4089 756 4170 praesentiam,
773 4089 975 4174 conjunctam
997 4111 1069 4153 cum
1086 4087 1206 4154 tirlucia
1219 4087 1371 4170 scientia,
1477 4091 1478 4108 ¹

660 4275 673 4312 7
695 4271 805 4332 lisccptis
817 4282 862 4322 etc.
885 4276 959 4324 l'alln.
996 4276 1079 4322 liunt.
