3004 4768
348 321 413 380 stt
716 309 1019 376 'l'HUCYDiDlS

253 495 315 544 aett.
349 483 469 548 soiitos.
514 483 795 559 Tuncrero,cum
811 483 892 548 nihil
908 483 982 547 novi
998 482 1085 557 hinc,
1097 491 1168 564 port
1183 482 1275 544 istam
1289 478 1395 561 Phry-

239 559 332 671 5:¹2¹}ss
350 573 436 635 ’ΨΜ
449 573 571 647 meme
588 572 763 647 accidisset,
772 573 840 656 jam
856 569 1068 636 confidentius
1082 581 1113 633 et
1128 567 1348 630 Theramenes
1363 579 1396 628 et

235 689 336 750 otymp.
351 659 572 730 Aristocraten,
588 658 696 734 etalii,
712 673 872 743 quotquot
886 657 935 720 vel
950 679 990 720 ex
1005 656 1079 740 ipsis
1094 651 1335 740 quadringentis
1345 650 1395 714 rel
1498 679 1499 706 r

246 753 321 864 {pet
351 757 443 808 extra
457 742 515 806 hos
529 744 669 827 ejusdem
690 745 854 808 sententias
870 754 970 819 erant,
988 747 1076 806 'eum
1093 761 1200 804 rerum
1214 751 1331 802 statum
1345 739 1395 800 iu·

251 883 314 929 Vn
350 844 511 894 vaserunt.
558 829 661 895 Simul
675 830 760 894 enirn
776 845 860 894 etex
877 851 956 918 agro
969 829 1130 893 Laconico
1142 847 1238 889 naves
1252 823 1322 925 fflae.
1326 825 1396 909 jam
1498 841 1499 848 ¹

257 897 321 1009 gig
350 917 582 993 circuntrectoe,
599 930 631 982 et
647 915 845 1002 Epidaurum
863 916 1016 1002 appulsae,
1032 914 1182 998 AEginsm
1199 911 1397 1010 excursioni-

352 1001 411 1068 bus
433 1000 665 1068 infestaverant.
712 1005 823 1078 Quare
838 1002 1055 1065 Theramenes
1076 999 1209 1076 dicebat,
1226 996 1398 1062 verisimile

352 1111 416 1154 non
440 1109 518 1166 esse,
541 1111 633 1154 naves
655 1111 717 1166 eas,
733 1089 758 1151 si
775 1089 807 1152 in
825 1088 981 1152 Euboeam
997 1087 1194 1169 navigarent,
1210 1085 1245 1147 in
1268 1082 1399 1169 AEgiuae

351 1177 456 1240 sinum
471 1173 565 1240 fuisse
578 1174 768 1252 deflexuras,
780 1188 812 1239 et
826 1197 936 1239 rursus
953 1172 1108 1258 Epidauri
1121 1171 1288 1234 stationem
1304 1169 1399 1233 habi·
1498 1220 1499 1240 ,

353 1279 451 1339 tures,
468 1263 528 1325 nisi
547 1264 659 1328 accitae
682 1264 826 1325 venirent
851 1261 892 1326 ad
915 1283 952 1325 ea
972 1261 1165 1344 peragettda,
1181 1279 1256 1342 quae
1278 1257 1399 1340 etipse

352 1369 478 1432 semper
506 1348 746 1412 criminabatur.
793 1348 1001 1496 Nequapuam
1032 1347 1130 1433 igitur
1159 1343 1299 1426 amplius
1326 1347 1397 1428 qui-

352 1433 535 1498 escendum.
581 1432 726 1498 Tandem
748 1455 835 1509 vero,
860 1455 912 1497 mu
928 1434 966 1496 tis
993 1445 1146 1517 praeterea
1173 1429 1336 1494 seditiosis
1359 1452 1398 1492 ac

351 1520 530 1605 suspiciosis
555 1519 754 1585 sermonibus
780 1519 907 1596 habitis,
925 1522 994 1605 jam
1020 1533 1052 1583 et
1076 1517 1166 1582 factis
1185 1537 1260 1580 eum
1288 1536 1394 1579 rerum

352 1620 468 1670 statuta
487 1607 618 1693 aggredi
640 1621 817 1692 coeperunt.
865 1607 947 1670 Naar
963 1605 1066 1693 gravis
1080 1617 1254 1668 artnaturae
1270 1602 1396 1677 milites,

353 1693 406 1778 qui
421 1691 586 1756 Eetioneae
595 1694 804 1758 munitionem
817 1693 848 1756 in
861 1693 986 1758 Piraeeo
994 1689 1198 1755 aedificabant
1208 1692 1309 1773 (inter
1319 1708 1400 1773 quos

352 1793 420 1843 erat
439 1793 472 1844 et
489 1779 698 1844 Aristocratcs
721 1779 878 1855 centurio,
893 1780 948 1880 qui
973 1801 1061 1843 suam
1089 1775 1268 1842 centuriam
1290 1797 1399 1840 secum

353 1863 517 1942 habebat),
532 1864 809 1950 comprehendunt
821 1864 997 1930 Aiextciem
1009 1866 1093 1928 inter·
1104 1883 1281 1948 paucorum
1295 1863 1400 1924 domi-

352 1966 446 2016 natus
460 1951 597 2037 collegas
612 1952 775 2036 praecipua
797 1951 953 2039 dignitate
974 1951 1156 2036 praeditum,
1171 1962 1204 2013 et
1218 1949 1251 2011 in
1268 1948 1401 2012 alterius

352 2037 497 2104 factionis
511 2037 655 2102 homines
672 2039 810 2104 maxime
820 2059 1026 2122 propensum,
1035 2051 1067 2103 et
1076 2036 1209 2101 domum
1220 2035 1402 2100 adductum

353 2124 385 2187 iu
401 2123 528 2188 vincula
542 2125 726 2211 conjiciunt.
771 2125 862 2210 ipsos
877 2137 983 2188 autern
999 2122 1093 2188 simul
1115 2121 1310 2209 adjuverunt
1324 2143 1403 2186 cum

353 2208 417 2286 alii,
443 2225 510 2274 tum
535 2210 696 2286 Hermon,
713 2211 842 2296 quidam
867 2211 1050 2276 circitorum
1074 2213 1159 2294 apud
1184 2207 1404 2294 Munychiam

354 2297 581 2360 excubantium
596 2295 774 2382 proefectus.
821 2295 883 2362 Sed
897 2297 995 2383 (quod
1012 2296 1185 2360 maximum
1198 2297 1282 2374 erat)
1293 2317 1405 2359 arma-

342 2397 460 2447 ·torum
485 2405 599 2470 agmen
623 2383 733 2448 eadem
759 2383 890 2447 consilia
913 2383 1064 2468 agitabat.
1110 2382 1194 2445 Cum
1218 2393 1330 2445 autem
1348 2383 1407 2446 hoc

353 2469 592 2556 quadringentis
616 2470 831 2534 renuntiatum
855 2469 965 2533 fuisset
989 2467 1213 2550 (considebant
1234 2478 1347 2531 autem
1372 2469 1404 2532 in

354 2557 470 2636 curia),
485 2554 649 2620 confestim
665 2577 775 2636 earnes,
790 2569 907 2641 praeter
921 2555 1120 2704 eospuibus
1135 2555 1197 2617 ista
1210 2574 1277 2616 non
1293 2553 1404 2638 piace-

355 2644 442 2718 bant,
459 2641 562 2726 parati
586 2655 678 2706 erant
699 2645 746 2708 ire
767 2646 806 2707 ad
829 2663 930 2722 arma,
945 2655 978 2706 et
1026 2640 1199 2717 herameni,
1216 2661 1255 2704 ac
1277 2641 1331 2721 iis,
1346 2643 1405 2726 qui

354 2749 427 2791 cutn
451 2749 489 2792 eo
509 2741 608 2804 erant,
626 2729 866 2794 minitabantur.
913 2728 1075 2808 literam,
1091 2751 1124 2792 se
1142 2747 1299 2814 purgans,
1314 2729 1406 2791 dice-

354 2811 419 2889 bat,
433 2835 466 2876 se
480 2827 626 2898 paratura
643 2837 709 2879 esse
720 2817 786 2899 jam
803 2817 849 2878 ire
863 2835 937 2881 cum
953 2817 1031 2897 ipsis
1044 2814 1086 2878 ad
1102 2815 1266 2880 Atreaten
1279 2835 1320 2876 ea·
1334 2817 1410 2877 oin-

353 2902 430 2963 ctdis
440 2899 649 2983 eripiendum.
696 2900 739 2965 Et
750 2915 893 2966 assumto
905 2923 969 2963 uno
984 2923 1002 2963 e
1016 2900 1161 2976 ducibus,
1174 2900 1229 2984 qui
1240 2915 1311 2963 erat
1321 2901 1406 2986 ejus-
1496 2897 1497 2906 ’

354 2986 428 3050 dem
443 2988 619 3063 sementim,
635 2988 724 3073 cujus
747 3001 780 3052 et
801 2988 878 3074 ipse,
894 2985 935 3050 ad
954 2986 1111 3051 Piraeeum
1128 2987 1284 3087 pertexit.
1331 2987 1404 3050 Ad-

350 3070 484 3157 juvabat
509 3085 615 3136 autem
641 3074 738 3156 ipnrm
762 3072 980 3150 Aristarchus,
1007 3085 1039 3136 et
1052 3086 1208 3158 =equttum
1235 3072 1405 3156 juventus.

357 3156 438 3222 Erat
457 3173 561 3223 autem
579 3161 691 3242 ingens
705 3182 743 3224 ac
765 3159 915 3225 terribilis
930 3158 1095 3223 turnultus.
1142 3158 1226 3222 Nam
1242 3171 1276 3222 et
1312 3158 1350 3222 ui
1369 3158 1406 3221 iu

356 3246 435 3308 urbe
444 3245 602 3329 degebant,
618 3245 772 3310 Piraeeum
785 3247 852 3331 jam
863 3259 1066 3330 occupatum,
1076 3179 1320 3308 etAteetctemql

354 3331 410 3416 qui
425 3331 670 3412 comprehensus
692 3331 806 3412 fuerat,
821 3345 925 3397 morte
952 3331 1140 3396 mulctatum
1165 3329 1345 3414 putabant;
1368 3347 1405 3396 et

354 3417 460 3502 quiin
479 3417 601 3481 Piraeeo
615 3432 715 3495 erant,
730 3441 795 3495 eos,
812 3419 866 3504 qui
884 3421 915 3482 in
931 3418 1013 3482 urbe
1027 3431 1127 3493 erant,
1143 3431 1258 3481 contm
1279 3439 1315 3480 se
1330 3433 1405 3482 taa-

355 3518 422 3566 tum
439 3523 503 3566 non
518 3504 627 3567 adesse
640 3506 884 3586 arspicnbaatrrr.
931 3504 1016 3569 Cum
1037 3517 1142 3569 autem
1158 3504 1300 3567 seniores
1314 3525 1407 3592 tegre

353 3588 546 3673 impedirent
567 3611 632 3667 eos,
653 3591 709 3675 qui
732 3613 789 3675 per
809 3591 921 3656 urbem
944 3590 1174 3666 discurrebant,
1191 3603 1224 3654 et
1244 3590 1287 3654 ad
1310 3613 1405 3654 arma

352 3677 551 3758 eorrrpienda
565 3675 758 3754 ferebantur,
779 3699 853 3742 cum
868 3678 963 3742 etiam
980 3675 1188 3764 Thucydides
1205 3674 1404 3753 Pharsaliae,

353 3761 468 3846 hospes
480 3761 637 3846 publicus,
653 3764 707 3847 qui
725 3774 795 3828 tuac
808 3763 927 3842 aderat,
943 3776 976 3828 et
989 3763 1130 3828 officiose
1143 3763 1289 3851 singulos
1299 3765 1404 3849 impe-

352 3846 446 3924 diret,
461 3861 494 3912 et
518 3848 718 3926 exclamaret,
737 3873 776 3914 ne
790 3847 934 3916 hostibus
959 3872 1061 3935 prope
1085 3849 1312 3914 insidiantibus
1339 3871 1399 3936 pa-

353 3935 447 3999 triam
462 3935 646 4018 perderent,
662 3937 861 4021 quieverunt,
873 3950 905 4002 et
919 3959 940 4000 a
954 3935 1100 4002 manibus
1115 3950 1228 4000 mutuo
1242 3935 1305 4002 sibi
1320 3939 1402 4001 affe·

352 4021 457 4085 randis
467 4021 705 4088 abstinuerunt.
751 4023 794 4088 Et
809 4023 1025 4088 Theramenes
1039 4021 1168 4108 quidem
1184 4024 1216 4087 in
1235 4021 1401 4088 Piraeeum

351 4107 521 4192 profectus,
546 4118 733 4192 (pratorum
759 4121 863 4174 autern
890 4112 955 4196 ipse
979 4131 1107 4196 quoque
1129 4109 1296 4196 gerebant
1319 4131 1402 4175 voce
1493 4139 1494 4190 t

352 4205 443 4258 tenus
457 4195 564 4281 gravis
578 4209 748 4258 trrnratuue
771 4195 924 4262 militibus
938 4197 1145 4262 irascebatur.
1193 4195 1400 4261 Aristarchus

1295 3245 1307 3306 i
1324 3244 1407 3324 ium,

417 4388 721 4453 ¹Negotiucapesserunt.
754 4393 829 4442 Vella.
859 4393 920 4441 Rem
932 4395 1030 4456 aggredi
1041 4401 1174 4456 coeperunt.
1202 4393 1311 4440 Atrdae.
