3004 4768
344 318 409 382 458
700 307 1019 378 'THUCYDlDlS

250 513 311 562 nen,
342 484 529 571 quapridr'e',
544 481 614 548 telis
633 491 666 546 et
682 481 797 568 jaculis
810 481 953 569 undique
966 489 1118 566 petentes
1164 477 1229 543 Sed
1252 477 1392 543 Atheni·

235 577 322 688 :³qu
342 591 432 636 enses
454 567 736 674 proper-abanim
758 569 877 632 flumen
902 569 1101 669 Assinarnm,
1127 565 1222 629 simul
1247 563 1392 663 quidem,

230 672 328 820 ‘itit
342 650 1394 835 till”ltittettittt'ttzttltttttltditi?nit

228 831 317 882 'n.c.
345 829 458 895 melius
480 847 585 893 secura
600 841 708 892 actum
732 826 771 890 iri
786 839 945 912 putarent,
966 825 1125 926 sifluuaen
1146 759 1232 924 illud
1250 823 1395 908 majena-

241 897 316 1008 {⁸41⁶
343 927 430 980 sent:
454 912 548 1016 simul
564 914 659 977 etiam
674 912 860 1012 lassitudine
874 909 1069 1014 bibendique
1089 908 1261 1009 desidenq.
1303 907 1396 1010 ‘Cum

343 999 631 1172 tlttptttl
639 996 1073 1172 „titttlttttltrtt
1086 996 1221 1146 tritt
1234 1015 1395 1164 'tutti

343 1173 388 1238 At
403 1173 509 1237 lrcstes
523 1173 589 1236 iun
603 1171 756 1235 instantes
771 1167 937 1234 transitum
949 1169 1016 1254 jam
1030 1166 1188 1232 difficilem
1205 1165 1397 1231 reddebant

344 1258 442 1334 Quod
457 1258 542 1322 enirn
559 1256 618 1320 iter
632 1255 766 1320 conferti
781 1257 885 1320 facere
897 1267 1097 1344 cogerentur,
1112 1251 1187 1316 ¹slii
1199 1273 1301 1337 super
1316 1250 1395 1315 alios

343 1344 516 1442 cadebant,
527 1344 636 1443 etalii
649 1341 728 1406 alios
741 1340 981 1444 conculcabunt,
997 1353 1029 1404 et
1044 1337 1096 1404 alii
1111 1337 1254 1488 quidem,
1272 1340 1308 1401 in
1332 1339 1397 1437 tela

343 1425 1063 1598 c„ruutrtntruznnrnmt
1079 1424 1312 1574 tenter
1329 1443 1397 1609 n

343 1599 526 1665 ulteriorem
556 1598 652 1663 etiam
680 1599 819 1663 fluminis
849 1596 951 1683 ripam
978 1595 1164 1684 transgressi
1197 1595 1397 1682 Syracusani

346 1691 428 1767 (erat
438 1697 544 1750 antem
559 1685 718 1772 praeceps)
732 1697 765 1750 et
778 1684 935 1769 dispositi,
951 1703 970 1748 e
991 1683 1155 1768 superiore
1168 1681 1242 1746 loco
1257 1681 1397 1745 Atheni-

343 1793 432 1836 enses
457 1770 527 1836 telis
550 1769 772 1848 conficiebant,
796 1769 913 1834 multos
939 1769 1034 1834 etiam
1061 1769 1152 1832 avide
1175 1779 1339 1854 potantes,
1366 1781 1399 1832 et

344 1857 427 1922 inter
436 1879 470 1921 se
483 1859 568 1942 ipsos
583 1855 615 1920 in
631 1875 711 1920 cavo
719 1855 860 1920 fluminis
868 1854 959 1920 alveo
969 1854 1182 1941 perturbatos.
1230 1852 1398 1938 Pelopon-

343 1944 421 2006 nesii
444 1965 528 2018 vero‚
552 1941 624 2006 illuc
644 1941 880 2019 descendentes,
903 1941 1105 2007 trucidarunt
1133 1961 1188 2004 eos
1213 1939 1398 2024 praecipue,

343 2029 398 2122 qui
413 2041 504 2094 orant
519 2028 552 2091 in
566 2026 697 2112 flurin„
720 2025 764 2090 Et
778 2047 861 2113 aqua
875 2028 1040 2092 confestim
1055 2031 1103 2089 est
1117 2037 1282 2110 corrupta.
1331 2026 1400 2094 sed

342 2116 485 2200 quamvis
500 2125 532 2178 et
545 2131 639 2177 coeno
653 2111 746 2176 simul
761 2125 793 2178 et
812 2113 967 2200 sanguine
980 2125 1062 2200 essqt
1075 2111 1209 2197 polluta,
1227 2109 1399 2175 nihilomi-

342 2221 403 2264 nus
417 2211 524 2266 tamen
545 2197 723 2278 bibebatur,
739 2209 772 2264 et
792 2198 835 2263 de
848 2219 886 2264 ea
907 2199 1002 2265 multi
1016 2199 1101 2262 inter
1123 2219 1157 2262 se
1170 2195 1401 2285 digladiaban-

342 2299 439 2436 mlli.
463 2369 611 2436 Tandem
627 2391 703 2436 vero
717 2389 791 2436 cum
805 2369 906 2435 multa
922 2369 1078 2436 cadavere
1092 2370 1154 2434 alia
1168 2390 1269 2455 snper
1282 2369 1350 2435 alia
1366 2371 1401 2435 in

342 2455 475 2522 flumine
483 2458 550 2544 jam
566 2458 714 2534 ’acerent,
730 2469 762 2522 et
776 2457 935 2521 exercitus
951 2456 1138 2545 profligatus
1160 2467 1254 2532 esset,
1274 2459 1402 2542 partim

342 2541 469 2626 quidem
485 2479 575 2629 apud
591 2563 727 2620 amnem,
744 2543 861 2628 partim
877 2563 963 2618 vero,
979 2543 1004 2606 si
1024 2543 1096 2630 quis
1111 2543 1209 2608 etiarn
1224 2542 1403 2626 effugerat,
1489 2527 1490 2610 Ῠ

342 2627 385 2693 ab
397 2631 566 2716 equitibus,
584 2627 693 2693 Nicias
716 2649 749 2694 se
771 2630 803 2694 G
824 2627 916 2715 lippo
937 2627 1072 2708 dedidit,
1088 2628 1178 2778 qpcd
1202 2629 1268 2714 ipsi
1292 2633 1401 2722 majo-
1489 2637 1490 2695 l

236 2719 237 2724 ’
343 2733 532 2802 remquam
557 2715 773 2800 Syracusanis,
813 2715 887 2780 dem
901 2713 1044 2780 haberet.
1121 2727 1134 2779 t
1155 2714 1309 2792 camilli,
1327 2728 1403 2781 turn
1488 2763 1489 2790 ,

341 2799 437 2864 πίσω
452 2802 572 2864 ceteris
591 2799 846 2864 Lacedaemoniis
867 2801 1022 2886 permisit,
1038 2813 1074 2866 ut
1096 2801 1255 2865 arbitratu
1273 2824 1339 2866 suo
1362 2801 1406 2867 de

342 2905 377 2948 se
390 2897 580 2950 sternerent:
603 2886 774 2952 sedlerter
786 2891 900 2964 oravit,
916 2899 953 2950 ut
975 2899 1107 2952 caeteros
1127 2886 1245 2951 milites
1261 2889 1404 2956 Attae

342 2991 426 3035 enses
440 2971 586 3036 occidere
599 2983 768 3036 cessarent.
814 2971 929 3036 Postea
943 2993 1020 3036 vero
1031 2971 1193 3058 Gylippus
1207 2973 1403 3058 imperarit,

343 3068 378 3120 ut
392 3057 592 3121 Athenienses
607 3058 674 3142 jam
690 3057 753 3121 vivi
776 3071 988 3144 caperentur:
1017 3070 1049 3122 et
1063 3071 1208 3135 caeteros,
1232 3071 1405 3146 quotquot

341 3163 364 3204 a
382 3142 584 3225 Syraneaunis
609 3142 752 3208 nondum
779 3143 929 3209 occultati
952 3143 1094 3221 fuissent,
1123 3146 1257 3228 (horum
1288 3161 1405 3212 autern

343 3247 499 3302 numerus,
509 3239 578 3292 erat
591 3232 751 3312 magnus)
769 3229 857 3294 viros
873 3232 907 3294 in
929 3231 1031 3294 erdem
1046 3228 1278 3310 deduxerunt3
1304 3233 1406 3318 quin·

342 3311 437 3376 etiarn
452 3325 608 3378 trecentos
628 3313 709 3394 illos,
724 3315 780 3401 qui
801 3327 901 3380 noctu
921 3335 982 3400 per
1003 3315 1108 3380 media
1129 3317 1407 3402 Syramanm

341 3395 491 3481 praesidia
506 3399 704 3478 transierant,
728 3401 840 3478 missis,
856 3401 911 3488 qui
927 3423 978 3466 eos
999 3414 1286 3488 persequerentur,
1310 3425 1406 3469 corn-

341 3482 586 3566 prehendernnt.
631 3485 753 3550 Verum
777 3485 872 3572 hujus
898 3489 1057 3552 exercitus
1082 3510 1120 3551 ea
1149 3486 1287 3574 quidem
1315 3511 1407 3574 pars,

341 3589 414 3652 quae
430 3568 463 3632 in
481 3589 578 3634 unum
594 3570 721 3655 publice
742 3585 905 3637 contracta
919 3571 990 3649 fuit,
1004 3571 1092 3637 haud
1115 3593 1235 3661 magna
1251 3575 1343 3642 tuit:
1368 3599 1408 3642 ea

341 3671 427 3730 vero,
442 3675 515 3740 quae
537 3677 558 3719 a
573 3657 710 3738 prr'uatr's
726 3658 897 3723 hominibus
918 3671 1063 3745 surrepta
1085 3679 1124 3722 ac
1143 3681 1314 3743 nsppressa
1329 3663 1408 3744 fuir,

343 3738 541 3824 magnasnit.
587 3741 715 3828 Hisque
728 3754 796 3808 tota
812 3743 922 3809 Sicilia
935 3743 994 3809 fuit
1007 3765 1042 3808 re
1066 3742 1141 3822 leta,
1157 3746 1286 3832 qnippe
1312 3749 1409 3834 quod

343 3824 398 3886 isti
417 3845 483 3888 non
498 3847 539 3888 cx
561 3828 707 3911 pectione
722 3829 1006 3914 (quemadmodum
1021 3765 1079 3907 illl,
1094 3830 1151 3930 qui
1174 3853 1251 3896 cum
1269 3833 1407 3900 Demo-

343 3909 453 3972 sthene
471 3915 575 3990 erant)
603 3912 686 3996 capti
700 3912 842 3981 fuissent.
886 3915 1048 3992 Quaedam
1072 3927 1169 3980 ettam
1193 3919 1308 3984 ltomrn
1333 3942 1408 3988 non

343 3994 461 4082 exigua
475 4017 548 4082 pars
562 3996 692 4064 interiit.
738 4001 820 4066 lloee
834 4002 918 4066 enim
939 4015 1059 4090 strages
1073 4025 1094 4066 a
1108 4003 1327 4088 Syraaeane
1353 4031 1406 4072 eo-

376 4153 448 4198 ”Alit
465 4167 537 4215 super
558 4157 617 4202 alios
636 4157 759 4218 cadentes,
780 4160 886 4207 invicem
905 4163 1110 4210 conculcabantur
1131 4163 1238 4224 telisque
1256 4171 1286 4212 et
1305 4169 1403 4215 amma

343 4229 447 4278 quorum
459 4219 499 4264 alil
512 4221 594 4268 statim
607 4221 725 4280 peribant,
736 4223 780 4269 alil
790 4237 846 4271 vern
857 4233 903 4272 etc.
926 4225 999 4273 Valla.

376 4283 389 4312 ²
400 4279 453 4329 Hos
464 4295 495 4332 ex
506 4289 607 4345 utraque
619 4285 724 4334 fluminis
734 4294 802 4348 parte
815 4289 958 4350 Syracusani
971 4295 1136 4354 superstantes
1147 4298 1196 4341 etc.
1218 4292 1298 4344 Vella.
