2964 4786
449 300 694 368 HlSTORlAE
718 303 807 368 LlB.
833 304 910 368 Vll.
1137 315 1199 374 405

156 465 292 546 trientes,
308 471 482 535 exercitum
497 472 634 537 abduxit
648 475 678 537 in
695 476 843 540 verticem
856 475 1195 554 rromineTemeniten,
1231 493 1301 540 aen..

157 553 268 640 ibique
276 557 391 620 'castris
411 559 522 642 positis
545 572 779 643 pernoctarunt.
827 561 986 628 Postridie
1007 583 1082 626 vero
1097 564 1196 648 majo·
1218 552 1304 617 Feror:

158 659 227 740 rem
243 661 365 706 mamm
380 644 543 728 copiarum
560 659 682 728 partem
705 646 772 710 acie
794 647 948 712 instructa
962 646 1004 711 ad
1020 648 1196 713 Athenien·
1210 621 1310 746 glyssz'

155 745 242 789 sium
269 748 380 792 muros
395 729 498 806 duxit,
514 753 554 794 ne
577 730 639 794 alio
659 733 698 795 ad
721 753 815 817 opem
835 735 899 797 suis
920 731 1080 797 ferendam
1103 734 1194 799 irent
1221 747 1297 802 91.8.

157 808 310 886 Quadam
336 827 443 879 autem
472 820 626 899 copicmm
650 821 738 902 parte
763 817 803 881 ad
830 816 993 883 castellum
1015 818 1196 884 Labdalum
1224 811 1253 922 ξ·
1267 815 1295 859 ⁰·

158 897 266 978 missa,
282 901 317 962 id
330 902 425 984 cepit,
441 917 473 966 et
488 913 646 988 quotquot
660 903 692 965 in
708 924 746 966 eo
759 916 872 966 nactus
890 915 949 980 est,
966 925 1075 969 omnes
1098 905 1197 969 inter·
1229 891 1294 988 ἦ

156 981 241 1047 feeit.
287 984 320 1049 ls
339 987 424 1050 enim
447 990 534 1052 lucus
549 1011 569 1052 a
582 991 701 1052 caeteris
716 987 962 1052 Atheniensibus
976 991 1117 1074 conspici
1130 1013 1196 1055 non

157 1081 294 1152 poterat.
339 1071 464 1136 Eodem
478 1072 531 1137 die
546 1075 682 1137 triremis
694 1075 787 1137 etiam
804 1074 1049 1141 Atheniensium
1066 1099 1085 1139 a
1101 1077 1197 1162 Syra·

157 1156 284 1219 cusanis
298 1169 392 1243 capta
406 1171 462 1237 est,
479 1160 554 1224 dum
572 1159 613 1223 ad
628 1181 772 1243 magnum
784 1173 917 1243 portum
934 1160 1116 1244 appelleret.

201 1249 234 1306 4.
259 1242 376 1307 Postea
400 1266 477 1309 vero
504 1245 696 1331 Syracusani
721 1245 854 1310 et-socii
881 1267 1010 1310 murum
1037 1259 1199 1312 exstruere

155 1341 336 1413 coeperunt,
352 1330 443 1395 initio
457 1332 497 1394 ab
523 1331 601 1394 urbe
613 1330 708 1408 facto,
725 1352 798 1394 eum
821 1351 880 1415 per
896 1329 1049 1416 Epipolas
1073 1351 1199 1398 sursum

155 1434 265 1478 versus
280 1414 431 1480 ducentes
445 1417 486 1480 ad
501 1414 591 1480 illum
606 1419 736 1480 alterum
747 1411 960 1481 transversum
970 1440 1007 1481 uc
1022 1418 1198 1504 simplicem

154 1521 282 1576 murum,
298 1523 319 1563 a
335 1501 534 1586 Sjtrocusunis
545 1503 616 1586 jum
631 1513 821 1577 exstmctam,
848 1515 882 1566 ut
898 1501 1114 1582 Athenienses,
1138 1501 1200 1568 nisi

155 1585 314 1670 impedire
349 1603 487 1672 possent,
522 1587 762 1652 circumvallare
792 1589 928 1672 amplius
956 1609 1021 1652 non
1058 1601 1198 1675 possent.

155 1669 370 1737 Athenienses
386 1691 501 1750 autem,
518 1695 611 1738 muro
631 1673 672 1738 ad
689 1695 775 1738 mare
789 1674 945 1752 absoluto,
962 1675 994 1738 in
1011 1676 1082 1738 loca
1104 1697 1197 1758 supe-

155 1757 246 1821 riora
254 1759 322 1844 jam
338 1773 582 1843 sereceperant:
606 1759 661 1823 sed
673 1757 843 1844 Gylippus,
857 1763 937 1843 (erat
952 1759 1036 1824 enim
1050 1760 1197 1848 quaedam

155 1843 244 1907 illius
257 1847 341 1908 muri
356 1844 397 1909 ab
411 1845 661 1911 Atheniensibus
676 1846 827 1910 exstructi
842 1867 915 1931 pars
931 1843 1084 1928 infirma)
1099 1859 1199 1911 noctu

155 1929 258 2014 copiis
287 1931 432 1996 assumtis
461 1932 500 1996 ad
532 1931 620 1996 illum
649 1929 822 1995 contendit
869 1929 1079 1995 Athenienses
1110 1953 1197 2011 vero,

155 2019 247 2098 (nam
263 2028 354 2081 extra
367 2019 478 2081 uallum
494 2018 660 2082 stationem
677 2016 849 2097 habebant)
864 2037 936 2080 cum
948 2017 1004 2079 lroc
1018 2017 1198 2096 sensissent,

155 2101 287 2166 obviam
310 2103 339 2166 ei
360 2102 498 2168 iverunt.
543 2103 603 2168 llle
625 2123 712 2180 vero,
737 2124 809 2166 cum
837 2105 890 2166 hoc
918 2101 1197 2181 animadvertisset,

75 2261 83 2271 ‚
154 2209 233 2252 suos
246 2187 390 2254 celeriter
404 2189 541 2255 reduxit.
585 2189 796 2254 Athenienses
811 2200 926 2266 autem,
944 2189 1004 2252 hoc
1019 2187 1199 2252 muro'sub·

154 2272 265 2338 limius
280 2275 426 2352 excitato,
441 2275 503 2360 ipsi
518 2274 646 2360 quidem
661 2273 714 2338 hic
729 2275 879 2338 excubias
898 2274 1044 2362 agebant,
1060 2272 1200 2360 reliquos

155 2365 236 2426 raro
250 2361 353 2426 socios
372 2360 405 2425 in
422 2361 550 2447 reliquis
571 2361 654 2426 illius
677 2358 862 2425 munitionis
885 2360 1039 2442 partibus,
1056 2360 1111 2423 ubi
1135 2361 1199 2424 sin-

154 2446 227 2534 guli
241 2447 395 2512 excubias
410 2461 501 2512 erant
516 2448 628 2528 acturi,
645 2449 713 2533 jam
727 2445 958 2530 disposuerant.
1003 2445 1106 2509 Niciae
1121 2467 1199 2511 vero

156 2531 324 2598 videbatur
339 2533 530 2599 muniendus
540 2555 607 2597 esse
617 2533 714 2608 locus,
726 2553 820 2618 quem
834 2528 1060 2614 Plemmyrium
1073 2544 1198 2596 vocant.

157 2618 234 2705 (Est
249 2632 355 2685 autem
371 2621 625 2704 promontorium
641 2643 659 2682 e
680 2619 811 2705 regione
826 2617 923 2692 urbis,
940 2615 1037 2702 quod,
1054 2616 1086 2680 in
1110 2639 1199 2704 mag-

154 2727 237 2770 num
253 2719 381 2792 portum
401 2706 599 2792 prominens,
612 2707 677 2791 ejus
690 2703 794 2768 fauces
814 2704 980 2783 coarctat.)
1024 2701 1099 2766 Hoc
1114 2704 1197 2766 enim

153 2792 294 2870 munito,
310 2806 506 2857 commeatus
522 2795 556 2855 ia
577 2801 681 2855 castra
693 2789 815 2855 facilius
835 2791 1039 2874 importatum
1055 2788 1093 2851 iri
1111 2789 1198 2875 judi-

151 2877 261 2944 cabat.
306 2877 459 2944 Breviore
473 2879 557 2942 enim
579 2877 745 2941 intervallo
759 2897 860 2960 prope
877 2897 1009 2958 parvum
1027 2875 1199 2960 Syracusa·

154 2987 274 3030 norum
296 2977 424 3049 portum
444 2987 477 3028 se
498 2965 667 3029 stationem
689 2962 862 3038 habituros,
887 2975 1020 3046 meque,
1046 2961 1198 3048 quemad·

154 3053 290 3116 modurn
310 3063 399 3128 tunc,
416 3048 526 3131 facere
547 3051 741 3133 cogebantur,
761 3069 801 3110 ex
826 3046 941 3110 intimo
961 3051 1067 3130 magni
1088 3060 1198 3132 portus

154 3138 242 3214 sinu,
266 3147 359 3220 atque
379 3137 515 3220 bogiore
528 3135 702 3207 intervallo,
729 3155 763 3196 se
784 3131 884 3194 ituros
905 3143 1017 3196 contra
1040 3131 1147 3210 hostes,
1172 3135 1198 3197 si

156 3223 237 3310 quid
253 3224 304 3288 atti
317 3222 415 3286 classe
428 3221 626 3286 molirentur.
672 3215 891 3293 Quamobrem
910 3217 1051 3281 animum
1068 3217 1110 3281 ad
1135 3218 1198 3281 bel-

154 3311 226 3378 lum
242 3309 435 3375 maritimum
446 3309 514 3391 jam
533 3306 632 3393 magis
642 3303 832 3390 appellebat,
847 3304 932 3387 quod
945 3314 1019 3386 post
1027 3302 1198 3367 adventum

156 3395 294 3483 Gylippi
311 3395 467 3458 minorem
485 3415 572 3478 spem
588 3391 629 3456 de
651 3390 745 3453 rebus
760 3387 960 3452 terrestribus
983 3387 1042 3450 sibi
1058 3389 1199 3472 concipi-

156 3480 275 3547 endam
291 3503 357 3545 esse
370 3479 502 3544 rideret.
548 3475 657 3562 Copiia
673 3476 682 3538 i
708 3476 769 3538 itur
791 3484 822 3538 et
837 3473 970 3538 navibus
985 3493 1020 3535 eo
1036 3471 1198 3552 traductis,

155 3569 223 3636 tria
233 3563 476 3654 propugnacula
489 3565 653 3629 exstruxit.
683 3497 723 3626 in
735 3560 784 3624 his
799 3573 903 3623 autem
916 3558 1068 3644 pleraque
1082 3560 1200 3623 instru-

156 3667 269 3720 menta
283 3651 420 3736 reposita
434 3662 541 3724 erant;
567 3662 599 3712 et
614 3669 731 3733 magna
752 3646 890 3730 navigia,
907 3665 1064 3730 navesque
1078 3643 1201 3709 veloces

155 3739 228 3806 illic
241 3740 275 3802 in
291 3738 425 3804 statione
441 3737 508 3820 jam
524 3733 704 3800 manebant.
747 3729 986 3806 ‘Quamobrem
1013 3731 1108 3794 etiam
1125 3745 1201 3795 tunc

157 3825 303 3914 primum
316 3823 458 3889 maxima
479 3819 708 3884 classiariorum
732 3816 868 3880 militum
887 3817 1012 3900 jactura
1029 3815 1111 3880 fucta
1134 3829 1179 3879 est
1191 3839 1200 3892 3

156 3935 237 3980 nam
259 3931 351 3998 aquae
373 3909 507 3996 penuria
527 3904 724 3981 laborabant,
748 3915 779 3967 et
804 3900 916 3990 procul
941 3923 961 3964 o
986 3903 1203 3966 munitionibus

191 4163 284 4216 ‘Nom
303 4162 511 4222 quemadmodum
528 4164 597 4210 tunc.
616 4156 749 4217 longinqua
766 4157 852 4216 portus
871 4159 938 4214 parte
957 4166 1009 4200 sese
1024 4149 1204 4212 recepturomt

150 4231 219 4298 quid
231 4229 312 4274 hostes
323 4227 399 4274 classa
409 4225 562 4271 molirentur.
581 4219 655 4267 Vallo.
896 4282 926 4294 ..

192 4294 207 4332 Δ
220 4293 315 4340 Verum
326 4296 385 4338 tunc
396 4289 504 4352 primum
516 4287 614 4335 novales
624 4297 682 4331 socu
695 4295 743 4328 non
756 4296 842 4343 parurn
854 4281 1070 4343 supersperans.
1086 4279 1202 4328 Acastus.

665 4344 760 4414 ndu
