2990 4792
263 317 268 322 .
329 275 390 338 tet
651 325 655 340 ,
695 263 1003 335 THUCYDIDlS

243 455 309 506 neu
335 462 408 526 quas
422 461 487 504 non
502 453 571 504 erat
584 439 696 524 solida,
712 441 758 506 ite
769 455 803 507 ut
816 463 871 506 eos
885 451 1082 504 transeunt&
1091 436 1244 516 sustinere
1254 447 1374 524 possets
1484 429 1486 518 l

1484 537 1486 572 Ι

231 522 313 584 ΜΨ
336 526 392 592 sed
406 527 513 611 potius
531 539 598 592 er'at
619 549 749 615 aquosa,
764 527 866 615 qualis
887 549 956 591 esse
978 525 1067 614 solet,
1082 523 1253 590 subsolano
1269 527 1377 607 potius
1484 573 1486 594 .

224 589 313 700 ἅμ
337 634 434 700 quem
465 613 571 678 Borea
598 615 748 701 spirante.
794 613 837 679 iis
862 635 929 678 noa
951 613 1015 689 illa,
1038 623 1169 698 propter
1193 608 1377 696 hujusmodi

284 719 311 768 i.
338 707 466 764 ventum
484 699 609 764 nivibus
630 721 809 785 conspersa,
826 721 942 786 squam
965 698 999 764 in
1021 721 1060 763 ea
1074 697 1274 763 vehementer
1296 717 1376 760 arax·

238 781 269 893 g·
281 786 310 832 ⁰·
338 797 417 863 erat,
433 807 529 871 qnam
544 786 599 849 vix
613 787 766 870 capitibus
780 807 876 870 supra
889 807 956 850 corn
970 795 1129 850 exstantes
1150 784 1376 848 transiverunt.

243 861 309 962 ᾖξ’·
340 870 382 936 Et
409 885 541 954 propter
565 870 659 959 hujus
684 873 877 956 tempestatis
899 870 1150 960 magnitudinem
1175 867 1377 955 potissimum

293 945 302 964 ’
338 956 493 1023 evadendi
509 957 639 1022 facultas
652 958 730 1043 ipsis
745 958 861 1024 oblata.
1485 1025 1486 1030 ,

381 1054 435 1110 2⁴.
461 1043 650 1110 Plutaeenses
665 1067 741 1109 vero
755 1068 774 1111 s
788 1045 872 1109 fossa
891 1043 1033 1132 digressi,
1049 1045 1143 1121 viam,
1159 1065 1231 1129 quae
1247 1040 1378 1120 Thebas

337 1129 470 1208 serebat,
484 1131 609 1195 iverunt
628 1129 774 1207 conferti,
788 1131 829 1196 ad
847 1131 994 1196 dextram
1017 1132 1168 1196 hahentes
1181 1126 1379 1192 'Androma-

339 1218 378 1280 iis
398 1216 520 1282 lanum.
555 1216 780 1318 existimabunt
801 1217 886 1318 epim
912 1217 984 1318 ilips
1008 1215 1140 1280 minime
1165 1214 1378 1300 suspicaturus

338 1300 1180 1474 initiati*:trichitiiisiitd
1188 1299 1379 1451 iffi

339 1667 447 1710 versus
464 1648 511 1710 ire
532 1661 762 1731 perrexerunt;
787 1605 910 1712 deinde,
918 1584 1120 1724 divirtentse,
1136 1647 1230 1724 viam,
1246 1665 1322 1732 quoe
1342 1645 1380 1708 ad

340 1746 484 1834 montem
509 1731 579 1810 fert,
600 1734 734 1834 iverunt,
758 1747 790 1799 et
813 1733 968 1820 Erythras
993 1757 1031 1799 ae
1056 1731 1175 1820 Hysias
1199 1731 1381 1832 petierunt:

338 1818 1381 1991 iiiiii..iiiiii.iltt.·3.tti¹¹.iiii.‘¹itiiti}

339 1991 393 2078 qui
408 1991 441 2054 in
456 1991 565 2057 urbem
582 2007 795 2074 reverterunt,
811 2005 976 2080 antequam
993 2015 1107 2057 murum
1121 1993 1237 2076 reliqui
1250 2009 1382 2074 supera·

290 2097 293 2104 ’
339 2089 427 2142 rent:
451 2087 533 2143 unus
556 2101 632 2143 vero
647 2079 830 2165 sagittarius
851 2079 883 2143 in
907 2081 1069 2144 exteriore
1084 2078 1165 2142 losse
1186 2089 1300 2161 captus
1321 2088 1381 2140 est.

342 2162 578 2248 'Peloponnesii
594 2165 702 2250 igitur,
718 2179 886 2252 postquam
902 2164 1024 2232 hostem
1042 2167 1091 2230 ins
1134 2164 1165 2228 ui
1181 2162 1380 2238 destiterunt,

340 2250 478 2400 {itii
495 2248 1309 2412 iiliittiiiiiff*‘itt..li.liiitt⁶’
1324 2248 1382 2398 ii

340 2422 473 2500 oeeteris,
491 2421 547 2508 qui
562 2381 738 2501 dediisseht,
754 2360 913 2488 neminhtii
936 2445 1099 2510 superesse
1113 2355 1383 2501 renuntianiihus:

341 2509 435 2572 simul
455 2529 493 2572 ee
514 2507 582 2572 dies
600 2508 713 2584 illuxit,
730 2510 844 2575 emisso
857 2509 1067 2576 caduceatore
1088 2511 1127 2574 de
1146 2508 1285 2574 induciis
1308 2529 1382 2594 ege·

341 2607 428 2670 runt,
452 2606 488 2658 ut
508 2616 639 2660 suorum
665 2595 820 2662 cadavera
846 2597 1032 2680 reciperent.
1078 2594 1153 2673 Sed,
1179 2594 1310 2681 cognitu
1336 2592 1382 2657 rei

341 2679 482 2756 veritate,
498 2677 625 2766 incepto
640 2681 839 2747 destiterunt.
886 2681 1077 2748 Plataeenses
1093 2683 1201 2770 igitur,
1211 2683 1266 2767 qui
1281 2681 1383 2745 misni·

340 2767 439 2830 tiones
453 2779 654 2849 superarunt,
669 2767 732 2832 hoe
745 2768 845 2832 modo
858 2768 990 2834 salutern
1006 2769 1066 2833 eibi
1080 2789 1241 2854 peperere.

385 2856 437 2916 96.
463 2849 584 2916 Eadem
600 2853 712 2938 hyeme
730 2855 798 2940 jam
822 2855 971 2932 abeunte,
989 2853 1148 2921 Selaethus
1173 2853 1383 2918 Lacedaemo·

341 2935 414 3002 nius
431 2936 664 3004 Lacedaemone
679 2961 753 3005 curn
765 2941 885 3004 triremi
899 2940 1078 3028 Mitylenen
1093 2953 1141 3006 est
1154 2939 1277 3004 mimine.
1314 2939 1383 3004 Hic

344 3021 501 3110 Pyrrham
522 3037 639 3102 vectus,
667 3040 699 3091 et
724 3026 811 3090 illinc
837 3028 950 3092 itinere
975 3027 1112 3112 pedestri
1138 3049 1196 3114 per
1220 3026 1382 3110 quendam

341 3110 491 3174 torrentis
516 3109 640 3175 alveum
666 3112 835 3195 profectus,
857 3135 922 3199 qua
945 3113 1135 3178 munitiones
1157 3111 1284 3176 transiri
1309 3125 1383 3196 pot·

342 3209 446 3271 erant,
458 3195 583 3261 occulte
599 3196 780 3283 Mitylenen
794 3213 841 3263 est
853 3201 1022 3286 ingressus.
1059 3201 1104 3264 Et
1120 3197 1383 3284 Mitylenaeomm

344 3281 588 3369 Magistratibus
602 3282 694 3361 dixit,
711 3285 921 3370 irruptionem
936 3286 969 3350 in
988 3287 1124 3350 Atticam
1141 3284 1258 3350 iscium
1283 3285 1335 3360 iri,
1351 3297 1385 3349 et

343 3367 411 3432 illas
424 3367 637 3454 quadraginta
652 3391 758 3447 naves,
774 3393 852 3458 quas
874 3372 949 3457 ipsis
971 3370 1111 3436 subsidio
1125 3373 1233 3435 venire
1254 3383 1386 3454 oporte-

342 3453 408 3531 bat,
424 3453 518 3518 simul
540 3453 703 3533 affuturas,
724 3477 832 3543 seque,
848 3470 883 3522 ut
904 3457 973 3522 haec
994 3457 1197 3544 significaret,
1212 3469 1246 3521 et
1267 3470 1386 3521 coeters
1485 3507 1486 3510 η

343 3551 479 3615 curaret,
498 3541 698 3624 praemissum
712 3541 816 3608 fuisse.
862 3543 959 3608 Tunc
972 3565 1049 3608 vero
1064 3543 1244 3630 Mitylenaei
1266 3542 1386 3607 confir-

342 3624 420 3691 matt
434 3636 519 3700 sunt,
539 3639 573 3689 et
584 3625 699 3711 animis
720 3627 761 3692 ad
776 3627 985 3694 Athenienses
1001 3630 1106 3694 minus
1128 3629 1388 3715 propendebant,

342 3722 376 3774 et
400 3708 442 3774 de
461 3711 693 3794 compositione
713 3735 787 3778 eum
819 3713 881 3778 iilis
910 3737 1007 3803 agere
1029 3715 1227 3787 destitemnt.
1275 3719 1387 3801 Atque

357 3941 359 3950 ’
376 3929 385 3970 ¹
396 3939 502 3986 lunonis
514 3941 643 3988 deluhmm
655 3944 686 3989 ab
697 3945 846 3993 Androcrate
856 3947 990 3994 conditum.
1010 3947 1072 3994 Atti.
1102 3946 1188 3994 fluns.

377 4001 514 4051 &Graecei
527 4017 612 4052 vocem
624 4005 810 4069 Dryoscrptalar
818 4011 971 4058 retinendam
986 4019 1069 4059 censet
1079 4011 1195 4059 Accolae.-
1212 4011 1286 4057 sicuti
1300 4007 1330 4058 Τ.
1341 4007 1388 4055 tr-

345 4071 398 4115 uiur
408 4070 501 4126 locum,
512 4070 543 4115 sd
559 4082 633 4130 quem
644 4071 728 4125 Quint.
746 4071 824 4120 Fiam.
837 4073 978 4136 Philippum
995 4077 1095 4136 devicit,
1108 4075 1293 4137 Cynoscephalas
1302 4075 1387 4135 suppel-

345 4135 381 4180 ist
392 4145 449 4178 cum
460 4133 578 4190 potuisset
589 4140 614 4178 et
625 4133 676 4196 ipse
686 4137 765 4183 dicere
778 4138 944 4198 Currite-cesis.
951 4195 954 4202 ¹
962 4140 1048 4188 iners.

379 4193 573 4257 leeioponnesii
586 4205 713 4259 postquam
731 4215 746 4246 a
762 4202 870 4249 subsidio
885 4205 985 4252 terendo
1001 4205 1156 4261 destiterunt,
1175 4206 1200 4250 in
1217 4217 1262 4252 rua
1282 4205 1387 4266 quisque

346 4264 451 4310 suttona
462 4268 613 4326 manserunt.
630 4262 704 4311 Veiis.
722 4265 805 4313 inan.
