2964 4786
403 301 651 376 HtsTOruAE
675 308 764 375 Lllh
788 309 847 375 VI.
1092 322 1157 382 869

112 487 199 556 ruat,
214 477 365 556 dicentes,
382 503 416 544 se
435 479 642 566 jurisjurandi
658 479 813 582 religione
836 482 1006 548 obstrictos
1020 503 1097 565 esse,
1119 499 1155 552 ut
1187 500 1250 550 neu.

113 563 326 662 Athenienses
346 589 419 632 cum
438 589 501 632 una
522 578 640 632 tantum
656 588 728 634 navi
753 568 947 652 appellentes
966 568 1152 654 reciperent,
1178 565 1260 677 “¹313'-

113 650 174 715 nrsi
188 651 250 735 ipsi
265 650 372 735 plures
389 654 512 718 abillis
530 651 743 718 accersissent.
788 653 1006 730 Quamobrem
1023 658 1154 722 Atheni·
1169 641 1263 740 δὴ·
1367 728 1370 734 ,
1414 651 1420 664 ’

111 749 195 801 erues
221 736 261 802 re*
280 737 396 804 infecta
418 739 638 804 discesserunt.
683 739 767 804 Cum
794 752 901 806 autem
927 763 1112 808 exscensum
1135 766 1153 810 e
1182 707 1221 804 si.
1234 707 1268 806 ii

111 822 244 888 navibus
264 823 299 888 in
321 824 481 910 quandam
496 826 567 909 agri
590 825 782 910 Syracusani
804 839 927 910 partem
943 826 1099 910 fecissent,
1121 843 1153 898 et
1179 819 1212 930 g·
1225 821 1253 868 ⁰·

109 909 235 993 praedas
249 910 396 996 egissent,
411 923 442 976 ct
459 912 730 995 Syracusanorum
747 915 867 997 equites
880 916 1098 994 accurrissent,
1121 928 1154 984 et
1188 897 1254 998 ἓ

112 995 282 1062 nonnullos
296 996 373 1061 levis
388 1013 559 1065 armaturae
575 996 689 1062 milites
704 997 904 1065 Athenienses
917 998 1040 1084 palatos
1055 1003 1152 1068 inter-

110 1080 264 1155 fecissent,
282 1081 438 1150 Cstanam
454 1106 488 1148 se
502 1096 698 1168 receperunt.

153 1175 207 1232 53.
230 1167 302 1232 lllic
327 1183 434 1234 autem
457 1169 624 1234 offendunt
648 1168 853 1236 Salaminiam
883 1191 994 1236 navem
1018 1171 1153 1240 Athenis

109 1251 248 1331 missam,
264 1255 495 1322 tumadversus
507 1255 715 1336 Alcibiadem,
726 1269 772 1332 ut,
783 1256 838 1342 qui
850 1255 881 1319 in
895 1278 933 1320 es
944 1255 1152 1338 vehebantur,

102 1338 255 1487 {elaborent
268 1341 372 1406 redire
386 1340 427 1408 ad
442 1341 698 1426 respondendum
710 1342 907 1419 criminibus,
919 1364 1054 1428 quornm
1069 1345 1153 1430 pub-

123 1424 169 1489 'cc
182 1426 435 1503 insimulabatur,
451 1441 518 1494 tutu
535 1427 683 1492 adversus
698 1428 852 1515 quosdam
869 1428 946 1492 alios
957 1430 1082 1507 milites,
1095 1433 1152 1518 qai

109 1531 181 1575 cum
205 1533 244 1576 eo
258 1526 367 1578 erant:
395 1515 565 1598 dequibus
587 1513 741 1581 indicium
764 1513 905 1579 delatum
926 1514 1040 1594 luerat,
1063 1517 1150 1601 quoti

108 1595 206 1681 impie
227 1599 376 1683 mysterio
400 1599 596 1686 polluissent,
622 1600 739 1684 partim
765 1622 851 1677 vero,
877 1601 963 1685 quod
993 1601 1151 1668 Mercurii

107 1683 277 1750 simulacra
300 1685 478 1752 violassent.
523 1684 731 1752 Athenienses
753 1687 836 1750 enim
862 1700 931 1768 post
953 1687 1062 1754 classis
1085 1688 1150 1754 dis·

107 1789 242 1848 casum,
266 1771 367 1834 nihilo
392 1771 495 1839 minus
518 1773 725 1858 qnaestionem
751 1771 911 1836 habebant
931 1771 971 1836 de
994 1776 1150 1859 mysteriis

106 1855 248 1938 pollutis,
263 1868 294 1921 et
309 1857 489 1927 devicistis
504 1857 661 1924 Mercurii
682 1857 869 1924 simulacris.
914 1857 1077 1934 Quoniam
1093 1881 1150 1925 au·

107 1954 172 2005 tem
187 1965 253 2006 nun
268 1943 478 2029 explorabant
489 1945 618 2020 indices,
630 1943 685 2008 sod
700 1965 809 2011 omncs
821 1943 991 2026 suspiciose
1001 1944 1148 2010 admitte·

107 2025 196 2105 baut,
220 2030 263 2093 ob
286 2029 380 2094 iidem
405 2031 558 2114 improbis
580 2029 763 2096 huminibus
784 2028 937 2106 habitam,
964 2051 1005 2092 ex
1027 2029 1149 2098 civibus

105 2117 246 2198 optimos
265 2116 586 2201 comprehenderunt,
601 2129 634 2180 et
656 2116 688 2180 in
704 2116 831 2182 vincula
848 2115 1071 2198 conjecerunt:
1099 2139 1149 2182 sa-

106 2199 169 2266 tius
182 2223 250 2266 esse
258 2201 449 2288 judicantes,
465 2202 527 2268 hac
541 2204 581 2268 de
595 2224 631 2268 re
644 2202 852 2288 questionem
866 2197 996 2279 habore,
1012 2215 1045 2266 et
1058 2225 1148 2287 repe·

104 2287 181 2365 rire,
197 2309 293 2374 quam
308 2302 442 2374 propter
456 2289 569 2356 indicis
586 2289 833 2372 improbitatem,
848 2286 996 2372 aliquem,
1012 2286 1087 2352 licet
1100 2290 1149 2354 nir

105 2376 228 2458 probus
244 2397 310 2440 esse
324 2376 494 2452 rideretur,
520 2386 711 2449 accusatura,
726 2371 816 2439 nulla
838 2373 1013 2456 quaestione
1027 2373 1147 2453 habits,

105 2459 253 2526 evadere.
298 2460 442 2546 Populus
457 2464 554 2540 enim,
568 2461 622 2547 qui
637 2457 722 2526 mma
743 2471 916 2543 occeperat,
934 2458 1088 2526 Pisistrati
1110 2483 1148 2528 sc

103 2544 245 2610 filiorum
274 2547 477 2632 tyrannidem
506 2545 655 2612 extremis
692 2546 759 2630 ejus
786 2559 849 2610 tem
895 2543 982 2609 ribus
1017 2565 1148 2631 gravem

104 2630 211 2708 fuisse,
232 2645 387 2717 praeterea
410 2653 512 2718 neque
533 2655 553 2696 a
576 2655 620 2707 se,
645 2651 750 2716 neque
772 2629 813 2693 sb
835 2565 1028 2706 lidimodio,
1051 2631 1106 2698 sed
1123 2653 1148 2696 a

106 2715 360 2783 Lacedaemoniis
374 2739 524 2800 eversam,
539 2737 664 2803 semper
683 2715 856 2796 metuebat,
876 2727 910 2780 et
923 2717 1031 2780 omnia
1045 2716 1147 2802 suspi-

104 2804 192 2869 ciose
206 2803 391 2892 accipiebat.

150 2899 205 2956 54.
229 2889 314 2955 Nam
329 2891 436 2956 audax
450 2887 529 2954 illud
545 2887 770 2976 Aristogitonis
786 2899 817 2951 et
829 2885 1003 2952 Harmodii
1013 2885 1146 2968 lacinus,

103 2989 239 3062 propter
253 2978 298 3042 rei
313 2977 476 3080 cujusdam
498 2975 538 3040 ad
554 2995 678 3040 amores
692 2973 880 3060 pertinentis
893 2995 1010 3050 casum,
1026 2975 1066 3038 ab
1084 2976 1148 3042 illis

103 3076 287 3148 susceptum
313 3064 382 3128 funt.
428 3063 536 3139 Quam
559 3083 622 3125 rem
647 3083 708 3147 ego
731 3058 829 3124 fusius
854 3079 989 3144 narrans
1013 3060 1147 3124 demon·

102 3148 223 3228 strabo,
240 3171 343 3238 neque
358 3149 446 3227 alios,
464 3170 566 3234 neque
579 3147 665 3232 ipsos
679 3143 899 3225 Athenienses,
909 3144 950 3208 de
962 3145 1025 3210 suis
1037 3157 1147 3232 tyran·

103 3234 165 3314 nis,
190 3238 300 3301 eutde
322 3259 358 3300 re
380 3248 480 3324 gesta,
496 3233 666 3321 quicquam
690 3231 768 3296 certi
792 3229 907 3294 dicere.
953 3229 1037 3295 Cum
1060 3231 1146 3299 enim

103 3320 288 3388 Pisistratus
292 3323 365 3408 jum
380 3343 478 3387 senex
493 3321 525 3384 in
542 3317 709 3407 tyrannide
720 3317 912 3394 decessisset,
926 3337 989 3380 non
1001 3315 1146 3404 Hippar-

100 3406 185 3473 chus
201 3413 251 3494 (ut
270 3410 382 3494 vulgus
397 3407 594 3488 arbitratur),
610 3405 665 3470 sed
683 3403 832 3490 Hippias,
855 3401 941 3490 quod
966 3414 1047 3468 esset
1067 3415 1147 3468 natu

100 3495 275 3577 maximus,
290 3495 428 3560 obtinuit
441 3493 668 3580 principatum.
715 3491 798 3554 Cum
821 3501 927 3556 autern
946 3487 1147 3558 Harmodius

99 3583 207 3646 aetatis
221 3583 299 3646 flore
320 3581 453 3669 insignis
474 3594 564 3656 esset,
590 3579 801 3664 Aristogiton,
821 3575 950 3662 quidam
973 3597 992 3639 c
1013 3573 1146 3657 civibus,

103 3667 222 3734 mediae
251 3667 443 3734 conditionis
471 3667 529 3743 vir,
559 3687 633 3729 eum
664 3662 842 3738 adamabat,
872 3672 967 3747 atque
996 3660 1145 3727 habebat.

100 3753 177 3820 Hic
191 3768 296 3820 autem
315 3751 512 3820 Harmodius
523 3751 564 3816 ab
580 3749 785 3838 Hipparcho,
797 3745 954 3812 Pisistrati
956 3749 1046 3832 filio,
1061 3755 1146 3814 ¹ten-

98 3853 203 3919 tatus,
220 3863 322 3928 neque
343 3843 374 3905 ei
394 3861 515 3904 morem
537 3859 661 3926 gerens,
676 3859 739 3901 rem
761 3835 802 3900 ad
819 3833 1067 3920 Aristogitonem
1089 3833 1146 3900 de·

100 3928 190 3992 tulit.
238 3927 304 3994 Hic
319 3949 394 3991 vero
408 3947 497 3990 more
517 3937 693 3989 amatorum
709 3921 830 4009 ingenti
844 3919 956 3984 dolore
978 3933 1144 4012 concepto,

137 4148 302 4212 tsppeuuus
313 4150 343 4196 ds
353 4155 437 4212 stupro
448 4155 494 4198 etc.
512 4147 585 4194 Vana.
614 4144 780 4205 compellatus
791 4155 846 4188 raro
857 4141 888 4188 de
899 4145 983 4214 stuppa
993 4144 1044 4219 ⁰²⁰⁰,
1061 4137 1149 4184 Meur-

100 4219 163 4262 atur.
201 4215 291 4280 Πιιρο,
301 4212 382 4273 λῦγσυσ
394 4212 441 4278 sagi
450 4210 561 4266 ensurius
573 4207 702 4276 «perpletis.
714 4207 752 4255 nasi
763 4205 901 4274 mpeditus,
913 4205 1005 4250 issum
1016 4211 1096 4262 haym
1106 4221 1151 4250 ras·

100 4279 191 4332 odron.
208 4280 302 4326 Auidus.
338 4279 381 4348 llp
387 4290 427 4324 ns.
604 4357 625 4400 B
640 4337 661 4400 b
