2990 4792
261 493 324 554 Μ

250 569 335 632 Μαι»
357 572 495 638 noscitis.
539 571 699 657 Denique,
716 583 752 635 ut
773 591 842 636 rein

350 319 423 381 ’iso
720 305 1024 382 THUOYDImS

357 495 453 574 quam
468 505 510 551 iie
525 477 714 572 proeientem
730 483 858 570 quidem
879 505 984 550 rerum
1001 492 1119 548 statum
1135 477 1211 548 satis
1224 477 1307 582 b'ene
1321 483 1396 574 ως-

888 570 973 634 aucis
995 567 1176 654 expediam,
1192 589 1319 634 aurium
1342 587 1397 633 vo·

230 635 341 762 ⁰⁸¹3ss
357 659 471 745 luptati
485 658 618 735 servitis,
630 671 662 722 et
676 657 782 742 potius
796 591 913 720 similes
926 653 1259 756 estisuspectatoribus,
1275 654 1333 742 qui
1347 675 1396 720 ss-

253 765 295 813 ss.
307 763 329 826 i.

254 895 327 941 Vm.

262 959 321 1025 ssi.

216 2045 220 2056 ’
353 2037 569 2114 infensissimi,
585 2057 644 2102 nos
658 2032 853 2120 perderent?
877 2036 977 2121 Atqui
992 2034 1055 2100 boc
1068 2047 1116 2100 ast
1129 2035 1277 2112 atrocius,
1295 2057 1394 2122 quani
1491 2085 1492 2088 η

355 746 442 824 dent,
465 760 498 811 et
519 744 654 810 audiunt
674 741 842 827 sophistas,
866 763 962 828 quani
984 761 1070 824 siris,
1093 741 1148 828 qui
1170 741 1213 805 de
1232 739 1397 827 republica

399 927 454 984 39.
478 920 543 983 “A
558 914 673 1003 quibus
688 914 770 980 vitiis
783 935 845 1004 ego
858 937 915 980 vos
933 933 1068 980 avocare
1081 935 1211 991 conans,
1223 912 1398 998 pronuntio

357 1025 454 1068 unam
480 1005 612 1068 omniims
638 1000 899 1088 Mitylenaeomm
926 1001 1086 1066 civitatem
1108 1000 1198 1065 vobis
1218 999 1395 1065 maximam

355 1090 503 1178 injuriam
528 1090 596 1176 Jam
618 1086 739 1155 iecisse.
785 1086 858 1174 Ego
878 1087 962 1151 enim
990 1085 1061 1163 illis,
1088 1087 1143 1173 qui
1169 1097 1309 1150 vasbnm
1336 1087 1395 1151 isn-

355 1177 480 1260 perium
496 1174 577 1240 ferre
591 1188 765 1260 nequeunt,
781 1187 837 1238 aut
857 1173 911 1260 qui
926 1173 967 1238 ab
983 1173 1125 1237 hostibus
1143 1173 1257 1249 coacti,
1272 1170 1396 1238 deiece-

355 1275 441 1342 runt,
457 1263 581 1326 veniam
596 1261 650 1324 do.
697 1259 761 1325 Sed
775 1281 848 1324 cum
864 1258 921 1336 illi,
936 1259 1014 1346 ‘qui
1028 1258 1163 1324 insulam
1185 1257 1350 1335 tenebant,
1365 1271 1396 1324 et

354 1349 468 1414 urbem
491 1348 591 1414 muris
612 1347 748 1411 cinctam
771 1345 963 1421 incolebant,
987 1361 1017 1410 et
1041 1346 1095 1432 qui
1118 1367 1137 1410 a
1163 1346 1243 1409 mari
1270 1358 1394 1410 tantuin

354 1449 481 1499 nostros
494 1433 601 1498 hostes
616 1432 810 1508 metuebant
823 1431 877 1495 ubi
892 1445 925 1496 et
938 1430 998 1518 ipsi
1014 1431 1108 1494 firmo
1122 1431 1395 1517 classisapparatu

354 1520 505 1585 adversus
526 1539 581 1585 eos
602 1532 695 1584 erant
716 1517 985 1606 maritimisque
1007 1515 1129 1605 legibus
1150 1530 1286 1595 omnies,
1302 1518 1395 1583 liberi

355 1607 512 1684 vivebant,
528 1618 560 1670 et
582 1619 656 1670 ante
677 1622 788 1668 omnes
801 1627 821 1668 a
835 1603 928 1668 nobis
952 1603 1203 1682 honorabantur,
1220 1603 1297 1668 talia
1318 1601 1394 1668 faci·

354 1713 435 1758 nora
449 1693 625 1778 petrarium
649 1690 727 1778 quid
742 1688 839 1766 aliud,
879 1711 951 1754 uam
968 1689 1097 1756 insidias
1108 1688 1261 1766 iecerunt,
1273 1690 1393 1756 belluni

353 1780 460 1866 potius
489 1778 667 1854 inferentes,
691 1797 787 1864 quani
817 1776 839 1841 d
871 1777 1026 1840 actionem
1055 1775 1214 1853 ndentes
1243 1775 1394 1860 (deiectio

353 1867 439 1928 enim
461 1876 509 1930 est
528 1864 667 1940 illorum,
683 1863 739 1950 qui
762 1862 825 1925 vim
846 1862 985 1949 aliquam
1000 1863 1180 1948 patiuntur)
1199 1885 1396 1950 operamque

353 1951 521 2029 dederunt,
535 1963 570 2015 ut
580 1951 700 2037 junctis
713 1947 838 2033 opibus,
850 1969 922 2013 cuni
938 1949 1078 2035 illisqui
1092 1949 1186 2014 nobis
1199 1962 1274 2014 suut
1289 1949 1395 2016 hostes

352 2123 380 2188 si
406 2145 463 2208 per
487 2145 531 2200 se,
557 2125 673 2207 soliqise
687 2121 786 2207 partis
807 2119 925 2205 opibus
947 2120 1066 2186 bellum
1088 2123 1180 2188 nobis
1201 2121 1393 2187 intulissent.

353 2231 458 2296 neque
478 2210 673 2273 calamitates
694 2206 840 2285 alioruin,
856 2209 922 2292 qui,
939 2220 1011 2292 poet
1031 2206 1241 2274 desectionem
1256 2228 1278 2271 s
1299 2207 1394 2273 nobis
1491 2291 1492 2296 ἵ

353 2293 482 2373 ἥκωσι,
497 2296 531 2358 in
546 2294 727 2359 servitutem
748 2295 815 2380 jain
831 2305 905 2359 sunt
920 2293 1051 2372 redacti,
1066 2293 1295 2386 documentum
1316 2295 1394 2380 ipsis

351 2379 498 2484 fuerunt}
528 2403 632 2468 neque
645 2401 787 2482 pfaesens
796 2383 943 2482 ‘ipsumsi
957 2380 1087 2446 felicitas
1100 2381 1186 2466 ipsos
1202 2403 1221 2446 a
1242 2381 1396 2466 periculis

352 2468 508 2570 adeundis
535 2466 806 2619 g⁰²⁰¹¹¹¹.¹t‘.g⁸⁶l¹
840 2477 947 2532 sutem
977 2467 1112 2532 sedeces
1140 2466 1182 2532 ad
1210 2465 1332 2549 futura,
1364 2477 1398 2534 st

351 2567 539 2719 tritt,
556 2565 1397 2744 llffiildittili‘inffilffiillssiiibi

352 2728 414 2791 mis
434 2725 541 2813 potius
562 2747 658 2812 quam
674 2725 1010 2813 jure—disceptandum
1033 2739 1205 2792 censente.
1221 2749 1287 2812 quo
1307 2727 1396 2792 oiiim

354 2824 499 2898 tempore
521 2835 555 2876 se
576 2815 709 2877 vicmres
730 2815 799 2878 iore
821 2823 984 2896 putarunt,
999 2812 1094 2878 nullis
1116 2813 1273 2899 injuriisa
1297 2813 1394 2878 nobis

352 2898 454 2998 affecti
470 2919 528 2962 nos
538 2899 730 2964 invaserunt.
777 2897 846 2964 Ueii
856 2911 961 2964 autem
973 2898 1081 2964 venire
1091 2899 1181 2975 solet,
1195 2913 1230 2964 iit
1239 2898 1396 2976 civitates,

351 2983 416 3048 illes
431 2985 602 3070 praecipue,
613 2985 728 3135 (huibus
742 3005 845 3069 nuper
859 3006 897 3050 ac
908 2999 1025 3070 prater
1038 2987 1308 3070 exspectationem
1323 2984 1397 3050 feli-
1489 3015 1490 3018 ¹

350 3069 428 3135 citas
442 3071 621 3158 contigit‚a
658 3070 858 3136 insolentiam
872 3085 1112 3136 seconvcrtant
1158 3071 1218 3136 Illa
1231 3093 1310 3136 vero
1324 3071 1398 3136 stii-

349 3158 441 3235 cites,
465 3178 538 3244 quae
563 3157 737 3258 secundum
763 3157 918 3222 rationem
945 3157 1128 3224 hominibus
1152 3159 1322 3258 contingit,
1346 3171 1396 3224 est

348 3243 537 3394 pl‘ilerumque
553 3243 706 3394 stabilitor,
722 3264 818 3393 quartili
832 3261 905 3330 quie
920 3257 1038 3392 prfaetei·
1050 3257 1322 3394 exspfeosstionem
1338 3267 1398 3396 aile-

348 3344 442 3494 ilii·
459 3331 1397 3503 tittttttt‘lttttmottttt.ttt²3tt⁰ttz

347 3503 423 3567 dciii
489 3502 651 3590 itylenoeos
667 3501 756 3567 nullo
776 3502 927 3586 peculiari
943 3502 1066 3568 honore
1082 3519 1199 3587 proeter
1221 3517 1361 3568 cataros
1376 3529 1397 3570 a

348 3591 442 3654 nobis
454 3590 552 3665 affici3
583 3602 615 3654 ct
630 3611 669 3654 eo
684 3588 869 3673 petulantias
883 3590 1042 3676 progressi
1057 3611 1122 3654 non
1137 3601 1250 3655 essent
1296 3589 1397 3676 (Hoc
1487 3619 1488 3624 ¹

348 3677 434 3738 enim
449 3675 567 3760 alioqui
579 3689 693 3740 natura
707 3687 926 3761 comparatum
942 3687 1001 3756 est,
1010 3689 1046 3740 ut
1058 3675 1155 3740 bomo
1169 3699 1242 3741 euin
1257 3676 1396 3763 quidem

347 3775 543 3842 contemnat,
563 3785 582 3827 a
603 3783 669 3848 quo
689 3761 825 3838 colitur3
847 3782 921 3826 eum
945 3784 1020 3827 vero
1041 3762 1227 3843 admiretur,
1250 3764 1307 3864 qui
1330 3764 1397 3850 ipsi

347 3869 413 3912 nou
429 3847 537 3930 cedit.)
592 3847 802 3913 Plectuntur'
829 3847 893 3912 ‘tur
913 3847 962 3911 vel
984 3870 1071 3912 nunc
1086 3869 1146 3933 pro
1166 3849 1398 3935 magnitudine

348 3934 482 4019 injuriae,
498 3957 602 4020 neque
616 3935 725 4020 paucis
739 3871 868 4021 quidlm
884 3932 979 4018 culpa
989 3934 1158 4013 tribuatur,
1174 3936 1264 4021 plebs
1278 3957 1361 4002 vero
1376 3961 1397 4003 a

346 4019 436 4085 vobis
458 4020 652 4086 absolvatur.
699 4019 784 4086 Nam
807 4020 945 4085 universi
968 4023 1087 4106 pariter
1109 4043 1167 4087 noi
1189 4023 1396 4105 invaserunt,

377 4233 389 4262 θ
402 4230 434 4276 Hi
447 4243 503 4277 iero
512 4243 569 4278 ciim
578 4231 684 4278 insulani
695 4231 813 4289 incolant,
824 4243 927 4292 samque
936 4232 1058 4279 munitam
1068 4238 1114 4278 etc.
1126 4229 1235 4279 Anao.
1269 4231 1322 4286 Qui
1332 4246 1398 4282 vcro

343 4295 487 4342 stimulam
495 4295 750 4353 incolant,etmoenis
762 4295 866 4345 babeant
879 4303 924 4343 etc.
950 4296 1019 4344 Casu.
1056 4296 1143 4344 liuns.
