2990 4792
320 255 363 322 90
691 251 992 322 THUCYDlDlS

223 441 285 492 aet
317 429 385 495 sine
405 424 542 492 induciis
562 423 635 495 illos
656 437 873 512 susceperunt
918 423 963 493 Et
985 422 1210 512 Peloponnesii
1306 445 1365 492 ero

211 509 294 620 ⁹²¹⁰}
317 514 370 582 die
385 527 543 600 tropaeum
566 525 754 579 statuerunt
801 511 880 577 Hoc
901 513 1008 578 eutem
1033 510 1190 578 auxilium
1214 439 1364 578 meoli

201 587 300 702 &imp
318 598 567 666 Atheniensibus
588 621 630 664 οι
651 611 774 664 uetmto
794 598 953 664 societatis
973 597 1095 665 foedere
1115 597 1289 666 miseruntz
1320 598 1363 665 nd

215 703 289 752 eta.
317 688 390 752 illos
404 687 499 752 οιίιω
511 698 667 752 venerunt
685 684 845 763 Larisssei,
862 683 1030 764 Pharsalii,
1047 683 1176 763 Parslii,
1194 684 1363 764 Cranonii,

215 767 247 878 3·
260 767 287 816 ⁰·
319 773 492 854 Prasino
516 771 624 849 rtonii,
638 769 776 838 Pheraei.
814 771 897 857 Ipsis
908 793 984 838 vero
995 783 1165 858 praeerant,
1177 793 1219 836 ex
1231 770 1365 836 Lorisss

221 845 288 946 ἐξ·
317 861 459 948 quidem,
505 858 676 951 olymedes‚
691 870 725 924 et
738 857 943 939 Aristonous,
954 857 1088 924 diversus
1101 871 1235 946 uterque
1248 857 1365 924 fectio-

317 948 384 1026 nis3
407 967 447 1012 ex
469 945 624 1012 Pharsalo
642 967 729 1022 vero,
747 942 891 1010 Mmons
913 958 1005 1010 erant
1026 957 1061 1011 et
1075 947 1200 1011 oaeteris
1220 947 1365 1030 deinceps

316 1055 357 1100 ex
372 1032 503 1122 singulis
517 1029 697 1098 civitatibus
711 1030 761 1096 sui
775 1032 891 1119 cuique
904 1031 1060 1116 prefecti.

360 1128 414 1188 23.
446 1117 670 1205 Peloponnesii
695 1138 782 1195 sero,
809 1138 884 1184 cum
910 1115 1120 1183 Athenienses
1145 1117 1187 1183 ad
1210 1117 1363 1204 proelium

316 1229 391 1273 cum
410 1207 487 1292 ipsis
503 1203 767 1270 committendum
809 1203 916 1270 rodite
934 1203 1119 1281 noluissent,
1140 1205 1235 1270 motis
1251 1205 1365 1270 eastris

315 1295 358 1359 sb
384 1293 552 1368 Acharnis,
576 1290 749 1357 nonnullos
808 1292 854 1356 ios
879 1312 979 1378 pagos
1005 1302 1179 1368 vastarunt,
1205 1290 1261 1378 qui
1287 1293 1364 1356 sunt

317 1381 402 1445 inter
418 1376 610 1444 Pmnethem
626 1390 658 1442 et
670 1376 843 1442 Brilessum
860 1391 993 1442 montes.
1039 1376 1128 1442 Dum
1141 1391 1248 1445 sutem
1263 1375 1317 1444 isti
1330 1378 1364 1442 in

318 1466 429 1532 Attica
439 1477 552 1542 essent,
562 1463 774 1530 Athenienses
785 1475 913 1528 centum
925 1485 1032 1542 noves,
1044 1485 1125 1550 quss
1134 1458 1364 1542 instrrsxerant,

317 1567 349 1618 et
364 1555 396 1617 in
419 1551 469 1653 his
485 1545 573 1656 mille
592 1550 696 1634 gravis
719 1561 891 1616 nrmsturae
911 1549 1037 1651 milites,
1060 1564 1093 1615 et
1112 1549 1364 1651 quadringentos

316 1635 1365 1808 nitettttttiitltt‘ttntitlt{stitit

317 1809 549 1898 tigonisstlius:
570 1824 666 1897 utque
680 1807 714 1874 hi
725 1809 855 1897 quidem
871 1830 945 1874 eum
959 1809 1022 1875 hoo
1036 1821 1194 1895 sppsrstu
1205 1808 1364 1876 solventes

316 1921 337 1963 e
348 1911 446 1984 portu
459 1896 546 1962 ‘vela
559 1895 712 1962 iecerunt.
747 1895 972 1982 Peloponnesii
985 1918 1062 1962 vero
1073 1895 1197 1962 tamdiu
1205 1896 1238 1960 in
1252 1895 1367 1961 Attiou

318 1984 443 2062 morati,
457 1983 614 2071 quamdiu
634 1996 831 2048 commestus
850 1982 927 2068 ipsis
946 1981 1170 2069 suppeditavit,
1185 2003 1243 2069 per
1264 1981 1365 2048 Boeo-

318 2070 408 2148 tiam,
425 2092 491 2135 non
507 2091 573 2157 qus
590 2069 800 2154 irruptionem
819 2067 970 2150 lecerunt,
989 2081 1203 2146 reverteruntr
1230 2082 1263 2134 et
1283 2068 1365 2136 dum

319 2157 470 2241 Oropum
495 2155 707 2240 praeterirent,
734 2155 897 2242 regionem
925 2155 1053 2221 nomine
1080 2154 1238 2233 Piraioen,
1265 2177 1364 2242 quem

318 2243 437 2328 Oropii
462 2241 704 2308 Atheniensium
730 2241 865 2326 imperio
887 2240 1022 2328 subjecti
1044 2241 1165 2322 nolunt,
1188 2255 1363 2308 vastarunt.

319 2332 358 2396 ln
379 2327 633 2414 Peloponnesum
652 2349 728 2393 vero
745 2327 889 2414 regressi,
906 2329 941 2392 in
955 2350 1029 2394 suus
1047 2329 1165 2415 quique
1182 2329 1276 2395 urbes
1298 2327 1365 2392 dis-

318 2428 491 2482 cesserunt.

362 2512 416 2568 24.
447 2503 659 2568 Athenienses
674 2515 782 2566 antem
801 2516 874 2587 post
892 2502 1007 2567 horum
1024 2502 1196 2568 discessum
1213 2500 1367 2587 praesidin

318 2602 405 2655 terre
418 2589 563 2675 marique
576 2588 810 2674 disposuerunt,
822 2587 1093 2676 quemadmodum
1109 2602 1178 2654 toto
1191 2587 1267 2652 belli
1282 2600 1366 2652 tem·

318 2695 398 2762 pore
411 2698 520 2762 mum
534 2689 627 2740 erent
641 2687 801 2741 tutetursr
833 2675 1005 2760 quinetiam
1026 2674 1102 2759 ipsis
1117 2673 1237 2762 placuit
1251 2695 1292 2740 ex
1307 2695 1366 2760 pe·

319 2763 433 2839 cuniis,
452 2783 525 2847 quae
543 2761 576 2826 in
595 2782 668 2826 urse
686 2773 789 2839 eram,
807 2761 894 2826 mille
911 2759 1029 2826 talenta
1047 2761 1199 2838 eximere,
1219 2773 1251 2825 et

320 2870 407 2929 nere,
432 2869 492 2912 nec
513 2847 716 2932 impenderes
739 2847 795 2913 sed
821 2869 861 2914 ex
887 2845 957 2912 aliis
979 2848 1019 2912 ad
1044 2846 1164 2912 bellum
1186 2869 1284 2936 geren
1309 2869 1367 2913 um

318 2955 455 3000 sumere.
498 2933 598 3012 Quod
613 2933 723 3021 siquis
738 2933 884 3010 dixisset,
891 2947 948 2999 aut
958 2935 1119 3000 decretum
1132 2933 1263 3011 fecisset,
1276 2933 1367 3020 quod

319 3021 471 3107 pecunias
484 3020 558 3086 istos
576 3042 635 3086 suo
655 3019 726 3086 loeo
743 3019 925 3098 movendas,
943 3033 975 3085 et
993 3021 1026 3084 in
1044 3019 1124 3085 alios
1143 3041 1219 3086 usus
1240 3021 1367 3106 impen-

318 3107 441 3174 dendas
454 3107 635 3186 censuisset,
645 3107 706 3173 nisi
721 3107 748 3170 si
761 3104 870 3172 hostes
883 3105 982 3172 classe
997 3106 1108 3172 urbem
1122 3105 1320 3186 invasissent,
1333 3121 1368 3174 et

318 3191 528 3280 propulsandi
558 3208 673 3272 essent,
702 3215 831 3278 poenam
858 3191 1025 3278 ospitalem
1055 3193 1085 3259 ei
1113 3206 1366 3280 proposuerunt.

321 3281 461 3346 Centum
476 3281 571 3346 etism
588 3281 731 3347 triremes
745 3302 810 3346 uns
824 3301 898 3344 oum
913 3279 976 3344 illis
990 3281 1075 3345 mille
1092 3282 1220 3348 talentis
1237 3303 1271 3344 se
1352 3315 1370 3334 ·

319 3378 417 3433 erunt
446 3367 620 3454 quotannis
650 3366 794 3432 omniurn
825 3366 1115 3451 praestantissimus,
1140 3377 1174 3432 et
1197 3301 1368 3453 praellocluos

318 3453 397 3540 ipsis
416 3455 640 3540 assignamnt:
671 3473 807 3554 querum
827 3451 917 3518 nulla
933 3452 974 3518 sd
992 3451 1149 3540 sliudq'
1193 3475 1279 3532 uem,
1301 3453 1367 3522 nisi

318 3562 394 3606 oum
415 3539 465 3603 his
485 3539 562 3624 ipsis
581 3539 736 3624 pssumis,
757 3539 801 3604 ob
819 3538 903 3605 idem
923 3537 1154 3626 periculum,si
1185 3553 1254 3606 oret
1273 3562 1366 3627 opus,

319 3625 474 3691 utentium
489 3647 555 3690 esse
569 3627 775 3691 deorwennt.

362 3717 418 3778 2⁵.
441 3710 652 3776 Athenienses
673 3725 789 3791 eutem,
805 3713 861 3800 qui
882 3734 955 3778 oum
977 3725 1105 3778 ceritum
1125 3712 1260 3780 novibus
1280 3713 1368 3780 oiroa

322 3797 579 3884 Peloponnesum
608 3811 710 3877 erent,
733 3809 766 3864 et
794 3821 868 3865 cum
897 3799 973 3885 ipsis
1000 3798 1176 3887 Corcyroei,
1206 3799 1263 3886 qui
1290 3823 1366 3866 oum

319 3884 552 3986 quinquaginta
565 3885 697 3949 navibus
712 3885 832 3950 auxilio
844 3885 919 3972 ipsis
933 3897 1094 3965 venerant,
1105 3899 1138 3952 et
1152 3885 1302 3954 nonnulli
1311 3886 1369 3954 alii

317 3971 408 4048 socii,
425 3969 527 4059 quiin
542 3971 607 4037 illis
621 3993 656 4036 re
680 3971 806 4038 ionibus
820 3973 1018 4053 habitabant,
1031 3995 1105 4040 cum
1115 3972 1186 4040 aliis
1201 3971 1367 4041 maleficiis

316 4057 622 4146 prseternsvigantes
780 4072 826 4137 nt,
849 4073 917 4126 tum
938 4060 1035 4127 mom
1056 4061 1098 4126 nd
1119 4061 1191 4150 agri
1211 4059 1367 4128 Isaoonioi

504 4252 722 4316 ‘Peloponnesum
732 4254 889 4304 &emuncti
900 4265 964 4306 sunt·
997 4256 1057 4313 Atn
1091 4257 1176 4305 liunt.
