3004 4768
425 285 672 358 HlSTORIAE
697 289 786 358 LlB.
811 291 909 360 Vlll.
1129 301 1193 361 619

118 473 121 486 ·
197 470 250 526 98.
274 461 312 527 ln
329 462 388 528 hac
411 476 517 529 autem
539 487 640 530 rerum
661 466 839 532 mutatione
851 465 958 531 statim
983 465 1146 544 Pisandes,
1161 477 1194 532 ct
1226 473 1287 530 bert.

153 546 313 614 Alexicles
328 573 400 614 cum
417 551 493 631 suis,
508 553 610 638 etqui
624 553 780 644 praecipui
794 565 886 618 erant
904 575 923 616 e
942 571 1118 638 paucorum
1133 551 1192 616 do-
1216 547 1298 606 ¹'⁹¹⁰1’-

153 632 286 711 minatu,
309 638 340 700 in
368 636 537 702 Deceleam
564 657 598 701 se
622 637 854 704 subduxerunt.
901 637 995 704 Solus
1020 651 1124 704 autem
1153 661 1192 703 ex
1208 610 1307 737 ὃῗγέζ,

152 718 216 784 illis
239 723 440 787 Aristarchus
467 723 586 808 (adhuc
610 725 694 788 enirn
721 723 789 788 dux
814 725 897 806 erat)
923 739 1054 810 repente
1082 727 1192 790 sumtis
1217 739 1293 789 tm.

151 805 275 893 aliquot
297 809 476 897 sagittariis,
499 810 553 895 qui
577 824 669 875 erant
691 812 830 875 maxime
851 811 980 875 barbari
1003 811 1043 876 ad
1059 811 1192 875 OEnoen
1221 803 1292 916 ξιξ·

150 895 327 958 contendit.
374 895 453 959 Erat
467 910 572 960 autem
592 896 835 961 Atheniensium
851 897 987 962 munitio
1002 900 1035 961 in
1057 898 1194 962 Bcnotiae
1230 898 1295 982 μ’

150 979 299 1044 confiniis
314 983 389 1046 aito.
436 981 599 1046 Corinthii
613 997 732 1063 autem,
747 983 918 1047 voluntarii
958 983 1053 1070 uique
1068 983 1194 1048 Boeotis

151 1067 269 1142 accitis,
286 1089 355 1132 eam
371 1067 570 1146 obsidebant,
586 1082 718 1154 propter
739 1091 870 1134 suornm
886 1091 927 1133 ex
1033 1069 1082 1133 lea
1096 1091 1131 1134 se
1144 1089 1195 1132 rc·

151 1152 337 1235 cipientium
368 1153 503 1232 cladem,
534 1155 653 1219 coedem
679 1178 719 1219 ue
733 1157 860 1240 factmu
889 1157 929 1219 ob
958 1156 1197 1220 Atheniensibus

151 1243 281 1390 ἱςῖιιιέι
294 1263 335 1304 ex
354 1239 479 1389 ((l⁴¹]noe3
520 1177 849 1392 AristardbpsAEltun
865 1241 1108 1404 ⁰⁰¹¹⁰Z¹¹ldq⁰um
1119 1241 1195 1326 ipsis

178 1346 229 1388 ar
268 1349 351 1404 ,eos
394 1341 506 1404 ecert,
553 1347 688 1391 uraur
773 1349 954 1392 nocnerau
1022 1347 1196 1404 rcens‚eor

152 1433 290 1498 quoque,
307 1416 362 1499 qni
377 1413 409 1476 in
433 1347 513 1477 olibe
531 1349 700 1490 iranapde
714 1415 838 1479 caeteris
852 1415 940 1478 rebus
954 1435 1026 1478 cuna
1043 1411 1195 1478 Lacedte·

156 1499 270 1561 moniis
285 1500 483 1585 transegisse,
499 1512 531 1564 et
552 1513 700 1583 oportere
721 1501 805 1584 ipsos
826 1519 956 1586 quoque
976 1500 1082 1564 locum
1105 1499 1195 1564 illum

155 1583 281 1650 Boeotis
295 1585 433 1650 tradere.
480 1584 545 1650 His
560 1587 645 1649 enim
669 1585 906 1650 conditionibus
928 1587 1194 1670 compositionem
1254 1657 1260 1666 ‚

154 1669 269 1734 factam
285 1673 415 1735 dicebat.
461 1671 513 1736 Illi
528 1692 615 1752 vero,
630 1693 704 1735 cum
720 1674 784 1755 ipsi
799 1685 834 1736 ut
855 1671 929 1736 duci
945 1671 1040 1736 fidem
1062 1671 1194 1736 habuis·

153 1771 236 1836 sent,
250 1770 282 1821 et
296 1779 426 1842 prorsus
441 1758 544 1840 ignari
559 1771 672 1833 esseut.
687 1759 772 1844 quod
788 1757 1019 1834 obsiderentur,
1036 1756 1100 1822 fide
1114 1757 1196 1842 pub-

153 1843 216 1906 lica
232 1843 432 1928 interposita,
444 1845 530 1908 illinc
542 1845 702 1908 exierunt.
747 1843 825 1908 Hoc
839 1844 939 1931 igitar
959 1844 1202 1928 modo'captam'

156 1927 291 1994 OEuoeu
315 1929 426 1994 Boeoti
449 1945 656 2014 receperunt3
679 1941 712 1995 et
734 1929 871 1995 Athenis
893 1949 1070 2015 paucorum
1092 1929 1196 1994 dorni·

153 2028 250 2080 natus
264 2017 400 2081 ειιόἱαιιιι
414 2027 468 2093 est,
481 2027 514 2079 et
529 2015 643 2081 seditio
657 2017 800 2080 cessarit.

199 2111 254 2168 99.
278 2102 342 2167 Per
363 2102 474 2167 eadem
504 2103 598 2188 hujus
627 2103 744 2168 aestatis
767 2117 922 2186 tempora,
948 2101 1197 2188 *Peloponnesii

154 2209 294 2340 sslmlue’
311 2189 365 2273 qui
383 2187 490 2253 Mileti
514 2201 615 2265 erant,
635 2209 708 2253 cum
730 2211 748 2252 a
769 2189 858 2254 nullo
883 2189 1023 2292 illorum,
1038 2188 1155 2289 quibus
1178 2210 1197 2251 a

155 2277 372 2439 atilli-'2¹¹5
390 2274 1198 2448 {thallimili-tillet„,t‘z'hltttlt'ldt

158 2447 338 2513 Phoenissae
358 2467 583 2534 harenaeque
603 2445 833 2532 Tissaphernes
856 2448 924 2511 ullo
946 2447 1044 2512 modo
1064 2449 1196 2522 reniret,

154 2545 189 2599 et
207 2533 384 2618 Philippus,
401 2535 544 2620 quicum
561 2533 630 2619 ipso
651 2533 764 2598 missus
786 2532 899 2611 iuerat,
916 2532 1072 2598 Mindaro
1087 2553 1197 2596 narar-

155 2620 219 2684 cbo
243 2619 428 2705 scripsisset,
452 2633 484 2684 et
509 2619 589 2684 alius
614 2619 843 2706 Hippocrates,
870 2620 918 2683 vir
948 2621 1134 2706 Spartanus,
1165 2632 1198 2682 et

157 2707 213 2794 qui
227 2709 314 2791 apud
338 2704 540 2771 Phaselidem
563 2719 642 2784 erat,
659 2707 739 2770 idem
761 2707 984 2789 ascripsisset,
1002 2727 1104 2791 neque
1117 2704 1197 2770 clae-

155 2814 222 2858 aem
245 2793 333 2856 illam
354 2804 521 2858 venturam
543 2814 619 2869 esse,
635 2805 668 2857 et
690 2814 740 2856 res
761 2813 872 2857 omncs
888 2794 1166 2875 Peloponnesiacos
1178 2814 1198 2855 a

156 2879 374 2965 Tissapherne
387 2879 503 2964 injuste
515 2878 709 2955 labefactari,
722 2878 872 2965 ipsosque
886 2901 906 2942 a
922 2877 1131 2943 Pharnabazo
1145 2897 1198 2941 ac·

156 2966 226 3044 ciri,
242 2987 381 3051 eumque
403 2976 549 3050 paratum
571 2985 638 3028 esse
659 2986 755 3029 nares
776 2967 820 3028 od
841 2985 891 3029 eos
905 2964 1073 3040 adducere,
1089 2975 1121 3028 et
1135 2985 1198 3028 cte-

154 3064 240 3118 teras
254 3073 322 3116 suae
336 3051 511 3136 provinciae
524 3051 665 3116 civitates
679 3050 720 3115 ed
740 3048 947 3116 defectionem
968 3051 1010 3114 ab
1024 3050 1198 3114 Athenien-

157 3139 245 3204 sibus
257 3136 435 3204 faeiendam
457 3136 660 3220 compellere,
674 3135 942 3224 quemadmodum
962 3151 994 3201 et
1009 3133 1199 3221 Tissapher·

157 3226 358 3310 nesflcisset,
374 3223 462 3311 quud
484 3246 524 3288 ex
547 3222 607 3287 hac
630 3245 666 3286 re
687 3223 891 3293 commodum
918 3221 1048 3309 aliquod
1071 3244 1105 3286 se
1167 3243 1199 3286 r·

157 3325 325 3397 ceptorum
340 3323 497 3396 speraret:
521 3310 565 3374 sic
580 3310 679 3390 igitur
696 3309 877 3386 Mindarus‚
886 3308 1016 3373 militari
1031 3307 1132 3393 discip
1147 3309 1199 3374 'ua

159 3411 309 3463 accurme
322 3410 455 3474 serrata,
478 3409 511 3460 et
532 3395 728 3482 profectione
749 3395 857 3460 subito
879 3394 1007 3471 indicta,
1030 3406 1066 3458 ut
1088 3393 1199 3459 lateret

158 3484 277 3561 hostes,
293 3483 349 3570 qui
365 3483 453 3548 Sami
467 3495 566 3558 erant,
587 3503 660 3546 cum
677 3483 779 3547 tribus
798 3496 830 3546 et
852 3482 1053 3569 septuaginta
1066 3480 1199 3545 naribus

162 3569 279 3636 Mileto
293 3569 427 3651 solvens,
442 3570 476 3632 iu
500 3568 748 3652 Hellespontum
771 3567 944 3655 navigavit.
989 3566 1071 3630 llluc
1092 3579 1199 3631 autem

160 3649 322 3743 prius'per
339 3655 423 3721 banc
444 3654 578 3720 eandem
601 3667 743 3720 testatem
765 3656 842 3718 oliae
862 3653 1019 3717 sexdecim
1042 3671 1138 3718 nares
1153 3653 1202 3717 illi

158 3745 283 3828 regioni
304 3743 423 3807 bellum
445 3741 581 3807 illaturoe
604 3742 737 3822 iverant,
752 3752 785 3804 et
808 3740 969 3826 quandam
986 3737 1201 3803 cherrhonesi

158 3843 283 3916 partem
305 3828 539 3894 incursionibus
564 3825 798 3893 infestaverant.
845 3825 909 3891 Sed
932 3837 1117 3911 tempestate
1133 3826 1201 3911 jac-

160 3928 257 3995 tatus,
273 3916 314 3981 ad
331 3916 456 3980 Icarum
472 3913 632 4000 appellere
644 3925 773 3979 coactus
786 3925 843 3978 est.
888 3911 972 3977 Cum
984 3926 1090 3978 autem
1104 3931 1201 3998 prop·

194 4165 381 4224 ‘tl'osteequam
403 4161 594 4221 Peloponnesiis,
610 4162 653 4222 qui
671 4159 751 4207 Mileti
770 4166 850 4218 mant,
867 4171 940 4205 nemo
955 4170 1042 4205 corum
1055 4164 1101 4206 etc·
1112 4157 1203 4218 stipen-

161 4227 405 4340 ilditffmlldbit'
414 4240 444 4277 ec
456 4239 534 4286 neque
549 4225 680 4273 l’hoeuiaeoe
693 4239 765 4272 nares
776 4229 822 4271 etc.
837 4231 890 4270 tum
901 4223 1003 4270 demum
1016 4221 1145 4269 Mindarus
1155 4227 1202 4269 etc.
