2994 4788
409 315 657 386 HISTORIAE
681 315 769 385 LIB.
787 317 853 387 tv.
1083 327 1147 388 228

113 489 228 557 occidit
256 491 332 556 viris
359 491 580 577 prudentibus,
606 489 880 558 considerantibus
909 514 944 557 se
971 492 1104 560 alterum
1129 503 1149 559 e
1182 506 1243 556 aen.

112 577 238 643 duobus
252 577 345 643 bonis
359 579 540 662 adepturos,
556 595 611 643 not
625 599 658 642 se
674 578 803 643 Cleonis
817 579 1057 664 importunitate
1069 580 1148 646 lihe-
1171 573 1257 636 ΜΨ

114 679 218 730 ratum
243 665 283 729 iri
311 665 410 749 (quod
436 665 536 753 magis
561 664 756 750 sperabant)
777 677 842 743 aut,
866 666 892 728 si
917 669 1068 754 opinione
1092 689 1150 733 sua
1164 641 1262 766 yffi,

112 749 412 900 fregonatiluissent,
427 753 513 816 illem
528 749 789 816 Laoedmmonios
803 752 939 818 insuam
961 765 1147 840 potestatem
1172 769 1250 881 {³1⁸⁸ss

170 859 187 899 a
317 883 326 900 ·
1196 863 1205 880 ο

156 855 315 989 tlte-tulbbbb
330 935 436 988 autem
456 943 506 986 res
519 943 629 988 omnes
646 921 688 988 ad
709 924 941 1012 expeditionem
956 927 1148 991 necessarias
1177 901 1248 1014 iffi·

114 1008 147 1072 in
170 1010 323 1073 concione
343 1010 534 1108 peregissety
556 1021 589 1074 et
602 1007 810 1075 Athenienses
828 1010 1063 1095 expeditionem
1085 1013 1149 1078 suis

113 1093 271 1183 suffragiis
293 1097 354 1179 ipsu
378 1093 595 1173 decrevissent,
613 1095 744 1182 ipseque
764 1095 1024 1175 Demosthenem,
1048 1120 1148 1164 unum

112 1203 154 1246 ex
170 1180 316 1268 ducibus,
332 1181 387 1268 qui
401 1180 442 1246 ad
456 1180 570 1265 Pylum
586 1193 688 1258 erant,
699 1181 759 1246 sibl
773 1180 928 1270 collegam
942 1184 1149 1269 adjunxisset,

114 1269 286 1356 evestigio
306 1268 459 1332 discessit.
504 1267 754 1332 Demosthenem
777 1279 880 1333 autem
905 1271 974 1334 ideo
995 1270 1148 1358 collegam

113 1351 173 1416 eibi
189 1355 344 1442 adjunxit,
353 1355 438 1441 quod
454 1352 578 1417 audiret
590 1353 694 1438 ipsum
709 1354 742 1417 in
758 1354 865 1418 animo
879 1353 1006 1434 habete,
1017 1377 1150 1420 exscen-

114 1460 184 1504 sum
199 1461 241 1504 ex
254 1440 386 1504 navibus
405 1438 441 1502 in
459 1439 596 1504 insulam
616 1438 728 1504 facere.
774 1438 897 1505 Milites
918 1442 1002 1506 enim
1024 1441 1086 1506 loci
1100 1442 1150 1505 in-

114 1525 190 1608 opia
208 1527 347 1626 graviter
391 1525 478 1603 ressi,
493 1537 526 1590 et
540 1525 656 1590 obsessi
673 1525 888 1626 potiusquam
905 1529 1093 1604 obsidentes,
1109 1527 1149 1592 ad

114 1612 354 1696 perichtandam
422 1612 444 1675 li
458 1610 617 1676 fortunent
629 1611 745 1676 animis
759 1625 850 1676 erant
862 1615 1023 1700 propensi.
1062 1613 1151 1678 Prte-

115 1711 201 1761 teres
223 1699 292 1782 ipse
312 1697 416 1764 insule
436 1697 618 1762 incendium
636 1718 726 1782 passa
748 1698 809 1846 ipsi
824 1699 906 1762 vires
920 1699 1053 1764 eddidit.
1075 1721 1149 1764 nam

115 1805 189 1848 curn
212 1785 300 1869 prius
320 1797 403 1848 estet
421 1805 538 1870 magne
559 1805 600 1848 ex
622 1795 714 1868 perte
728 1805 764 1868 sy
776 1804 851 1847 vose
865 1797 897 1849 et
910 1785 1004 1863 invia,
1020 1799 1152 1872 propter

115 1868 1151 2022 bibiiiiiilbbffiibihfiffiibi*hq¹¹⁰ii⁶sliii⁰i

116 2041 176 2108 bos
194 2043 227 2104 io
250 1981 366 2108 te‘rram
389 1977 532 2128 egrbssos
552 2041 624 2105 illos
645 2059 682 2105 ex
704 1975 1150 2128 locisgbnbditcibpirruptionem

114 2127 264 2205 facturos,
276 2142 308 2194 et
321 2129 422 2193 multa
435 2127 625 2195 detrimenta
638 2127 697 2192 sibi
711 2126 842 2191 daturos
856 2129 1058 2214 intelligebat.
1082 2127 1151 2194 Sibi

115 2239 193 2282 vero
217 2215 345 2281 illorum
365 2225 479 2293 errata,
499 2226 531 2279 et
551 2223 751 2302 apparatum,
774 2225 908 2298 propter
931 2218 1062 2302 sylvam,
1085 2235 1151 2280 non

116 2303 251 2387 perinde
265 2299 531 2386 perspicaciam
545 2319 674 2364 suarum
687 2319 764 2363 vero
778 2301 941 2384 copiarum
957 2301 1066 2366 omnia
1077 2321 1152 2387 pee-

116 2403 186 2454 cata
204 2389 339 2453 hostibus
359 2384 628 2452 manifestatores
651 2384 858 2471 quamobrem
878 2386 948 2452 illos
970 2409 1011 2453 ex
1032 2389 1152 2472 impro-

116 2471 835 2641 tamttntmtttttttnt
851 2473 1153 2636 'tblll‘clt'l

116 2648 275 2712 dmanus
296 2646 329 2710 in
351 2645 428 2712 locis
447 2645 553 2710 densis
577 2665 636 2730 per
656 2645 720 2707 vim
742 2661 908 2708 conserere
929 2643 1151 2710 contenderet:

117 2733 198 2810 illos,
218 2734 274 2820 qui
298 2745 402 2797 essem
424 2731 599 2816 pauciores,
616 2729 671 2794 sed
695 2729 838 2794 loeomm
865 2731 1039 2814 peritiores,
1059 2730 1154 2818 longe

117 2820 248 2885 meliore
263 2818 444 2884 conditione
458 2837 524 2882 rem
546 2828 690 2904 gesturos
710 2815 938 2896 arbitrabatur,
953 2839 1048 2904 quem
1070 2817 1152 2896 illos,

138 2906 173 2970 ui
202 2925 338 2970 numero
365 2903 676 2989 superiorea‘essent,
700 2915 734 2965 at
757 2902 900 2967 locorum
930 2904 1152 2990 imperitiores.

195 3005 281 3056 terea
295 3011 386 3055 suum
407 2989 591 3066 exercitum,
606 2987 661 3075 qui
682 3008 867 3053 numerosus
888 3005 966 3066 erat,
982 2989 1063 3054 elem
1079 3012 1154 3075 pro-

72 3071 78 3086 ‘
115 3078 263 3163 liigatum
284 3077 335 3153 iri,
355 3078 418 3140 suis
439 3088 549 3159 erepte
569 3073 963 3160 facultate-prospiciendi,
979 3097 1043 3162 qua
1064 3088 1155 3160 parte

116 3165 172 3229 nii
186 3164 257 3229 aliis
270 3176 414 3228 mutuam
429 3183 523 3247 opem
539 3159 621 3225 ferre
634 3172 774 3246 possent.

161 3259 217 3316 30.
242 3250 327 3315 Hmc
337 3261 442 3314 antem
453 3247 651 3332 potissimum
663 3245 706 3310 ob
720 3243 842 3310 cladem
855 3243 1027 3310 AEtolicam
1044 3250 1152 3332 (quarn

115 3355 237 3423 magna
249 3359 292 3402 ex·
306 3350 398 3422 parte
411 3345 543 3419 propter
556 3331 676 3419 sylvam
697 3333 874 3416 acceperat)
890 3331 922 3394 in
938 3343 1075 3396 mentem
1092 3333 1152 3416 ipsi

115 3424 297 3487 veniebant.
342 3419 425 3485 Cum
448 3433 553 3484 autam
575 3415 690 3482 milites
710 3429 841 3502 propter
863 3416 975 3482 insulas
990 3419 1153 3504 angustias

114 3511 157 3574 ed
187 3521 344 3573 extremas
372 3507 439 3592 dus
466 3527 548 3581 oras,
571 3504 696 3588 prandii
720 3503 854 3587 parandi
880 3525 985 3580 eausa,
1012 3503 1154 3569 adbibita

113 3595 264 3660 comodis
279 3592 428 3658 secedere
442 3592 545 3656 coacti
559 3590 699 3667 fuissent,
715 3589 889 3690 etquidem
906 3611 944 3653 ea
960 3593 1081 3654 ittam
1096 3613 1153 3657 aa·

111 3703 200 3746 atera
213 3679 333 3768 sylvam
347 3678 501 3764 paulatim
514 3676 705 3742 incendisset
719 3677 847 3756 invitus,
858 3689 1028 3762 posteaque
1039 3689 1153 3742 ventus

111 3767 272 3832 excitatus
285 3764 411 3842 fuissem
433 3785 550 3852 magna
564 3764 630 3848 ejus
651 3784 725 3848 pers
746 3761 890 3827 hostibus
903 3763 1009 3827 insciis
1023 3775 1071 3828 est
1085 3785 1154 3828 cre·

114 3867 213 3919 mata.
260 3853 314 3918 Sic
335 3850 432 3938 igitur
456 3851 671 3916 Demosthenes
690 3847 812 3913 facilins
833 3848 1033 3935 conspicatus
1052 3848 1154 3914 Laee-

112 3939 307 4014 daamonios,
322 3940 377 4023 qui
414 3937 499 4001 lures
512 3948 612 4012 erant,
628 3955 718 4020 qttam
731 3935 955 4012 arbitrabatur,
971 3957 1044 4000 eum
1062 3937 1152 4018 prius

113 4037 331 4092 commeatum
430 4023 595 4109 pauciores
623 4019 699 4084 illuc
727 4020 898 4084 transmitti
931 4021 1153 4105 suspicaretur,

112 4125 195 4178 tunc
224 4112 407 4176 adhortatus
428 4119 472 4174 cst
495 4105 703 4172 Athenienses
723 4105 765 4170 ad
787 4106 938 4191 majorem
958 4105 1155 4192 diligentiam

13 4251 17 4258 .
112 4196 344 4273 adhibendam,
368 4207 479 4279 utpote
502 4193 652 4258 adversus
672 4195 776 4275 capias
797 4191 927 4255 minime
950 4203 1154 4256 contemnen-

112 4283 189 4363 das,
204 4295 237 4349 et
251 4285 284 4348 in
308 4281 452 4346 insulam»
465 4303 506 4345 ex
527 4277 658 4345 navibus
679 4277 800 4343 facilius
821 4275 968 4342 descendi
990 4297 1081 4362 posse
1102 4279 1155 4342 de·
1254 4327 1263 4340 .
