2990 4792
405 285 658 364 HISTORIAE
680 287 771 360 ΜΒ.
795 289 839 357 ll.
1106 299 1149 360 tt

122 463 222 532 minor
249 483 370 542 menos,
395 485 470 552 qum
496 463 597 542 timet,
623 464 776 551 mojorem
802 463 917 530 fortius
939 463 1148 552 propulsavit,
1182 481 1245 531 neu.

121 551 344 642 quodpropter
356 552 454 616 tosto
466 552 715 616 contemtionem
735 563 817 616 esset
830 550 874 614 im
918 564 999 616 rats.
1042 554 1149 638 Opor-
1169 547 1252 608 ¹³²¹01*

121 649 162 706 tet
171 651 274 704 sutem
288 637 321 701 in
334 636 443 702 hostili
457 657 537 723 egro
546 636 664 702 milites
677 637 792 703 sninris
805 636 860 725 qui
903 659 935 702 m
946 659 1071 725 semper
1081 662 1150 706 esse
1163 625 1213 723 ‘31¹¹'
1227 611 1249 660 ¹'

121 723 359 792 conlidentibus:
383 733 417 788 st
440 721 482 788 sd
507 743 575 788 rem
600 723 785 812 gerendum,
812 745 886 789 cum
910 736 997 790 motu
1021 740 1149 811 puratos
1172 689 1263 804 effi*

119 833 189 878 csse.
230 811 284 877 Sic
294 809 380 875 enim
394 823 426 874 et
440 807 482 874 sd
496 808 692 874 invedendos
702 809 811 876 hostes
821 810 937 876 nuituis
950 825 1045 878 erunt
1055 833 1149 898 pern·
1174 805 1204 853 ¹³·
1221 807 1250 858 ⁰·

118 898 229 980 tissimi,
243 909 275 963 et
294 897 447 962 adversus
470 895 610 962 hostium
625 909 811 962 conatusne
826 899 980 984 impetum
1001 899 1148 966 munitis-
1179 871 1251 1003 gf·

117 986 190 1050 simi.
233 985 302 1049 Nos
316 1005 393 1048 vero
403 983 553 1047 sdversus
564 982 722 1047 civitatem
737 983 979 1069 proficiscimur,
994 1007 1068 1071 quoe
1082 1007 1148 1051 non

117 1085 159 1137 ert
175 1071 253 1136 sdeo
276 1068 413 1146 infirmo,
435 1082 471 1134 ut
493 1067 611 1134 bellurn
634 1067 758 1134 illatum
781 1069 968 1156 propulsare
990 1085 1148 1157 nequestz

119 1157 167 1223 sed
180 1180 251 1246 quie
264 1157 361 1221 rebus
375 1154 523 1220 omnibus
543 1165 590 1219 est
607 1155 730 1240 optime
742 1157 909 1222 instructo.
954 1157 1065 1234 Quare
1077 1181 1147 1224 om-

119 1244 187 1308 nino
200 1242 393 1310 credendum
409 1254 467 1320 est,
481 1241 552 1306 illos
567 1263 711 1329 pugnem
726 1243 893 1308 nobiscum
916 1265 985 1308 esse
998 1245 1147 1310 commis·

117 1352 208 1412 suros,
222 1331 297 1396 licet
314 1331 382 1416 jum
397 1351 464 1394 sese
480 1350 543 1393 non
560 1337 720 1411 mereunt,
734 1351 834 1416 quum
849 1330 992 1396 nondum
1008 1333 1043 1395 in
1064 1334 1147 1415 r‘pro·

115 1438 175 1482 tren
186 1439 263 1504 agro
277 1437 399 1494 murus,
414 1428 447 1480 et
461 1435 559 1502 quum
580 1437 629 1480 res
643 1437 716 1480 sose
730 1416 764 1480 in
779 1439 859 1505 egro
872 1439 892 1484 s
906 1417 999 1482 nohis
1013 1419 1095 1482 credi
1109 1439 1147 1484 sc

116 1505 219 1570 costori
244 1503 396 1568 viderint.
450 1499 504 1566 Iro
531 1501 616 1566 enim
641 1501 765 1568 insedit
789 1525 909 1580 omnes,
936 1503 992 1590 qui
1018 1525 1147 1570 suorum

116 1611 212 1655 rerum
223 1587 578 1676 aliquem-repentinum
593 1609 631 1652 ec
647 1588 804 1653 insolitam
818 1589 940 1655 eisdem
957 1590 1058 1656 iosuo
1070 1613 1147 1656 con·

114 1691 214 1761 errectu
233 1687 393 1742 cernunt:
416 1688 448 1740 et
464 1673 520 1760 qni
534 1674 659 1774 ratione
673 1675 1004 1776 minimumutuntur,
1021 1699 1148 1743 summo

114 1759 712 1915 intremescere
725 1761 942 1935 ,terh
957 1777 1147 1928 neu

112 1933 219 2024 dignos
237 1957 317 2014 esse,
337 1935 393 2021 qui
413 1933 483 1998 eliis
508 1933 677 2018 imperent,
701 1949 734 2000 ct
752 1933 849 1998 ermie
868 1933 989 2000 infestis
1008 1935 1146 2002 eliorum

112 2043 195 2110 epos
217 2033 344 2088 restent
366 2022 483 2106 potius,
510 2041 608 2106 quem
630 2041 725 2084 suum
751 2033 894 2085 cernent.
940 2019 1023 2086 Cum
1049 2023 1147 2109 igitur

112 2119 202 2175 tenter
216 2107 338 2175 civitati
353 2105 473 2172 bellum
495 2105 678 2182 inieramus,
694 2119 725 2171 et
740 2107 913 2172 maximum
927 2107 1064 2210 plurium
1080 2121 1146 2174 tem

110 2195 223 2262 nostris
253 2193 441 2281 majoribus,
466 2214 562 2280 quum
592 2191 684 2256 nobis
714 2192 790 2278 ipsis
815 2191 943 2259 nllsturr
972 2194 1082 2274 simus,
1112 2195 1145 2260 in

9 2318 10 2346 1
111 2295 273 2372 utrumque
295 2293 424 2346 eventus
443 2292 585 2364 portem:
608 2279 777 2381 sequimini
800 2301 993 2367 quocunque
1017 2303 1072 2348 vos
1087 2281 1145 2348 eli·

132 2370 175 2434 uis
188 2367 330 2444 duxerit,
347 2365 468 2432 ordinis
487 2379 758 2432 conservationem
775 2378 808 2430 et
822 2365 997 2432 custodium
1014 2369 1146 2452 plurimi

9 2461 10 2518 J
110 2389 264 2534 hdientes,
279 2467 313 2522 et
328 2455 481 2538 imperate
496 2450 640 2516 celeriter
655 2451 860 2536 excipientes.
905 2451 983 2518 Hoc
998 2455 1082 2518 eninr
1099 2467 1147 2520 eet

9 2537 10 2606 ἶ
109 2541 333 2626 pulcerrimum
354 2553 387 2604 et
401 2537 603 2612 tutissimum,
620 2537 658 2617 si,
674 2560 774 2623 quum
790 2559 924 2626 mugnus
939 2553 985 2604 eet
1008 2540 1145 2606 militurn

9 2661 11 2696 ι
109 2649 264 2706 nummos,
281 2648 392 2692 omnm
406 2639 513 2692 tumen
529 2623 662 2690 eundem
678 2623 846 2690 militarem
864 2624 1065 2712 disciplinam
1080 2649 1145 2692 ser·

9 2742 11 2764 1
109 2729 210 2782 rentes
223 2727 409 2782 cernentur.

9 2775 10 2810 ³
148 2809 198 2869 12.
220 2799 435 2868 Archidemus
449 2799 520 2864 haec
531 2810 655 2864 tuntum
668 2797 831 2884 loquutus,
843 2810 885 2876 et,
895 2799 1026 2864 dimisso
1038 2801 1144 2866 conci·

106 2886 157 2966 lio,
171 2889 280 2975 primo
295 2885 511 2973 Melesippum
528 2884 669 2951 Discriti
679 2887 800 2968 flium,
816 2885 919 2950 virum
938 2887 1143 2972 Spartanum,

107 2975 242 3043 Athenas
267 2974 363 3052 misit,
383 2985 418 3039 ut
440 2975 627 3057 emitterent,
648 2971 674 3035 si
697 2969 779 3035 forte
797 2970 1008 3038 Athenienses
1027 2973 1069 3038 de
1088 2996 1145 3040 sue

9 3051 11 3150 j
174 3063 280 3129 'nscio
304 3061 512 3139 remitterent,
532 3079 630 3144 quum
652 3079 686 3122 se
706 3057 738 3122 in
766 3057 880 3122 itinere
897 3059 966 3144 jem
991 3058 1143 3126 viderent.

9 3153 11 3204 ῗ
126 3147 157 3213 lli
172 3171 250 3216 vero
264 3147 371 3212 necin
397 3145 518 3222 urbem,
535 3144 640 3209 necin
659 3141 822 3229 publicum
839 3166 912 3208 eum
935 3143 1144 3210 admiserunt.

9 3263 11 3316 g
107 3233 237 3302 Periclis
253 3234 339 3300 cuim
350 3231 504 3298 sententis
509 3232 577 3317 jem
588 3242 662 3295 onte
673 3231 866 3331 obtinuerat,
882 3243 918 3296 ut
932 3252 1036 3332 neque
1046 3231 1145 3296 cedu-

9 3395 10 3454 1
104 3319 558 3476 Yffittrt‘ttltsstt
581 3316 1145 3490 lt1t³ltt÷ttss⁰ittttdttiltlt

9 3557 10 3564 ,
105 3516 197 3582 quern
214 3493 373 3568 audirent,
390 3503 421 3555 et
440 3489 497 3554 illo
511 3489 581 3572 ipso
596 3488 648 3554 die
662 3488 781 3554 linibus
794 3488 949 3555 excedere
959 3489 1142 3575 jusserunt:

9 3579 10 3604 ³
105 3582 132 3646 ri
152 3581 232 3670 qnid
255 3579 289 3644 io
305 3589 468 3664 posterum
486 3573 613 3653 vellent,
629 3575 662 3639 in
683 3597 740 3640 sus
754 3573 845 3659 prius
863 3576 1010 3658 regressi,
1024 3576 1145 3666 legatus

104 3665 277 3733 mitterent.
324 3663 412 3730 Huic
432 3661 528 3728 etium
547 3659 754 3739 addiderunt,
768 3661 823 3747 qui
844 3683 916 3728 eum
937 3661 1144 3744 deducerent,

9 3743 11 3828 ἶ
104 3773 144 3820 ne
156 3776 233 3820 cnm
247 3771 408 3853 quoquem
423 3747 668 3836 colloqueretur.
706 3746 767 3812 Ille
782 3769 868 3826 vero,
884 3769 956 3814 rum
972 3748 1014 3814 sd
1029 3749 1146 3816 Attica

9 3833 10 3918 Τ
103 3838 181 3906 lines
201 3851 409 3928 pervenisset,
425 3847 457 3900 et
466 3836 601 3922 jamjam
623 3834 816 3900 discessurus
835 3847 925 3912 esset,
941 3834 1004 3900 hoc
1018 3848 1143 3902 tentrnu

9 3923 10 3928 ἵ
104 3927 256 4016 loquutus
270 3924 367 3991 abiit:
391 3921 460 3988 Hic
480 3921 549 3989 dies
563 3921 742 4007 ingentium¹
762 3921 926 3986 melorum·
944 3921 1068 3987 Grecis
1082 3923 1145 3990 erit

104 4013 241 4080 initium.
287 4012 371 4076 (lum
390 4020 497 4074 sutem
518 4008 559 4074 od
579 4020 684 4073 cestre
704 4007 862 4087 rediisset,
875 4021 907 4073 et
929 4007 1144 4074 Archidemus

9 4157 10 4168 ,
105 4100 313 4189 cognovisset,
334 4094 543 4162 Athenienses
568 4097 607 4160 de
627 4115 683 4158 ma
701 4095 883 4178 pertinacia
904 4091 986 4158 nihil
1008 4093 1144 4180 emplius

9 4225 10 4228 =
105 4188 307 4261 remissurum
337 4183 382 4248 its
404 4181 545 4259 demum,
571 4181 664 4245 motis
688 4180 812 4258 cestris,
840 4201 913 4245 cum
941 4180 1080 4245 exercitu
1111 4182 1143 4244 in

9 4313 11 4356 ,
105 4273 243 4361 ipsorum
265 4291 378 4359 ugrum
393 4283 441 4333 est
463 4266 648 4416 proiectus.2
683 4265 789 4332 Boeoo
813 4287 887 4331 vero
910 4287 998 4330 suurn
1014 4263 1143 4353 quidem

593 4373 616 4416 o
