2964 4786
339 325 402 400 3'70
725 320 1024 392 TllUCYDIDlS

244 529 307 578 neu.
339 513 370 566 et
394 496 577 584 Hipparchi
600 497 775 583 potentiam
798 498 1016 573 extimescens,
1038 517 1080 560 ne
1102 513 1160 582 per
1184 493 1250 559 vim
1276 495 1376 580 ipsum

130 613 133 618 ·
233 593 317 653 remp
342 587 547 651 Harmodium
558 582 599 648 ad
614 605 647 648 se
658 582 865 666 pertraheret,
881 583 1026 667 protinus
1036 603 1096 668 pro
1108 603 1165 648 sua
1179 581 1377 660 auctoritate,

226 672 268 768 δῖ’·
282 659 321 704 ¹⁷·
341 685 353 735 t
376 670 541 734 rannidem
566 690 623 754 per
648 668 776 733 insidias
800 681 939 734 evertere
964 681 1110 732 conatur.
1155 667 1284 732 Interea
1306 687 1377 730 vero

238 723 325 834 diiii
381 758 562 842 ipparchus,
579 776 651 818 cum
669 753 887 818 Harmodium
901 773 1010 818 rursus
1023 753 1218 832 solicitasset,
1233 767 1268 818 et
1281 751 1379 816 nihilo

240 848 270 896 U·
285 852 313 898 C·
341 841 443 925 magis
463 841 614 905 inducere
635 841 799 924 potuisset,
815 839 896 904 nihil
918 840 1047 989 ppidcm
1071 839 1201 904 violenti
1222 839 1379 904 intentare

237 911 310 1024 ‘Q‘
339 926 529 1003 destinabat,
546 926 600 991 scd
616 927 648 988 iu
664 925 736 989 loco
751 925 888 1012 quodam
905 948 925 989 o
949 947 1053 1002 scuro,
1070 924 1168 989 veluti
1185 947 1250 990 non
1267 923 1328 988 hac
1340 922 1379 989 de

339 1015 500 1079 causales
509 1013 646 1098 faceret,
663 1010 703 1075 ad
724 1033 797 1076 cum
813 1011 1005 1076 contumelia
1020 1009 1219 1075 afficiendum
1234 1032 1269 1074 se
1290 1031 1378 1092 para·

338 1101 406 1167 bat.
449 1098 610 1184 ¹'Quippe
630 1118 732 1184 neque
754 1110 872 1162 csetero
892 1099 960 1184 ejus
981 1096 1163 1182 principatu
1185 1095 1378 1160 multitudini

399 1185 445 1250 vis
459 1197 544 1250 erat:
572 1183 626 1248 scd
649 1183 729 1248 citra
750 1181 902 1248 invidiam
924 1205 957 1248 se
980 1193 1127 1270 gesserat.
1173 1184 1224 1246 Ac
1238 1180 1379 1266 proiecto

363 1273 374 1336 i
389 1271 517 1358 tyranni
530 1270 679 1334 virtutem
694 1283 726 1332 et
741 1269 942 1354 prudentiam
961 1268 1137 1334 diutissime
1151 1267 1329 1346 coluerunt,
1350 1279 1379 1331 et

338 1368 553 1444 proventuum
568 1355 747 1420 vicesimam
761 1367 884 1422 tantum
897 1353 937 1419 ab
947 1353 1196 1420 Atheniensibus
1206 1355 1379 1436 exigentes,

339 1458 372 1508 et
384 1443 527 1528 ipsorum
544 1441 654 1506 urbem
670 1442 796 1528 egregio
810 1453 1017 1518 exornarunt,
1034 1451 1066 1504 et
1088 1439 1173 1504 bella
1183 1439 1380 1505 administra·

340 1541 426 1604 runt,
452 1541 484 1592 et
506 1529 539 1590 in
562 1526 688 1611 templis
713 1527 869 1592 sacrificia
893 1525 1046 1592 iecerunt.
1091 1526 1132 1590 In
1157 1527 1281 1590 ceteris
1306 1547 1380 1588 vero

340 1614 450 1679 civitas
464 1613 588 1714 iegibus
603 1625 677 1676 ante
690 1611 761 1677 latis
783 1612 941 1688 utebatur,
958 1625 1170 1698 praeterquam
1195 1611 1283 1698 quod
1305 1631 1380 1694 ope·

340 1720 408 1766 ram
424 1698 558 1783 provide
572 1698 701 1774 dabant,
718 1712 754 1763 ut
768 1720 895 1784 semper
912 1698 1025 1785 aliquis
1039 1699 1080 1762 de
1093 1720 1151 1762 suo
1166 1698 1309 1782 ipsorum
1322 1719 1380 1761 nu·

340 1806 431 1886 mero
446 1785 666 1872 magistratum
681 1795 815 1871 gereret.
861 1783 904 1848 Et
926 1805 999 1849 cum
1015 1783 1069 1848 ulii
1083 1807 1123 1848 ex
1144 1785 1221 1868 ipsis
1236 1804 1376 1848 annuum

339 1869 1379 2043 tttttttttttlit‘lttttldtttfftttmit'ttttt

363 2043 395 2107 ui
411 2063 484 2108 cum
500 2055 580 2106 esset
591 2041 733 2118 Archon,
750 2062 837 2105 aram
853 2041 1022 2106 duodecim
1038 2043 1170 2106 deorum
1192 2043 1226 2104 in
1243 2041 1314 2104 soro
1327 2039 1380 2105 de-

338 2065 465 2206 dicavit,
479 2140 512 2193 et
524 2127 622 2206 illam,
658 2149 707 2191 uae
717 2138 763 2190 est
775 2126 936 2211 Apollinis
950 2129 983 2190 in
996 2126 1237 2212 Pythiitemplo.
1266 2127 1382 2190 Postea

339 2235 416 2278 vero
440 2213 578 2299 populus
604 2215 646 2278 At
671 2212 814 2289 eniensis,
840 2233 914 2277 cum
940 2213 1161 2299 amplificasset
1182 2234 1284 2290 aram,
1311 2233 1383 2298 quse

340 2311 408 2364 erat
432 2299 466 2362 in
491 2297 573 2375 foro,
598 2299 838 2383 inscriptionem
865 2299 1013 2366 abolevit.
1058 2301 1104 2364 At
1129 2297 1225 2374 illius,
1254 2321 1327 2384 quae
1347 2301 1380 2361 in

340 2384 501 2468 Apollinis
516 2383 624 2472 Pythii
638 2385 749 2466 templo
770 2397 849 2464 erat,
863 2387 1038 2452 etiamnum
1062 2399 1130 2451 tota
1141 2397 1261 2465 exstat,
1283 2383 1382 2466 literis

340 2469 860 2557 evanidispsene,iuhaecverbs:
1106 2477 1115 2490 '

566 2645 596 2692 ln
609 2645 692 2706 Pythii
701 2645 786 2693 l’lsoebi
797 2645 937 2694 Pisistrstus
947 2650 999 2695 sede
1010 2649 1099 2696 locavit

567 2709 667 2768 Imperii
679 2709 813 2771 llipplsdes
823 2712 877 2760 hec
887 2719 1047 2760 monuments
1056 2713 1103 2760 sui.

382 2865 435 2956 oli.
460 2855 615 2942 Hippiam
638 2856 736 2945 igitur
757 2859 937 2944 imperasse,
959 2863 1043 2945 quod
1065 2863 1146 2926 inter
1158 2858 1285 2942 fratres
1306 2873 1384 2926 natu

338 2963 497 3006 maxumus
512 2953 602 3020 esset,
617 2957 818 3010 ¹'asseverare
840 2969 979 3030 possum,
1000 2948 1118 3031 partim
1141 2946 1286 3024 scientia,
1310 2969 1386 3033 par·

337 3027 395 3094 tim
410 3026 505 3107 same,
523 3032 604 3114 quod
622 3033 671 3095 rei
692 3033 851 3096 ueritatem
870 3035 1049 3117 indagarim
1072 3034 1261 3111 accuratius,
1286 3056 1385 3119 quam

337 3111 409 3178 alii:
433 3135 543 3179 verum
559 3126 591 3179 et
607 3137 648 3180 ex
669 3116 731 3183 hoc
746 3116 828 3203 ipso,
843 3121 925 3204 quod
944 3120 1165 3196 cumdicturus,
1182 3121 1312 3184 iterem
1328 3121 1386 3184 lra-

337 3199 524 3286 berequivis
538 3213 720 3288 cognoscat.
765 3203 867 3270 Hunc
881 3204 964 3268 enim
989 3203 1090 3268 solum
1114 3204 1198 3268 inter
1219 3204 1387 3292 legitimos

336 3283 460 3366 iratres,
475 3287 591 3352 liberos
605 3289 776 3372 suscepisse
798 3303 938 3354 constat:
967 3302 1002 3354 ut
1017 3301 1049 3356 et
1064 3312 1119 3356 ara
1139 3289 1225 3355 istud
1249 3291 1385 3368 indicat,

337 3383 370 3436 et
394 3371 544 3452 Ιιιιιῑιιιιιιιι
565 3374 598 3438 in
624 3373 825 3440 Athenarum
851 3399 924 3440 arce
949 3389 1053 3441 erecta
1074 3399 1146 3440 cum
1171 3375 1388 3461 inscriptione

337 3455 462 3522 sceleris
475 3481 497 3522 ,a
512 3459 656 3546 tyrannis
671 3463 854 3547 perpetrati.
900 3460 939 3526 ln
955 3485 1018 3548 qua
1032 3462 1139 3526 nullus
1154 3461 1307 3527 Thessali
1331 3479 1390 3528 aut

338 3540 524 3627 Hipparchi
546 3544 628 3609 lilius
650 3559 698 3612 est
726 3547 877 3632 scriptus;
908 3548 964 3613 sed
985 3550 1061 3634 quin
1088 3570 1126 3612 ue
1148 3549 1286 3633 Hippiae
1304 3549 1389 3629 filii,

337 3649 418 3714 quos
433 3629 485 3694 ille
499 3652 541 3696 ex
564 3629 736 3720 Myrrhine
751 3633 862 3700 Calliae
882 3571 1122 3720 Hyperochidre
1145 3633 1209 3698 filia
1233 3658 1390 3722 susceptk

337 3724 397 3778 rat.
442 3712 528 3780 Nam
545 3718 711 3784 verisimile
725 3719 859 3796 videtur,
877 3719 1051 3784 maximum
1067 3734 1145 3784 natu
1160 3722 1246 3785 inter
1253 3723 1392 3806 fratres

337 3820 470 3864 uxorem
486 3803 626 3886 primum
641 3803 777 3870 duxisse.
823 3804 952 3871 Deinde
965 3805 998 3870 iu
1014 3806 1161 3870 columna
1172 3806 1279 3890 prima
1296 3809 1391 3893 prior

336 3883 389 3985 ille
412 3898 459 3950 est
483 3890 686 3974 perscriptus,
709 3905 781 3976 post
803 3903 985 3977 parentem
1019 3914 1121 3978 neque
1141 3891 1238 3957 etiam
1264 3894 1327 3958 abs
1353 3916 1390 3956 rc

335 3970 439 4036 istud:
461 3974 579 4060 quippe
595 3975 680 4060 quod
696 3990 727 4042 et
742 3976 782 4043 ab
797 4000 835 4043 co
849 3990 927 4045 natu
943 3979 1098 4044 maximus
1113 3990 1205 4055 esset,
1221 3992 1255 4043 et
1269 3991 1389 4065 tyran·

366 4169 386 4198 ¹¹¹
398 4165 485 4228 Neque
502 4171 567 4216 enim
584 4173 676 4220 invisus
688 4176 776 4234 populo
791 4178 917 4223 sratcircs
936 4184 1023 4224 cratera
1041 4173 1094 4237 ejus
1105 4176 1255 4232 dominatus,
1272 4179 1318 4226 sed
1335 4184 1387 4225 cte·
1478 4159 1479 4198 3

333 4229 413 4289 Steph.
448 4233 500 4280 Nec
512 4235 536 4279 in
548 4235 601 4282 aliis
612 4239 683 4283 rebus
694 4240 846 4286 multitudini
857 4241 938 4301 gravis
948 4249 993 4287 etc.
1011 4241 1117 4286 Acocisu.
1148 4239 1237 4286 liuns.

365 4297 379 4327 ¹
390 4294 483 4342 Partim
494 4300 582 4346 certius
593 4302 647 4346 aliis
658 4304 744 4358 sciens,
756 4304 844 4365 purtim
854 4305 948 4360 auditu,
961 4317 1079 4352 asserem.
1112 4303 1194 4354 luntr-
