2994 4788
229 439 288 488 Bell

216 585 247 618 an
268 572 284 618 5

207 635 237 682 Ol

320 262 386 320 uss
618 313 625 340 ‚¹
685 249 987 320 suncampus

323 424 533 493 Athenienses
552 424 647 492 ¹enlm
678 425 752 510 ipsis
781 435 953 500 suaserant,
983 434 1020 488 ut
1052 439 1085 488 se
1118 421 1240 506 primos
1268 423 1360 488 exire

215 503 297 578 ΡΨ·
321 511 469 589 sinerent,
486 510 545 593 ipsi
561 531 637 576 vem
650 526 763 596 postea
776 531 850 576 cum
867 522 935 576 tots
953 509 1054 574 classe
1074 508 1168 573 simul
1189 508 1361 593 subseque-

237 604 305 700 y'mft
321 610 442 694 rentur.
488 597 550 662 Sed
567 619 639 665 eum
655 597 796 682 ipsorum
812 618 908 662 naves
921 596 1072 680 dispersae
1087 594 1128 659 ad
1150 594 1256 660 hostes
1271 616 1361 658 acce·

219 703 294 758 aaa.
320 684 442 759 darent,
463 683 537 751 due
558 682 686 776 quidem
708 685 856 769 protinus
878 681 920 748 ad
943 704 998 748 eos
1020 680 1280 768 transfugerunts
1303 680 1360 766 qui

221 773 250 820 U.
263 775 288 826 c.

220 838 291 890 Yam.

225 901 281 954 Str.

320 791 394 834 vero
410 771 442 832 iu
465 769 534 834 aliis
557 769 763 846 vehebantur,
780 771 865 834 inter
886 791 919 832 se
940 767 1183 855 proeliabantur.
1206 765 1288 831 nihil
1303 789 1360 831 au-

320 869 384 920 tem
402 856 460 926 rite
476 855 580 921 fiebat.
628 855 850 940 Peloponnesii
866 877 952 933 vero,
968 854 1105 920 tumultu
1125 852 1360 929 animadverso,

320 961 393 1006 cum
417 943 529 1028 viginti
555 942 683 1028 quidem
711 942 844 1008 navibus
869 963 902 1004 se
925 940 1103 1027 Corcyraeis
1127 933 1361 1025 opposuerunt,

319 1049 393 1092 cum
409 1029 538 1114 reliquis
555 1050 640 1106 vero,
656 1027 822 1092 duodecim
839 1026 955 1092 Atticis
973 1027 1116 1103 navibus,
1132 1047 1270 1112 quarum
1285 1025 1362 1090 duae

319 1128 411 1179 erant
427 1115 603 1181 Salaminia
617 1129 649 1178 et
665 1114 808 1191 Paralus,
823 1113 942 1180 obvium
950 1123 1175 1196 processerant.

364 1210 416 1269 78.
440 1205 548 1286 Atque
578 1200 742 1286 Corcyraei
771 1199 911 1286 quidem,
938 1201 1013 1286 quia
1042 1201 1134 1276 male,
1164 1199 1283 1264 nsvibu
1323 1221 1363 1263 ue

320 1287 400 1352 raris
415 1288 569 1372 impetum
585 1287 752 1362 faciebant,
769 1297 787 1322 ¹²
797 1285 855 1350 soli
869 1288 1007 1373 graviter
1022 1283 1221 1352 laborabant.
1261 1221 1365 1350 Asllte-

319 1373 444 1438 niensea
458 1393 544 1450 vero,
559 1374 635 1458 quia
656 1371 892 1439 multitudinem
915 1371 1107 1450 metuebant,
1124 1383 1155 1436 et
1169 1393 1211 1436 ne
1224 1371 1364 1436 circum·

320 1459 565 1536 venirentur,-in
586 1457 743 1524 confertas
765 1461 888 1524 illorum
909 1479 1002 1524 naues
1022 1479 1088 1523 non
1109 1457 1285 1535 irruebant,
1303 1480 1363 1522 nee

322 1545 353 1609 in
370 1569 433 1622 eas,
448 1567 521 1632 quae
542 1545 575 1608 in
599 1544 705 1610 medio
726 1545 853 1634 agmine
874 1557 988 1610 contra
1009 1566 1042 1608 se
1064 1545 1227 1610 instructae
1250 1557 1361 1609 erant:

321 1631 434 1696 sedin
461 1644 639 1696 extremum
665 1653 764 1696 cornu
787 1632 953 1706 irruentes,
981 1651 1077 1694 unam
1102 1652 1214 1696 navem
1237 1630 1378 1713 demet-¹

321 1729 412 1804 gunt.
459 1718 574 1783 Postea
595 1740 668 1782 vero
683 1717 984 1802 Peloponnesiacae
1004 1716 1103 1782 classe
1125 1716 1157 1783 in
1180 1716 1292 1782 orbern
1314 1717 1365 1781 di-

321 1820 420 1890 gesta,
446 1801 570 1868 hostem
596 1805 828 1869 circumeuntes
853 1803 984 1870 turbare
1006 1800 1214 1868 conabantur.
1248 1817 1281 1868 at
1307 1803 1364 1889 qui

322 1888 472 1964 adversus
499 1889 686 1991 Corcyraeos
711 1890 743 1952 in
771 1889 839 1954 acie
864 1889 1000 1967 stabant,
1026 1890 1086 1954 lrsc
1110 1889 1308 1976 recognita,
1331 1901 1365 1953 et

323 1975 424 2054 veriti,
441 1998 480 2041 ne
501 1979 564 2042 ruas
585 1975 670 2042 idem
692 1975 860 2053 accideret,
876 1975 962 2060 quod
985 1975 1027 2040 ad
1051 1975 1265 2058 Naupactum,
1282 1996 1364 2039 aux-

323 2061 412 2126 ilium
437 2061 558 2126 lerunt:
592 2073 669 2127 tuuc
693 2084 768 2126 vero
792 2084 886 2126 naves
910 2063 1064 2126 confertos
1087 2060 1180 2126 simul
1203 2061 1237 2125 in
1261 2061 1365 2126 Athe-

322 2148 446 2216 nienses
475 2148 715 2234 impressionem
743 2147 895 2213 fecerunt.
942 2147 992 2214 llli
1019 2169 1093 2215 vero
1122 2170 1156 2212 se
1185 2146 1365 2213 subducere

323 2247 500 2318 coeperunt,
516 2235 584 2320 jam
610 2235 643 2298 in
667 2235 809 2321 puppim,
822 2234 1024 2322 remigantes.
1047 2233 1141 2298 nmul
1160 2233 1257 2298 etiem
1278 2233 1365 2298 vole·

323 2319 412 2394 baut,
430 2319 673 2406 Corcyraeorum
689 2341 785 2385 naves
805 2335 928 2386 mature
942 2320 1062 2405 fugere,
1077 2319 1155 2384 dum
1170 2319 1229 2402 ipsi
1244 2333 1364 2405 ”quam

323 2405 493 2470 lentissime
508 2407 756 2486 retrocederent,
771 2419 803 2471 et
822 2406 962 2472 hostium
985 2405 1045 2470 sibi
1067 2405 1289 2490 oppositorum
1305 2407 1365 2470 im·

324 2505 431 2576 petam
449 2493 651 2558 sustinerent.
699 2492 774 2558 Hoc
788 2493 885 2579 igitur
901 2491 1011 2558 navale
1024 2491 1185 2578 puralium,
1200 2493 1295 2578 quod·
1305 2491 1364 2557 hu·

320 2579 460 2663 jusmodi
476 2577 545 2657 fuit,
562 2580 622 2645 snb
637 2577 711 2644 solis
725 2601 873 2644 occasum
888 2577 1013 2644 finitum
1029 2590 1087 2644 est.
1254 2609 1256 2616 r

368 2669 419 2739 79.
445 2664 488 2728 Et
505 2665 679 2751 Corcyraei,
697 2667 798 2742 veriti,
811 2673 872 2732 ⁰ne
893 2663 1012 2744 hostes,
1027 2677 1137 2750 utpote
1152 2667 1298 2743 victores,
1317 2667 1364 2730 in·

323 2748 400 2814 festo
422 2749 520 2814 classe
539 2763 653 2816 contra
674 2773 707 2814 se
730 2753 882 2829 venirent,
905 2763 938 2816 et
959 2751 1070 2818 urbem
1094 2751 1293 2830 invaderent,
1310 2765 1366 2818 aut

324 2857 365 2898 ex
387 2833 490 2899 insula
510 2858 563 2900 eos
585 2851 799 2923 exportarent,
820 2851 876 2905 aut
898 2837 984 2903 aliud
1008 2837 1173 2928 quidpiam
1194 2839 1272 2902 novi
1296 2859 1365 2902 mo-

324 2920 474 2998 lirentur;
506 2945 569 3000 eos,
596 2946 675 3010 qnos
705 2947 744 2988 eo
773 2925 1022 3000 transmiserant,
1049 2923 1139 2990 illinc
1167 2923 1201 2988 in
1227 2923 1366 2995 Junouis

325 3009 479 3091 templum
518 3031 627 3074 rursus
660 3022 877 3095 'reportarunt
916 3023 948 3076 et
983 3010 1096 3077 urbem
1132 3009 1371 3076 custodiebant.-

327 3091 447 3158 Hostes
469 3117 557 3173 vero,
578 3097 722 3182 quamvis
746 3119 800 3160 eos
825 3095 929 3163 navali
952 3096 1066 3181 proelio
1086 3109 1299 3182 superassent,
1324 3095 1365 3162 ad

326 3180 437 3243 urbem
468 3195 576 3246 tamen
611 3184 760 3248 accedere
787 3203 854 3248 non
886 3196 961 3247 sunt
990 3183 1076 3249 ausi:
1110 3182 1167 3248 sed
1196 3204 1272 3248 cum
1302 3201 1367 3248 tre·

324 3263 428 3330 decim
460 3265 706 3352 Corcyraeorum
736 3269 878 3346 navibus,
903 3291 985 3355 ¹quas
1013 3281 1173 3352 ceperant,
1200 3271 1244 3356 in?
1262 3271 1367 3334 conti·

325 3365 452 3419 nantem
475 3354 676 3441 navigarunt,
694 3354 778 3420 unde
792 3368 953 3420 venerant.
1000 3353 1159 3422 Postridie
1173 3377 1249 3419 vero
1264 3355 1367 3422 nihilo

325 3438 426 3522 magis
456 3439 567 3506 urbem
598 3439 713 3508 infesta
737 3442 837 3505 classe
862 3443 1033 3525 petierunt,
1058 3441 1133 3506 licet
1158 3463 1270 3506 omnes
1299 3444 1367 3529 ejus

326 3522 440 3586 iueolae
455 3524 489 3588 in
506 3547 620 3610 inagna
636 3527 873 3610 perturbatione
887 3538 918 3592 et
934 3527 1143 3611 trepidatione
1161 3538 1278 3602 essent,
1293 3527 1368 3594 licet

326 3607 421 3674 etiam
438 3607 588 3676 Brasidua
604 3619 654 3696 (ut
675 3611 788 3694 fertur)
807 3612 953 3678 Alcidam
975 3613 1014 3678 ad
1037 3611 1100 3678 hoc
1120 3612 1365 3690 adhortaretnr3

326 3695 469 3778 quamvis
485 3717 617 3762 numero
639 3699 862 3786 suffragiorum
884 3712 965 3762 esset
985 3697 1133 3764 inferior:
1157 3699 1212 3764 sed
1234 3700 1269 3763 in
1290 3707 1375 3785 pro·'

326 3781 522 3846 montorium
554 3784 761 3854 Leucimnam
790 3800 833 3852 ex
864 3784 995 3850 navibus
1024 3785 1150 3873 egresm,
1177 3808 1273 3873 agros
1299 3809 1366 3852 vas-

328 3878 446 3933 tarum

360 4004 519 4095 maseipsis
536 4039 734 4097 profligabantur.
762 4039 835 4087 Velia.
864 4041 1138 4088 Suancielabcrabnnt.
1161 4040 1242 4102 Scapis
1276 4042 1364 4089 llum.

330 4163 340 4210 Ι
362 4099 462 4146 nLenta
482 4103 646 4160 retrocedunt,
670 4109 694 4148 et
717 4105 797 4150 hostes
820 4117 851 4150 ex
874 4107 975 4152 adverso
994 4105 1108 4153 instructi
1131 4111 1189 4153 aunt
1211 4112 1258 4153 ete.
1291 4106 1364 4152 Velis.

344 4175 410 4208 assa.

362 4231 374 4260 ⁰
387 4228 424 4274 Ns
432 4229 512 4276 hostes
522 4231 547 4276 in
557 4244 582 4278 se
590 4233 621 4278 ad
630 4233 715 4280 urbem
725 4247 811 4292 uque,
822 4239 849 4279 ut
859 4235 969 4293 victores,
981 4236 1090 4282 venirent
1100 4242 1146 4282 ste.
1164 4235 1244 4298 Μηλ-
1277 4235 1361 4282 lntttt.
