2964 4786
406 303 653 372 HISTORIAE
677 303 845 373 L1uv1.
1085 313 1147 378 387

110 477 320 564 suspicentur,
349 478 495 564 protinus
523 477 652 564 quidem
684 479 837 546 orationis
868 476 1024 546 illecebris
1052 483 1146 570 capi:
1179 495 1241 548 nen.

110 575 219 647 posteo
231 584 318 644 vero,
332 587 431 650 quum
452 565 494 630 sd
516 586 583 630 rem
600 566 772 654 gerendam
788 567 931 643 veniunt,
945 565 1058 650 fecere,
1073 591 1146 654 quae
1172 559 1256 674 “¹3³2-

108 650 224 716 sibimet
238 650 432 718 conducunt.
478 649 606 716 Etenim
620 665 652 716 et
666 651 732 716 illic
745 673 804 716 nos
823 654 865 716 irn
911 653 993 718 rium
1014 668 1146 740 propter
1162 639 1261 752 blymp

108 749 229 802 ructum
250 735 394 802 obtinere
414 735 568 814 diximus,
588 749 620 802 et
641 751 774 823 propter
794 759 855 804 eun
881 761 929 804 ern
953 750 1071 820 ndum,
1091 763 1147 808 noa
1170 755 1209 802 91.
1221 755 1246 802 ι.

107 822 165 886 huc
178 821 250 906 jem
273 823 404 901 venisse,
419 835 455 887 ut
481 845 543 906 res,
564 845 637 910 quae
662 823 715 888 bic
739 835 825 903 sunt,
841 845 914 889 cum
940 826 1051 891 amicis
1076 839 1146 895 tuto
1173 817 1247 934 Ψ·

107 908 346 988 constituamus,
361 931 428 975 non
441 923 560 987 autem,
577 910 659 974 utin
675 911 856 974 servitutem
879 933 930 976 uos
951 911 1145 1000 redigamus,
1179 901 1248 1002 ὥτ’

108 993 174 1058 imo
188 996 305 1080 potius,
318 1009 356 1060 ιιι
370 994 592 1081 impediamus,
607 1017 648 1060 ne
661 997 717 1060 boc
730 997 813 1062 vobis
827 996 982 1064 accidet.”

151 1090 203 1146 84.
227 1083 378 1168 “Neque
400 1103 474 1147 vero
495 1082 651 1169 quispisur
674 1082 833 1167 opinetur,
850 1103 908 1146 nos
930 1081 971 1146 de
992 1083 1093 1164 vobis,
1109 1098 1147 1152 ut

106 1164 148 1230 de
161 1167 237 1232 viris
258 1167 348 1232 nulls
361 1167 601 1248 ,necessitudine
621 1167 788 1234 nobiscum
810 1169 997 1246 con'unctis,
1012 1191 1079 1236 esse
1093 1191 1145 1237 so·

105 1250 227 1329 licitos3
251 1253 331 1318 illud
351 1266 550 1340 compertum
572 1252 703 1332 babens,
719 1255 809 1318 vobis
830 1276 864 1318 sa
877 1255 923 1320 vis
938 1267 970 1320 et
984 1255 1066 1320 vires
1087 1255 1145 1323 bn·

105 1337 253 1404 bentibus
267 1339 309 1404 ed
332 1339 543 1408 resistendum
560 1341 776 1426 Syracusanis,
792 1355 879 1406 ¹¹¹nos
899 1340 1076 1412 minoribus
1094 1344 1146 1408 in·

104 1425 281 1492 commodis
302 1425 449 1492 effectum
472 1425 522 1502 iri,
538 1427 614 1525 quis
639 1426 689 1491 isti
702 1428 891 1511 Syracusani
913 1427 1019 1493 minus
1038 1429 1145 1514 copia·

103 1531 176 1576 rum
191 1509 234 1576 ad
251 1511 499 1596 Peloponnesios
513 1525 649 1578 mittent.
677 1511 721 1577 Et
734 1511 777 1576 ob
791 1513 883 1576 istam
899 1535 1024 1580 causam
1041 1517 1145 1580 maxi·

103 1617 157 1662 ma
178 1597 409 1664 necessitudine
427 1599 495 1684 jum
515 1597 683 1664 uobiscum
708 1597 781 1662 eatis
803 1599 975 1683 conjuncti·
1020 1600 1145 1678 Quam·

102 1682 214 1750 obrem
239 1686 334 1750 etism
349 1705 478 1770 equum
501 1695 558 1761 est,
575 1684 751 1769 Leontinos
763 1707 784 1749 a
797 1683 891 1749 nobis
905 1685 938 1748 in
962 1708 1035 1752 sues
1056 1689 1145 1752 sedes

102 1770 236 1848 restitui,
256 1791 323 1836 non
347 1781 382 1834 ut
406 1772 536 1853 irnperio
561 1779 666 1835 nostro
686 1769 854 1856 subjectns,
873 1772 1144 1857 quemadmodum

103 1869 181 1922 suut
202 1857 342 1941 ipsorum
356 1857 495 1944 cognati,
511 1854 567 1942 qui
588 1856 622 1921 in
638 1855 763 1920 Euboea
784 1854 939 1934 habitent,
954 1858 1010 1923 sed
1027 1871 1064 1924 ut
1085 1881 1143 1944 po-

102 1943 312 2019 tentissimos3
329 1956 365 2007 ιιι
380 1965 418 2008 cx
433 1964 491 2008 suo
505 1964 594 2026 agro,
634 1943 686 2006 uia
699 1953 774 2007 sunt
787 1941 915 2006 finitimi
929 1943 1142 2029 Syrauuanis,

100 2028 180 2114 ipsis
193 2049 255 2113 pro
270 2029 361 2093 nobis
375 2029 439 2094 sint
451 2026 566 2094 infesti.
605 1965 704 2104 duod
714 2029 799 2092 enirn
816 2028 929 2093 attinet
942 2027 984 2092 sd
999 2051 1048 2094 res
1062 2029 1143 2114 illas,

99 2125 134 2180 et
146 2117 191 2179 ad
203 2116 311 2182 bellum
326 2117 526 2191 domesticum,
542 2113 592 2178 vel
606 2135 665 2178 nos
679 2113 739 2196 ipsi
753 2115 813 2178 soli
826 2115 901 2178 satis
915 2114 1029 2179 uirium
1043 2114 1142 2182 habe·
1203 2117 1206 2124 ⁴

100 2223 176 2268 mus
196 2201 237 2266 cd
261 2201 365 2266 bostcs
387 2199 651 2286 propulsandum,
668 2213 700 2264 et
719 2197 949 2278 Chalcidensis,
965 2203 1021 2286 qui
1040 2211 1084 2268 ert
1107 2205 1163 2286 r'rr,

97 2287 231 2366 nucea,
244 2291 352 2373 (quem
361 2288 568 2373 Syrucrucnru
580 2289 637 2352 iste
647 2285 726 2350 dicit
736 2309 757 2350 a
767 2285 859 2351 nobis
870 2299 986 2372 praeter
997 2287 1041 2366 id,
1054 2289 1142 2375 quod

98 2373 220 2439 rationi
233 2386 480 2440 consentaneum
494 2372 629 2452 ridetur,
642 2371 808 2438 rubentum
823 2394 898 2448 esse,
915 2383 1066 2439 ettamen
1081 2396 1141 2440 uos

99 2461 166 2524 ’um
188 2459 346 2536 simulare,
361 2481 420 2524 nos
440 2457 505 2524 buc
526 2459 655 2538 venisse,
670 2471 707 2522 ιιι
725 2479 789 2536 eos,
805 2458 860 2544 qui
881 2456 935 2522 bic
953 2472 1037 2537 suut,
1053 2460 1088 2523 in
1102 2459 1141 2525 li·

142 2558 255 2612 rtatern
280 2549 467 2627 asseramus)
491 2544 579 2610 utilis
602 2559 651 2610 est
675 2543 778 2624 nobis,
801 2543 887 2630 quod
913 2543 1002 2610 nullo
1024 2544 1140 2610 bellico

94 2644 257 2720 apparatu
279 2633 321 2698 sit
340 2634 520 2710 instructus,
539 2644 572 2696 et
596 2631 764 2715 pecuniam
786 2640 908 2695 tanturn
929 2630 1065 2715 pendat:
1088 2653 1139 2698 res

1 2767 2 2770 ι
94 2719 272 2799 verninse,
286 2730 319 2784 et
334 2718 494 2796 Leontini,
509 2729 542 2782 et
556 2717 663 2782 caeteri
685 2717 790 2795 aurici,
805 2716 893 2780 nobis
906 2717 997 2782 rctiles
1009 2727 1088 2796 tenu,
1103 2719 1138 2782 in

95 2827 225 2872 summe
237 2803 383 2870 libertate
396 2804 578 2892 degentes.'’

142 2898 200 2957 85.
224 2891 342 2956 “Viro
357 2906 461 2956 antem
478 2890 689 2977 tyrannidem,
703 2903 759 2956 sut
780 2889 899 2955 civitati
920 2890 1136 2978 principatum

1 3027 3 3044 .
94 2977 269 3054 obtinenti,
284 2976 376 3055 nibil,
392 2976 478 3062 quod
493 2976 572 3042 utile
587 2976 636 3054 sit,
652 2999 672 3040 a
687 2979 809 3042 ratione
824 2987 871 3040 est
891 2976 1042 3056 alienum,
1056 2975 1137 3041 nihil

93 3065 195 3132 etiarn
211 3064 360 3142 amicum,
375 3063 435 3128 nisi
450 3062 560 3127 fidum.
594 3061 669 3126 ‘Pro
683 3061 815 3148 singulis
828 3073 934 3126 autern
949 3064 1054 3144 rebus,
1070 3083 1139 3146 qua

1 3147 2 3150 ’
116 3160 255 3226 mater,
280 3161 406 3234 oportet
434 3147 483 3213 vel
509 3148 685 3229 inimicum,
709 3147 759 3212 vel
787 3146 927 3210 amicum
955 3159 1138 3233 opportune

87 3173 179 3301 deri.
225 3237 332 3322 Atque
342 3233 404 3300 hoc
417 3234 509 3299 nobis
528 3233 580 3298 hic
595 3247 644 3298 est
657 3231 872 3307 commodum,
888 3252 953 3296 non
970 3246 1005 3297 ut
1019 3233 1137 3298 amicos

92 3321 262 3388 meleficiis
276 3321 466 3386 efficiamus:
490 3319 544 3384 sed
560 3333 596 3386 ut
616 3331 746 3406 propter
766 3317 939 3382 amicorum
961 3318 1137 3402 potentiam

1 3469 3 3478 ,
91 3409 221 3473 inimici
237 3408 412 3474 redduntur
434 3403 563 3473 infirmi.
608 3406 683 3470 Non
698 3417 746 3469 eat
767 3416 872 3468 autem
887 3401 928 3468 de
949 3417 1059 3468 nostra
1072 3401 1138 3470 lide

1 3489 3 3501 '
91 3494 323 3562 dubitandum.
369 3493 454 3558 Nam
480 3492 583 3570 sociis,
600 3491 654 3578 qui
680 3491 769 3555 illinc
792 3501 876 3566 sunt,
899 3500 996 3574 prout
1019 3489 1138 3578 singuli

92 3582 188 3646 nobis
207 3591 278 3646 nent
303 3581 406 3658 utiles,
426 3581 472 3644 ito
498 3578 707 3663 imperamus:
732 3574 821 3641 Chiis
846 3576 987 3676 quidem,
1007 3587 1040 3640 et
1064 3577 1136 3642 Me-

1 3739 2 3744 ,
94 3667 279 3753 tbymnaeis,
296 3678 332 3732 ut
345 3667 478 3732 classem
494 3664 667 3749 prebeant,
684 3675 717 3728 et
726 3661 818 3728 liberi
833 3674 957 3738 vrvont3
978 3662 1138 3750 plerisque

1 3749 2 3755 '
92 3775 174 3818 vero
189 3756 234 3817 sic
248 3756 439 3836 imperante,
450 3761 486 3815 ut
501 3750 654 3815 tributum
670 3749 806 3814 severius
820 3748 999 3834 exigemus.
1031 3747 1135 3824 Quin·

91 3841 194 3906 etiam
209 3840 278 3904 eliis
300 3838 522 3924 permittimus,
538 3848 573 3902 ut
594 3857 716 3900 sunrms
730 3856 802 3900 cum
825 3833 970 3898 libertate
989 3834 1081 3900 nobis
1103 3837 1136 3900 in

90 3926 184 3991 bello
212 3925 315 3990 ferunt
344 3923 510 3999 auxilium,
534 3922 677 4008 quamvis
702 3920 820 3986 insulsa
848 3918 966 3998 colant,
987 3932 1020 3984 et
1045 3915 1137 3985 sscile

89 4012 204 4100 subigi
218 4010 350 4098 possint,
366 4010 442 4097 quis
457 4017 533 4074 sunt
553 4009 588 4076 in
610 4007 688 4074 locis
709 4009 794 4073 circe
808 4005 1062 4092 Peloponnesum
1078 4027 1136 4091 op-

1 4267 3 4278 »
90 4271 107 4298 0
123 4241 147 4272 ¹¹
163 4237 238 4296 Quod
247 4239 330 4287 ιιιίιιιιι
344 4239 385 4290 isti
401 4238 491 4288 suxibs
502 4235 684 4299 Peloponnesiis
698 4235 824 4282 mittentes
838 4233 908 4281 nobis
925 4244 1010 4280 nocere
1026 4237 1135 4293 possum.

87 4303 210 4354 neam.
239 4303 326 4354 liuns.
573 4385 591 4430 c
605 4383 624 4428 c
638 4371 659 4426 ιι
