2990 4792
398 301 646 374 HISTORIAE
669 301 760 370 LIB.
783 303 827 369 ll.
1079 310 1140 372 113

95 479 127 543 ei
145 478 259 560 patum
284 475 444 542 adversari
469 482 605 562 poteret.
651 475 787 553 Quoties
802 451 912 564 ¹igitur
937 495 992 540 eos
1017 474 1137 628 uliguid
1169 495 1231 546 neu

95 563 320 649 intempestiue
338 585 390 629 ·su
425 563 612 648 petulantie
648 563 843 628 confidentia
877 561 986 648 pulsos
1020 585 1061 628 su
1085 585 1139 628 ere
1160 559 1242 621 1²⁵¹⁴’1’·

95 650 381 726 animadvertebat,
407 672 469 729 eos,
489 650 619 715 incusso
648 663 745 727 metm
768 649 907 714 dicendo
934 649 1137 734 reprimebat.
1151 627 1252 752 ἄζυξ,

97 736 225 801 Contra
246 758 336 814 vero,
354 757 409 802 eos
428 751 548 802 temere
569 747 602 800 et
623 736 743 823 absque
763 759 857 802 cauea
879 736 1073 820 trepidantes
1095 736 1137 802 ad
1164 751 1203 804 et.
1214 753 1240 805 8.

95 821 247 887 fiduciam
263 822 448 888 reducebat.
491 823 603 899 Quare
617 823 714 888 verbo
729 823 857 910 quidem
873 835 941 887 erat
954 823 1137 888 dominatus
1165 819 1197 874 -U-
1210 822 1237 868 ⁰·

95 908 280 996 popularis3
310 909 366 974 sed
394 931 430 973 re
455 909 525 992 ipsa
553 929 649 995 penes
677 909 866 995 primarium
890 911 1004 994 poprds'
1032 911 1136 976 virum
1165 884 1237 1002 ζξῗ

93 993 1137 1171 &dilatat1033}littttd‘tt‘ttztttlitit

94 1170 131 1234 in
154 1168 319 1254 republica
340 1158 446 1234 locum
471 1127 664 1246 affectarem,
689 1171 797 1234 omnia
820 1172 859 1234 od
885 1169 997 1256 pupuli
1022 1191 1063 1234 vo
1077 1192 1136 1234 un·

95 1267 194 1320 tatem
209 1255 327 1332 dicere,
343 1256 474 1342 ejusque
488 1255 613 1320 libidini
627 1256 859 1342 rempublicam
873 1257 1058 1343 permittere
1071 1279 1135 1323 cue·

93 1354 225 1426 perurit.
267 1342 365 1409 Unde
378 1363 450 1407 cum
466 1341 577 1407 multis
590 1343 659 1407 aliis
672 1343 707 1408 in
722 1345 817 1408 rebus
831 1357 997 1430 peccatum
1012 1355 1070 1420 est,
1086 1348 1136 1427 (ut

93 1429 128 1493 in
153 1429 263 1514 ample
287 1429 424 1508 civitate,
449 1443 482 1494 et
506 1451 580 1516 quse
605 1429 816 1515 principatum
842 1431 975 1507 obtinet,
998 1433 1138 1495 accidere

85 1518 272 1601 pleniorque
299 1519 400 1597 coleh)
425 1527 494 1580 tum
520 1515 615 1608 etiarn
641 1517 675 1580 in
702 1515 906 1603 expeditione
930 1519 966 1582 in
993 1517 1135 1583 Siciliam

94 1600 191 1680 faeta,
208 1625 282 1690 quse
303 1615 447 1688 suscepta
469 1616 517 1668 est
538 1622 603 1668 non
626 1615 691 1668 tam
713 1617 846 1689 peccato
862 1603 984 1690 judicii,
1000 1613 1032 1668 et
1044 1606 1135 1686 eulpa

92 1710 220 1766 eorum,
243 1689 285 1754 ad
306 1707 387 1775 qnos
408 1691 473 1773 ipsi
493 1689 694 1755 Athenienses
719 1689 1013 1775 proficiscebantur,
1037 1711 1133 1776 quam

90 1773 439 1862 illorumquiezaum
454 1778 541 1840 illam
555 1777 738 1855 emiserunt,
751 1777 806 1862 qni
819 1797 886 1842 non
900 1777 1134 1865 cognoscebant

89 1882 142 1943 ea,
169 1883 244 1948 quse
271 1863 336 1927 suis
362 1865 437 1926 ilhsc
464 1859 613 1943 profectis
642 1862 880 1928 conducebant:
915 1863 969 1928 sed
1000 1875 1133 1948 propter

87 1949 236 2032 privatas
247 1949 434 2029 simultates,
450 1947 491 2013 de
512 1948 624 2034 populi
686 1949 828 2034 ‘ncipstu
848 1949 1085 2027 contundentes,
1101 1963 1134 2016 et

90 2056 158 2115 res,
179 2057 255 2122 quea
275 2034 399 2100 militiae
418 2034 623 2123 gerebantur,
680 2035 858 2115 biliterunt,
871 2048 904 2100 et
924 2039 1007 2100 domi
1027 2047 1132 2102 totum

89 2121 411 2284 ffiufflicaedtatum
428 2121 548 2273 muttetiis
560 2121 729 2272 disgpritlliis
744 2135 821 2186 tunc
831 2123 981 2274 'pppppppn
1002 2135 1132 2224 cuntur,

174 2229 197 2271 n
303 2227 477 2272 usmsisau
513 2229 593 2272 mm
635 2229 663 2274 ic
688 2229 808 2273 tarem
831 2231 863 2273 m
906 2231 946 2274 ror
962 2231 996 2274 er
1117 2242 1131 2260 -

89 2306 176 2371 emt,
190 2304 312 2360 etcum
327 2293 427 2360 ahum
441 2306 642 2379 apparatum,
658 2306 727 2360 tum
743 2297 837 2360 etiam
859 2297 1010 2382 majorem
1017 2231 1132 2362 δεῖξε

88 2393 220 2465 partem
242 2380 429 2456 amisissent,
444 2393 477 2445 et
498 2381 530 2443 in
553 2381 623 2465 ipse
646 2381 725 2446 urbe
746 2381 900 2446 seditione
916 2383 983 2467 jum
1005 2381 1132 2446 labora·

87 2480 175 2540 rent,
191 2477 298 2531 tamen
321 2479 386 2530 tres
407 2487 509 2531 annos
529 2469 720 2545 restiterunt,
740 2480 773 2532 et
793 2467 952 2552 prioribus
974 2467 1130 2547 hostibus,

88 2565 124 2618 et
152 2552 284 2630 Siculis,
300 2554 362 2640 ,qui
387 2575 421 2618 ee
444 2552 507 2617 illis
531 2553 751 2630 ad‘unxerant,
775 2553 949 2640 quinetiam
971 2554 1131 2639 plerisque

87 2639 265 2718 wciornm,
295 2640 351 2725 qui
380 2639 420 2704 ab
448 2641 526 2723 apsis
646 2653 753 2705 erant:
785 2661 864 2704 mox
898 2640 994 2704 etiam
1029 2641 1128 2726 Cyro,

89 2725 196 2814 Regis
211 2725 383 2792 Persarum
400 2725 478 2804 filio,
493 2725 549 2812 qui
571 2749 605 2790 se
618 2728 864 2792 Lacedaemoniis
881 2726 1081 2812 adjunxerat,
1097 2739 1131 2792 et

200 2814 208 2827 '
247 2811 509 2898 ¹Peloponnesiis
531 2812 572 2877 ad
601 2812 731 2878 classem
757 2811 898 2878 dederat.
946 2813 1015 2878 Nec
1040 2815 1130 2898 prius

85 2833 246 2965 wll:
250 2901 383 2984 imperio
409 2909 581 2976 uesamnnt,
607 2919 703 2985 mam
731 2899 794 2984 ipsi
822 2901 941 2966 mutuis
962 2900 1130 2966 discordiis

84 2985 196 3052 collisi
221 2985 444 3051 eonciderunt.
500 2984 610 3050 Tanta
637 2985 808 3071 prudentie
836 2997 913 3050 tunc
942 2987 976 3050 in
1008 2986 1131 3051 Pericle

84 3071 162 3152 fuit,
185 3093 253 3159 qus
272 3085 406 3138 eeteros
431 3071 514 3137 cives
538 3071 635 3222 longe
657 3093 822 3157 superans,
848 3073 1008 3137 civitatem
1036 3071 1130 3137 Pelo-

83 3156 257 3312 w
284 3181 323 3224 eo
353 3157 440 3223 bello
465 3157 515 3222 vel
547 3157 597 3223 fec
621 3157 695 3222 lime
724 3158 920 3245 superiorem
950 3157 1017 3223 fore
1045 3169 1130 3244 'prte-

131 3341 189 3398 66.
212 3311 454 3398 lacedemonii
474 3351 561 3408 reru,
582 3351 758 3417 eorumque
779 3331 868 3408 socii,
892 3331 1002 3396 eadem
1023 3341 1132 3396 aestate
1162 3339 1229 3387 Maio

82 3440 164 3486 cum
181 3431 310 3484 eentum
324 3416 458 3482 navibus
494 3417 606 3482 refecti
620 3431 695 3482 sunt
712 3419 744 3481 in
767 3417 902 3481 insulam
918 3415 1130 3502 Zacynthum,
1139 3410 1251 3453 exeunte.
1273 3447 1276 3452 ·

81 3527 165 3594 quse
175 3504 443 3591 jaceteregione
500 3503 570 3568 idis.
615 3503 783 3590 Zacynthii
802 3517 906 3568 autem
929 3516 1002 3568 sunt
1017 3501 1157 3568 Ache.

81 3613 190 3658 orum
201 3590 481 3676 enPeloponnesu
494 3589 611 3668 coloni,
626 3602 660 3655 et
673 3590 913 3654 Atheniensium
930 3603 1023 3654 erant
1042 3590 1131 3655 socii.

84 3679 154 3744 llla
176 3691 289 3742 antem
308 3677 408 3742 classe
432 3676 582 3741 adversus
606 3678 677 3741 illos
699 3676 896 3765 vehebantur
918 3677 1006 3741 mille
1026 3677 1132 3763 gravis

81 3775 265 3831 armaturae
288 3763 406 3829 milites
426 3763 588 3849 Spartani,
604 3764 637 3827 et
657 3763 799 3828 Cuemus
823 3764 1008 3847 Spartanus,
1024 3763 1132 3830 classis

80 3849 280 3939 prmum
295 3871 519 3936 exscensuque
532 3871 573 3914 ex
594 3849 729 3914 naribus
750 3850 783 3914 in
794 3849 1024 3926 *terramfactm
1041 3871 1132 3935 meg-

80 3959 165 4003 nam
179 3937 266 4002 illins
288 3937 358 4025 agri
380 3949 502 4022 partem
523 3947 699 4002 vastarunt
720 3957 859 4024 cumque
872 3936 919 4002 illi
934 3936 1130 4002 deditionem

80 4023 343 4102 facerenollent,
359 4022 491 4088 domurn
505 4021 681 4090 redierunt.
1112 4069 1115 4076 ·

133 4117 191 4180 6-7.
213 4109 338 4176 Είάοω
363 4122 474 4176 testate
497 4111 564 4197 jem
586 4121 740 4188 extrema,
764 4108 909 4174 Aristeus
931 4107 1129 4183 Corinthius,
1161 4111 1226 4156 Ante

81 4209 124 4264 et
146 4197 501 4263 Lacedaemoniorum}
563 4197 598 4273 ti,
619 4196 798 4273 Aneristus,
823 4195 985 4270 Nicotaus,
1007 4175 1249 4259 Strato-⁸²⁹¹*²¹·

81 4285 215 4362 demus,
246 4297 279 4350 et
308 4283 500 4372 Timagoras
558 4297 693 4370 egentes,
723 4296 754 4348 et
789 4305 849 4348 suo
883 4282 1012 4346 nomine
1042 4279 1129 4348 Polis

68 4395 71 4398 ·
605 4391 618 4431 r
