2964 4786
323 283 390 356 sos·
699 281 1005 348 rnrrcrnmrs
1067 237 1070 246 ’

229 479 290 528 usu
325 457 417 524 Hinc
438 469 543 522 auteur
565 452 684 518 facturn
706 467 763 532 est,
779 468 815 519 ut
836 452 1002 538 popularis
1023 451 1150 536 imperii
1171 449 1284 516 tuendi
1300 461 1369 514 stu·

217 542 299 601 ¹³⁶¹⁰¹²
324 545 414 612 dium
428 543 461 608 iu
476 543 584 608 animo
597 552 708 606 nostro
722 541 944 625 permanserit.
983 539 1143 604 Proeterea
1156 535 1243 624 quod
1259 545 1370 600 nourr

325 623 1372 798 ,utrumme

223 798 254 848 ⁰·
272 798 300 846 ⁰·
327 800 489 888 republica
504 797 607 864 conati
624 819 732 864 sumus
748 820 804 862 uos
821 797 1014 862 moderatius
1028 817 1147 883 gerere,
1159 815 1257 881 quam
1269 815 1370 877 popu·

228 862 299 977 gig:
325 890 405 954 laris
418 884 672 969 intemperantis
694 884 894 948 consuetudo
914 882 1004 948 serat.
1050 883 1133 966 Nam
1156 895 1189 946 et
1211 881 1370 967 majorum

326 984 359 1038 et
373 986 483 1036 nostra
497 971 649 1034 memoria
663 968 717 1034 alii
731 983 833 1046 erant,
848 969 914 1056 qui»
919 969 1042 1052 plebem
1058 971 1096 1032 ad
1119 966 1281 1031 deteriora
1296 987 1371 1030 oon·

326 1059 485 1132 oiubann
507 1055 562 1143 qul
577 1077 629 1120 me
643 1074 772 1141 quoque
793 1056 965 1140 ejecerunt.
1011 1055 1078 1118 Nos
1092 1075 1168 1118 veru
1181 1051 1370 1137 reipublice

325 1141 522 1230 praeluirnus,
548 1162 677 1228 requam
703 1163 771 1206 esse
795 1153 966 1218 censentes,
989 1140 1024 1204 ia
1046 1159 1111 1224 qua
1134 1136 1240 1203 forma
1262 1138 1371 1202 civitss

326 1230 468 1294 maxima
486 1239 581 1314 atque
602 1226 767 1292 liberrime
787 1225 907 1306 suisset,
920 1241 953 1289 et
974 1247 1070 1314 quam
1093 1223 1164 1309 quis
1186 1224 1372 1308 accepisset,

326 1315 412 1380 huuc
432 1315 527 1378 etiem
552 1312 593 1376 ab
615 1311 862 1378 eo‘conseruari.
907 1310 992 1376 Nam
1015 1331 1088 1374 cum
1110 1331 1166 1375 sos
1186 1331 1303 1389 cmm,
1319 1309 1372 1394 qui

327 1399 434 1484 eliqua
454 1397 625 1482 prudentia
647 1396 773 1480 praediti
796 1419 933 1474 eramus,
948 1395 1134 1482 popularem
1156 1407 1276 1461 steturn
1294 1415 1336 1460 co

326 1483 545 1558 poscebamus,
561 1492 590 1546 et
604 1492 722 1567 quantu
735 1484 778 1548 sr't
789 1482 863 1566 'ejus
884 1483 1002 1558 leuitas,
1018 1503 1056 1546 ec
1070 1483 1264 1564 improbitas,
1465 1551 1466 1560 χ

326 1567 1372 1738 tetrumtrrrrurrrlmmrttrm
1466 1627 1467 1658 l

321 1749 455 1824 propter
468 1759 559 1821 quatu
581 1675 645 1821 ἕνα·
665 1739 792 1804 liberius
813 1741 978 1805 conuicium
1000 1741 1114 1818 dicere,
1127 1741 1288 1822 mumque
1298 1738 1373 1822 jure

328 1824 499 1923 objurgare
513 1838 648 1924 possem.
692 1823 755 1888 Sed
774 1823 816 1889 de
835 1824 965 1890 minime
979 1822 1078 1889 dubie
1090 1834 1190 1889 nctus
1205 1827 1374 1907 populeris

327 1919 469 1976 amenus
489 1908 569 1973 urbii
594 1909 669 1978 uovi
690 1908 755 1974 diei
777 1923 892 1994 posset.
939 1909 1040 1975 Hunc
1061 1925 1166 1974 autem
1190 1911 1371 1986 immutare,

327 2015 393 2062 non
408 1991 576 2060 videbatur
596 1994 688 2060 nobis
710 2017 777 2060 esse
797 2006 913 2076 tutum,
928 1995 1017 2082 quod
1030 2016 1086 2060 ros
1106 1995 1211 2060 hostes
1226 1997 1373 2082 quodan-

327 2079 649 2146 modoobsideretw
939 2131 943 2145 .

372 2175 426 2234 90.
450 2166 585 2244 “Quod
609 2165 706 2251 igitur
726 2166 839 2232 attinet
860 2167 909 2234 ad'
924 2189 1009 2232 meos
1031 2166 1281 2245 criminationes,
1305 2167 1373 2231 hec

329 2251 526 2318 acciderunt.
570 2250 642 2314 Jam
665 2271 741 2314 vero
763 2275 821 2329 res,
836 2252 878 2317 de
898 2253 1013 2340 quibus
1034 2267 1067 2318 et
1085 2252 1173 2317 vobis
1187 2261 1233 2318 est
1248 2253 1373 2318 consul·

329 2336 473 2413 taudum,
489 2335 614 2400 etmihi
630 2336 668 2418 (si
683 2336 761 2420 quid
775 2337 896 2416 melius,
913 2361 1002 2438 quum
1018 2361 1078 2416 uus,
1094 2339 1183 2420 ucri)
1199 2339 1374 2426 egendum,

328 2421 522 2520 cognoscite.
568 2419 608 2485 In
639 2421 780 2488 Siciliam
810 2445 849 2487 eo
877 2445 986 2488 animo
1014 2425 1205 2511 trajecimus,
1233 2426 1373 2506 primurn

328 2507 467 2592 qurdem,
484 2519 521 2570 ut
537 2505 724 2583 Sicilienses,
741 2510 765 2571 si
789 2530 962 2592 possemus,
978 2512 1010 2573 in
1026 2525 1166 2574 nostram
1183 2523 1373 2592 potestetem

328 2590 557 2679 redigeremus,
579 2611 657 2658 mox
682 2613 756 2659 vero
779 2605 850 2676 post
872 2594 952 2672 illos,
975 2607 1007 2659 et
1028 2594 1136 2660 Italos.
1181 2595 1315 2660 Deinde
1341 2607 1375 2660 ut

328 2847 416 2911 nodis
437 2783 673 2925 sllrccesslsserll}
689 2861 746 2914 aut
770 2852 889 2929 omnis,
909 2864 968 2916 aut
988 2852 1083 2916 etism
1110 2851 1276 2938 pleraque,
1298 2867 1374 2918 tune

328 2947 406 2996 uero
421 2931 677 3016 Peloponnesum
700 2957 742 3022 ag
799 2937 831 3000 di
853 2950 1080 3012 statueramusr
1104 2937 1260 3003 universis
1280 2941 1374 3004 Grae·

329 3037 440 3080 corum
460 3019 571 3103 copiis,
595 3039 676 3104 quas
700 3041 745 3086 no
768 3021 794 3086 is
818 3021 908 3086 illinc
930 3022 1192 3108 adjunxissemus,
1216 3023 1374 3102 adductis,

329 3102 499 3189 multisque
520 3102 663 3168 barbaris
685 3107 830 3172 mercede
852 3109 1027 3184 conductis,
1051 3122 1084 3174 et
1105 3109 1216 3188 iberis,
1238 3122 1274 3175 et
1295 3110 1376 3190 aliis,

329 3188 385 3274 qui
410 3191 542 3254 omnium
567 3189 773 3256 barbarorum
803 3193 836 3258 in
863 3193 926 3258 illis
948 3195 1133 3282 regionibus
1161 3193 1375 3260 habitantium

329 3273 397 3337 sine
417 3276 632 3338 controversis
654 3274 879 3344 bellicosissimi
902 3301 988 3345 nunc
1009 3281 1184 3346 habenturs
1207 3281 1375 3348 mdificstis

329 3359 425 3423 etism
449 3359 616 3443 permultis
642 3361 834 3441 triremibus,
855 3379 973 3448 prester
996 3367 1257 3454 nostras,.(quod
1283 3369 1376 3436 Italis

328 3463 478 3530 magnam
505 3447 645 3510 materiae
671 3449 795 3531 copiam
822 3451 949 3533 lrabeat)
971 3452 1086 3538 quibus
1112 3452 1374 3538 Peloponnesum

329 3527 538 3594 circumcirca
558 3531 748 3610 obsidentes,
769 3547 801 3600 et
825 3536 970 3620 peditatu
993 3539 1112 3623 pariter
1134 3537 1263 3604 eterra
1287 3544 1375 3606 im·

327 3615 508 3691 destruitis
530 3615 686 3692 subsidiis,
704 3619 830 3686 urbium
854 3621 922 3686 eliis
944 3625 1072 3709 quidem
1096 3645 1154 3708 per
1174 3627 1238 3690 ritu
1263 3627 1375 3712 captis,

329 3697 400 3762 aliis
421 3719 497 3768 vero
518 3702 776 3785 circumvallatis,
800 3709 1005 3792 sperabamus
1025 3709 1105 3787 l'ore,
1127 3723 1164 3775 ut
1192 3733 1263 3776 scer
1285 3711 1376 3778 facile

329 3781 570 3865 debellaremue,
595 3802 704 3872 postea
729 3813 803 3857 vero
829 3795 925 3860 totius
949 3794 1044 3860 etiarn
1073 3795 1213 3862 Grsecioe
1238 3799 1375 3884 imperio

362 3983 377 4014 ¹
388 3981 489 4030 interim
507 3985 615 4044 fluentia,
630 4001 687 4048 qun
702 3990 772 4036 nobis
788 3995 941 4052 suppetebst,
957 3995 1108 4042 modernius
1124 3995 1150 4041 in
1167 3996 1242 4043 rebus
1262 3995 1374 4044 civiilbrn

329 4045 482 4096 instituimus
493 4051 537 4096 uti.
559 4051 667 4100 Anum.

361 4111 450 4160 tTum
467 4126 524 4159 uero
541 4112 601 4174 ipse,
618 4129 669 4176 quo
684 4113 776 4178 majore
792 4117 884 4184 injuris
902 4125 1005 4172 aflectus
1023 4135 1089 4181 sum,
1107 4135 1136 4168 ec
1154 4125 1237 4184 magis
1255 4125 1373 4184 vitupera

329 4171 417 4288 genle:
434 4177 474 4236 psl
488 4177 581 4226 uidetur
599 4181 716 4228 merorem
731 4183 824 4232 mamm
840 4189 913 4248 sequi,
928 4202 998 4252 quam
1016 4191 1038 4236 et
1056 4187 1131 4234 Sciret
1149 4193 1230 4235 nostra
1247 4189 1370 4238 uelim
