2982 4786
435 319 883 414 maronianum.
1105 329 1172 414 ‘an

124 531 196 578 con
211 525 243 580 et
260 515 457 582 Menecnlus.
502 519 584 584 Cum
602 532 706 584 autern
724 517 915 584 Camarinari
931 519 1177 605 aSyrecrrsanis,
1211 535 1271 586 neit

133 614 268 685 propter
282 602 488 667 deiectionem
510 605 550 669 ab
570 607 646 688 ipsis
654 608 790 690 factam,
809 604 892 669 bello
914 625 955 668 ex
971 605 1035 670 suis
1053 605 1179 672 sedibus
1205 603 1287 663 ΜΨ·

131 687 259 770 expulsi
275 688 422 765 fuissent3
446 712 511 754 non
529 691 632 755 multo
643 703 714 775 post
731 690 958 776 Hippocrates,
971 691 1061 756 Gclae
1073 707 1181 779 tyran·
1195 665 1293 793 ὂῗγέἱ

134 791 205 848 nus,
221 795 293 837 cum
309 796 370 859 pro
389 777 662 863 Syracusanorum
679 778 876 861 captivorum
899 777 1097 842 redemtione
1120 780 1180 844 Ca·
1207 796 1248 844 at.
1260 795 1283 843 1.

134 859 356 925 marinaeuma
399 884 453 926 um
468 863 648 947 accepisset,
663 863 751 948 ‘ipse
771 861 908 926 coloniae
924 861 1077 941 duruit,
1096 885 1180 929 eam·
1206 859 1238 971 ξ),
1256 860 1285 908 ⁰·

133 944 245 1027 quein
261 946 341 1011 urbe
386 949 527 1014 amerina
541 948 725 1023 collocavit;
749 960 781 1012 et
795 968 917 1026 rursus,
931 969 1003 1012 cum
1019 971 1038 1012 a
1054 949 1181 1018 Gelone
1218 938 1281 1037 ἐξ·

133 1029 201 1092 suis
227 1031 353 1097 sedibus
377 1034 501 1118 expulsi
524 1034 666 1112 fuissent,
690 1031 862 1099 abeodem
885 1033 1009 1097 Gelone
1031 1037 1126 1100 tertio
1145 1037 1179 1101 in

133 1114 245 1179 eadem
262 1118 340 1182 urbe
354 1119 500 1184 collocati
513 1119 655 1186 fuerunt.

181 1210 213 1266 6.
236 1200 304 1268 Tot
325 1203 424 1291 igitur
444 1218 566 1292 gentes,
582 1207 698 1291 partim
722 1207 859 1284 Groecae,
880 1205 996 1292 partim
1019 1205 1176 1289 barbarae,

124 1286 278 1353 'Siciliam
308 1290 502 1357 incolebant.
547 1291 702 1369 Quamvis
728 1305 833 1356 autem
863 1293 933 1356 haec
962 1292 1065 1357 insula
1091 1307 1180 1361 tanta

133 1385 216 1437 esset
232 1395 269 1438 oc
282 1385 329 1440 tot
337 1379 464 1459 popidis
477 1377 604 1462 referto,
616 1376 692 1442 huic
707 1391 812 1441 tamen
831 1377 1041 1442 Athenienses
1056 1380 1178 1466 impetu

133 1459 277 1545 quodam
289 1462 386 1525 animi
397 1459 516 1526 bellum
531 1461 648 1527 inferre
661 1475 851 1541 statuerunt,
862 1463 1025 1548 cupientes
1036 1457 1177 1552 qhidem,

133 1567 210 1632 quae
224 1547 386 1612 verissima
399 1561 468 1613 erat
482 1570 588 1626 causa,
604 1552 700 1615 totius
715 1550 850 1636 imperio
869 1549 977 1634 potiri,
994 1551 1086 1616 simul
1102 1574 1178 1620 vero

128 1632 275 1716 quodam
300 1631 435 1698 honesto
460 1647 632 1719 praetextn,
658 1635 915 1714 Chalcidensibus,
938 1635 1000 1700 suis
1023 1639 1175 1720 cognatis,

126 1717 338 1806 pristinisque
352 1719 444 1785 sociis
466 1741 560 1807 opem
582 1719 664 1786 ferre
685 1720 836 1786 volentes.
882 1721 974 1806 lpsos
996 1736 1099 1787 autem
1119 1747 1177 1807 po·

133 1803 292 1868 tissimum
307 1807 352 1868 od
371 1808 427 1870 hoc
448 1806 644 1893 impulerunt
667 1805 887 1894 Egestaeorum
910 1807 1015 1894 legati,
1033 1810 1087 1894 qui
1110 1813 1178 1875 illic
1219 1861 1221 1865 -
1261 1873 1265 1880 .

132 1888 279 1966 aderant,
310 1903 342 1956 et
370 1891 498 1959 enixius
526 1891 682 1958 auxilium
710 1891 931 1978 implorabant.
978 1891 1061 1958 Cum
1091 1895 1176 1960 enim

135 1975 322 2042 Selinuntiis
336 1990 439 2042 essent
453 1977 590 2054 finitimi,
607 1977 724 2043 bellum
739 1979 883 2043 adamus
900 2000 950 2043 eos
963 1993 1175 2066 susceperant,

132 2075 268 2147 propter
278 2063 430 2150 quasdam
444 2087 506 2142 res,
520 2087 593 2150 quae
605 2063 646 2130 ad
658 2063 785 2148 nuptias
797 2063 992 2151 spectabant,
1005 2075 1037 2128 et
1045 2076 1178 2148 propter
1236 2101 1240 2110 .

133 2169 248 2234 agrum
274 2163 520 2215 controversum.
566 2149 610 2216 Et
635 2150 816 2230 Selinuntii,
839 2149 945 2215 accitis
968 2151 1177 2236 Syracusanis

134 2234 241 2311 sociis,
256 2235 341 2336 ipsos
355 2236 441 2300 bello
456 2249 540 2302 terra
555 2237 697 2324 marique
715 2235 911 2321 premebant.
957 2233 1175 2312 Quamobrem

129 2320 278 2408 ·Egestaer
300 2321 548 2387 Atheniensibus
577 2322 612 2386 in
642 2323 827 2386 memoriam
858 2321 1053 2388 reducebant
1077 2323 1176 2390 socie-

134 2421 236 2472 tatem
250 2429 315 2471 curn
330 2411 533 2493 rpsissoctam
549 2407 697 2473 Lachetis
712 2420 745 2473 et
759 2407 929 2494 superioris
941 2407 1176 2474 Leontinorum

129 2492 211 2558 belli
224 2505 377 2579 tempore,
394 2505 426 2558 et
439 2495 525 2578 ipsos
539 2495 683 2572 orabant,
699 2506 736 2558 ut
751 2495 810 2558 sibi
826 2494 921 2558 missa
935 2493 1033 2559 classe
1046 2515 1177 2559 succur-

134 2590 260 2656 rerent;
283 2592 402 2644 etcum
418 2580 480 2644 alia
495 2583 595 2645 multa
616 2577 773 2658 dicebant,
790 2593 857 2645 tum
872 2601 948 2644 vero
965 2579 1065 2665 (quod
1080 2591 1176 2666 caput

133 2666 220 2744 erat)
242 2665 269 2730 si
293 2665 482 2753 Syracusani
504 2666 635 2752 impune
655 2664 784 2742 ferrent,
808 2664 893 2752 quod
916 2665 1091 2731 Leontinos
1113 2667 1177 2730 suis

134 2750 266 2815 sedibus
280 2751 485 2837 expulissent,
501 2763 533 2817 et
547 2752 669 2817 caeteris
683 2752 825 2833 ipsorum
840 2751 1069 2816 Atheniensium
1084 2751 1178 2817 sociis

132 2849 293 2922 praeteres
314 2841 474 2923 corruptis
494 2861 532 2904 ac
553 2840 683 2912 attritis,
699 2837 760 2924 ipsi
782 2858 907 2902 omnem
932 2836 1049 2903 Siciliae
1065 2851 1178 2924 poten·

135 2924 214 2988 tiam
238 2924 272 2987 in
298 2945 386 2988 suam
413 2935 599 3008 potestatem
622 2923 814 3008 redigerent,
837 2925 1013 3008 periculum
1037 2943 1113 3001 esse,
1136 2946 1178 2989 ne

132 3008 220 3073 sorte
241 3008 413 3095 aliquando
430 3032 503 3075 cam
525 3031 644 3098 magno
665 3020 820 3094 apparatu
843 3007 1015 3073 Dorienses
1037 3007 1178 3074 Dorien-

135 3095 236 3172 sibus,
252 3107 383 3180 propter
404 3096 636 3183 cognationem,
657 3093 750 3158 simul
772 3095 867 3157 etiam
889 3093 993 3157 coloni
1017 3091 1178 3180 Pelopon·

135 3181 278 3257 nesiis,a
299 3183 415 3268 quibus
437 3194 540 3247 essent
561 3181 675 3258 emissi,
696 3177 850 3244 auxilium
873 3177 1016 3254 ferentes,
1034 3179 1177 3263 ipsorum

134 3267 234 3331 etism
265 3267 433 3352 imperium
461 3289 525 3332 una
550 3265 789 3332 demolirentur.
835 3263 1043 3327 Prrrdentium
1071 3277 1178 3330 autem
1203 3285 1206 3290 ·

134 3375 217 3430 esse,
247 3374 320 3417 cum
350 3353 479 3441 reliquis
508 3351 614 3418 adhuc
642 3351 734 3417 sociis
767 3349 921 3413 obsistere
954 3350 1160 3436 Syracusanis
1167 3374 1177 3428 3

134 3439 316 3525 praesertim
335 3461 409 3503 cum
432 3441 441 3503 i
466 3440 491 3502 si
506 3441 645 3524 Egestaei
665 3437 740 3502 satis
761 3435 906 3522 pecuniae
927 3434 969 3498 od
990 3434 1110 3499 bellum
1131 3458 1179 3501 es·

136 3537 209 3590 sent
230 3524 386 3591 collaturi.
431 3461 516 3601 guse
538 3545 611 3594 cum
635 3523 782 3590 audirent
804 3541 1023 3605 saepenumero
1043 3520 1178 3586 Atheni·

134 3631 228 3676 enses
241 3611 275 3674 in
290 3610 506 3690 concionibus,
519 3621 586 3676 tum
602 3633 643 3675 ex
655 3609 887 3760 Efiestaeorum,
900 3621 967 3672 tum
983 3628 1024 3671 ex
1038 3605 1178 3686 illorum,

160 3697 195 3760 ui
211 3696 286 3780 ipsis
298 3696 592 3783 patrocinabantur,
605 3718 673 3774 ore,
708 3706 901 3771 ecreverunt,
914 3693 1024 3780 legatis
1039 3694 1179 3780 primum

135 3719 290 3870 digestam
300 3784 412 3861 missis,
428 3783 603 3869 explorate,
614 3805 654 3847 an
666 3795 791 3848 tantum
802 3781 958 3866 pecunie,
968 3792 1122 3866 quantam
1131 3782 1182 3866 ja-

134 3869 317 3946 etabantin
326 3870 440 3934 aerario
448 3881 480 3934 et
488 3870 521 3933 in
530 3864 965 3953 templishaberent,etsimul
976 3887 1179 3953 cognoscere,

135 3977 206 4043 quo
222 3955 253 4019 in
269 3967 353 4029 stetu
368 3967 448 4020 esset
461 3953 591 4032 bellum,
606 3953 780 4040 quodcum
799 3951 983 4017 Selinuntiis
997 3951 1161 4038 gerebant.

183 4047 215 4110 7.
240 4041 283 4106 Et
304 4042 399 4128 legati
413 4041 542 4129 quidem
559 4039 801 4106 Atheniensium
823 4037 856 4102 in
875 4035 1015 4102 Siciliam
1032 4035 1116 4100 missi
1130 4034 1180 4100 fu·
1201 4049 1288 4099 Paua

135 4139 245 4194 erunt.
290 4127 527 4194 Lacedoemonii
540 4148 618 4192 vero
630 4125 740 4191 eedem
763 4124 888 4211 hyeme,
903 4143 1077 4208 eorumque
1091 4121 1178 4200 socii,
1188 4123 1300 4228 οἵω.

170 4270 247 4332 ‘ipse
254 4271 356 4320 colonie
366 4274 483 4324 mutor
494 4271 651 4324 emerim
661 4271 752 4318 lterum
759 4267 869 4318 condidit
878 4271 905 4315 et
914 4265 1000 4314 ineolis
1010 4263 1180 4326 heqamterit.

137 4337 236 4387 crsver.
271 4335 358 4388 liuns.
637 4407 690 4462 Η
