2964 4786
407 280 656 349 fflsTotuAE
681 281 772 388 Llll.
797 283 875 350 Vll.
1092 297 1160 360 toa

118 477 182 542 ego
194 453 302 555 audio,
314 453 457 540 peditatu
470 476 492 518 a
506 463 603 530 tetro,
618 453 738 538 pariter
751 465 785 519 et
797 454 897 522 classe
910 477 928 520 a
943 455 1023 522 mari
1038 467 1162 528 nocuas
1193 481 1256 530 asu

117 543 315 608 munitiones
338 553 459 606 tentare
481 553 668 606 statuerunt.
712 539 827 628 Neque
849 541 997 629 cuiquam
1021 559 1160 613 vestrum
1183 543 1267 608 &¹⁰1²-

118 627 176 691 lroc
190 628 326 692 arduum
348 649 414 692 esse
428 625 584 708 rideatur,
599 624 686 712 quod
708 626 803 690 etiam
821 650 842 693 a
855 629 935 693 mari
957 651 1012 695 aaa
1032 635 1163 718 aggredi
1176 623 1216 722 ΒΤ
1230 609 1269 660 ¹⁸
1291 703 1294 708 ,

116 716 293 780 statuerint.
338 711 423 777 Nam
438 724 547 776 nostra
560 711 670 776 classis
686 712 786 792 (quod
809 712 902 778 atilli
917 716 1081 802 cognitum
1102 717 1161 784 ha·
1185 687 1275 788 allnd'

117 797 211 878 bant)
225 798 318 864 initio
331 798 460 885 quidem
482 810 514 862 et
535 797 664 862 navium
686 797 837 874 siccitate,
859 811 891 864 et
904 797 1084 880 hominum,
1106 805 1161 891 qui
1189 803 1258 852 stc·

115 885 152 948 in
175 884 237 950 illis
259 897 361 962 crant,
382 883 601 949 incolumitate
621 883 764 948 florebat.
807 883 880 948 Jam
903 907 979 951 vero
1001 899 1034 952 et
1054 911 1161 972 nara,
1187 865 1262 980 vffi'

142 971 207 1036 uod
222 970 344 1036 tamdiu
354 970 421 1055 jam
435 969 554 1034 aare
568 969 645 1034 etin
665 970 745 1034 mari
765 971 950 1052 manserint,
964 988 1040 1039 sunt
1054 989 1162 1058 patra·

117 993 222 1134 isere,
238 1069 270 1122 et
285 1057 354 1134 riri,
371 1056 426 1139 qui
436 1077 489 1120 eas
500 1053 681 1140 explebant,
693 1067 768 1120 aunt
778 1055 923 1122 absumti.
961 1057 1067 1124 Nares
1077 1063 1163 1127 enim

117 1143 211 1210 randis
224 1141 400 1208 subducere
412 1162 477 1207 non
492 1139 576 1218 licet,
591 1153 628 1205 ut
641 1162 828 1218 recreemus,
844 1142 932 1228 quod
952 1141 1090 1210 hortium
1106 1169 1164 1212 na·

116 1250 184 1307 ves,
208 1251 281 1316 quae
302 1227 418 1328 uostris
442 1239 517 1292 sunt
536 1248 671 1328 numero
690 1249 794 1312 parea,
817 1240 915 1327 atque
937 1228 1020 1296 adeo
1043 1230 1162 1316 plures,

116 1311 1164 1488 ttttttt.⁸”ttltttmlttltiltetttttttltutt

115 1487 258 1553 facturos
272 1509 349 1554 ease.
394 1485 438 1550 Et
451 1487 546 1551 hostis
560 1484 730 1552 invadendi
745 1483 877 1551 facultas
900 1509 998 1574 penes
1013 1487 1084 1554 illos
1104 1502 1162 1569 eat,

117 1584 153 1638 et
178 1597 250 1640 suas
275 1595 368 1640 naues
390 1571 587 1637 commodius
615 1572 773 1637 exsiccare
800 1587 943 1658 possunt.
987 1574 1057 1641 Nec
1077 1577 1162 1642 anim

118 1661 274 1726 stationes
288 1659 437 1724 adversus
451 1657 531 1722 alios
544 1656 696 1724 habent.”
990 1729 992 1733 ,

166 1757 217 1812 13.
242 1755 264 1788 “
280 1746 382 1810 Nobis
394 1767 479 1822 vero,
514 1745 676 1809 uamvism
719 1745 900 1810 nocerium
915 1749 1163 1816 numeroabnu·

115 1833 279 1910 daremus,
296 1832 350 1896 vix
372 1846 477 1896 tamen
491 1767 563 1896 lucc
573 1767 819 1915 facerdiiceret,
846 1830 989 1910 nedum,
1005 1849 1041 1900 ut
1063 1857 1161 1916 nunc,

115 1919 269 1984 excubias
284 1939 357 1984 cum
373 1930 439 1984 tota
453 1915 550 1982 classe
564 1939 659 2004 egere
673 1917 800 1981 coactis.
845 1917 931 1982 Nam
953 1919 979 1983 si
994 1921 1044 1985 vel
1059 1923 1162 1988 modi·

116 2028 189 2071 cam
204 2005 356 2072 custodiae
371 2017 494 2088 partam
509 2002 724 2078 detrahamus,
739 2001 845 2066 nullos
860 2019 1054 2070 commeatus
1065 2006 1163 2073 habe·

116 2093 235 2170 bimus,
251 2113 330 2178 quos
345 2109 431 2154 nunc
445 2109 572 2174 quoque
589 2089 683 2175 juxta
699 2088 827 2153 illorum
842 2089 952 2156 urbem
967 2096 1164 2175 praetervecti

61 2211 64 2216 ¹
116 2181 253 2268 segreie
268 2188 369 2242 castra
384 2175 602 2261 importamus.
648 2173 810 2240 Homines
824 2197 901 2240 vero
914 2179 1035 2242 nautici
1050 2177 1111 2245 hac
1122 2180 1164 2248 de

117 2289 217 2331 causa
231 2274 349 2330 etanta
363 2283 437 2326 cum
452 2273 560 2326 nostra
577 2263 703 2347 jactura
723 2261 897 2346 perierunt,
912 2276 945 2329 et
959 2285 1046 2331 nunc
1065 2266 1162 2332 ctiam

116 2363 275 2438 pereunt3
301 2349 389 2437 quod
413 2360 520 2413 nautea
544 2347 684 2433 quidem,
700 2349 777 2434 quia
799 2348 948 2434 procula
970 2352 1080 2416 castris
1102 2353 1164 2443 lig·

116 2439 202 2515 nari,
217 2436 365 2526 praedari,
381 2449 412 2501 et
427 2433 538 2520 aquari
560 2446 731 2520 coguntur,
745 2434 931 2500 abbaciam
946 2438 1088 2538 equitatu
1108 2461 1164 2506 ex·

116 2547 158 2590 ce
181 2526 206 2590 ti
225 2522 409 2599 credentum
432 2520 558 2586 servitia
573 2541 659 2598 vero,
675 2520 751 2606 quia
771 2531 875 2586 castra
888 2533 999 2587 cestna
1019 2525 1165 2608 opposita

115 2611 173 2679 ha
205 2632 285 2686 mua
300 2607 522 2694 transfugiant.
557 2605 805 2694 Peregrinorum
820 2629 948 2695 quoque
961 2608 1008 2673 illi
1021 2609 1165 2696 quidem,
1258 2633 1259 2636 ¹

116 2697 176 2784 qui
191 2695 293 2764 coacti
315 2717 410 2760 naves
423 2691 686 2770 conscenderunt,
702 2693 735 2756 in
748 2691 842 2758 urbes
852 2695 1006 2760 continuo
1016 2695 1164 2764 dilabun-

117 2797 184 2850 tur.
228 2781 280 2848 llli
298 2803 383 2859 vero,
399 2780 455 2867 qui
478 2778 630 2844 mercedis
654 2779 875 2866 magnitudine
897 2778 1038 2866 primum
1059 2782 1164 2850 allecti

117 2883 282 2945 venerant,
298 2867 400 2954 etqui
419 2878 624 2952 acquestum
639 2866 745 2951 potius
758 2865 907 2945 lecturos,
947 2887 1019 2934 uam
1039 2891 1083 2956 pu
1129 2894 1165 2938 a·

117 2969 221 3036 turos,
236 2953 485 3030 arbitrabantur,
500 2950 555 3016 ubi
566 2965 683 3038 praeter
696 2951 881 3038 opinionem
891 2953 920 3016 vi
1001 2969 1038 3022 nt
1048 2971 1081 3022 et
1113 2981 1165 3024 os·

119 3043 202 3108 tium
217 3040 357 3117 classem,
375 3052 407 3105 et
429 3050 561 3104 caeteras
585 3058 635 3101 rea
651 3038 720 3123 jam
741 3039 828 3104 nota
850 3060 893 3124 op
954 3040 1022 3118 'tae
1046 3044 1164 3126 partlm

117 3127 250 3216 quidem
274 3128 471 3192 occasionem
493 3123 579 3190 nacti
602 3122 644 3188 ad
662 3121 771 3188 hostes
794 3135 867 3189 tran
917 3125 1021 3212 muna
1089 3129 1163 3195 rtim

115 3237 206 3294 vero,
228 3224 325 3299 prout
345 3211 478 3300 singulis
493 3207 627 3274 facultas
647 3207 791 3288 offertur,
807 3210 937 3284 aaran&
960 3211 1041 3295 (Sici
1055 3214 1087 3279 ia
1107 3238 1165 3282 au·

117 3314 186 3368 tem
207 3312 258 3364 eat
278 3298 418 3386 ampla3)
452 3295 582 3383 quidun
603 3295 699 3360 etiam
722 3293 776 3361 hic
800 3294 982 3382 Hyccarica
1003 3300 1165 3387 mancipia

116 3385 263 3464 mercati,
285 3382 466 3451 mierarchis
488 3396 724 3466 persuaserunt,
747 3395 784 3446 ut
803 3381 859 3446 illa
877 3403 938 3468 pro
959 3403 992 3448 aa
1014 3383 1047 3450 in
1069 3407 1165 3454 uavaa

117 3476 333 3560 imponerent,
348 3484 445 3557 atqua
457 3467 521 3534 hcc
535 3467 633 3534 modo
646 3478 789 3534 exactam
803 3468 852 3533 rei
872 3469 1010 3536 nauticae
1023 3469 1166 3560 discipli-

116 3582 195 3626 nam
211 3556 449 3629 sustulerunt.”.
872 3587 879 3598 ·
986 3567 989 3574 '

170 3655 222 3712 14.
246 3653 268 3686 ‘⁸
283 3644 398 3710 ‘Vobis
420 3656 536 3720 autem,
553 3641 607 3728 qui
631 3642 686 3706 laec
702 3641 801 3726 probe
823 3641 935 3722 nostia,
957 3642 1073 3723 scribo,
1096 3665 1163 3713 non

117 3734 309 3800 diuturnum
324 3753 390 3796 assa
404 3730 571 3795 classiariae
586 3727 797 3793 multitudinis
810 3727 964 3815 vigorem,
978 3734 1164 3820 paucosque

117 3833 235 3888 nautas
250 3818 393 3900 reperiri,
407 3816 462 3903 qui
478 3829 509 3882 et
524 3837 635 3880 navem
650 3835 744 3902 agere
758 3827 791 3878 et
812 3814 993 3902 remigium·
1004 3815 1163 3886 mouent

119 3906 241 3976 norint.
287 3902 352 3970 sad
367 3903 483 3968 horum
498 3901 908 3968 omnium-incommodorum
921 3899 986 3966 hoc
999 3914 1046 3968 est
1059 3905 1163 3970 maxi·

118 4013 221 4068 mum,
238 4002 307 4056 tum
322 3988 409 4076 quod
431 4011 492 4076 ego
515 3990 692 4076 Imperator
714 3985 786 4082 heac
799 3986 883 4052 male
905 3985 1076 4072 prohibere
1097 4011 1163 4056 uon

154 4201 236 4256 saon
244 4205 529 4269 intelligentibuauutcm
540 4205 675 4252 amiboctc.
696 4203 770 4252 Valla·
803 4203 1010 4252 Sedlnomnibue
1020 4203 1165 4257 θηται..-

112 4274 235 4341 phasides,
247 4287 303 4334 qua
314 4271 430 4332 vidimus,
440 4271 527 4334 legitur
537 4265 687 4333 lomim,
698 4270 935 4332 Quem
963 4269 1049 4320 Hm
1108 4301 1111 4308 Ι
