2990 4792
437 303 683 372 HISTORIAE
707 303 795 370 LlB.
820 305 885 371 111.
1107 317 1168 378 165

126 475 288 562 aequitatis
302 476 438 562 speciem
461 475 569 556 habet,
584 489 716 562 propter
730 491 864 542 vestram
888 477 979 555 iram,
996 501 1069 564 quae
1084 501 1170 546 nunc
1203 499 1265 548 neu

125 563 158 626 in
174 562 380 649 Mitylenaeos
394 576 441 627 est
455 562 740 644 ascensurorum
756 583 807 628 ros
821 566 865 627 ad
878 565 975 647 ipsius
988 569 1170 630 sententiam
1195 563 1278 626 Paroa

125 648 274 714 attrahet
321 649 389 714 Noa
413 671 489 714 vero
507 649 591 713 ¹cum
615 649 690 734 ipsis
714 650 908 734 Mitylenaeis
923 651 991 736 jam
1017 673 1081 715 non
1106 627 1284 754 dia-31¹¹&

125 750 301 819 ceptamua,
317 735 363 800 ita
379 749 413 800 ut
431 735 473 799 de
489 736 563 821 jure
577 735 670 800 nobis
684 735 725 798 sit
738 734 967 822 quaerendum:
990 751 1024 802 at
1038 735 1169 824 deipsis
1194 755 1268 818 aar.

125 821 353 900 consultamus,
370 842 509 908 quonam
523 819 622 885 modo
643 820 736 885 nobis
758 822 792 885 in
815 833 976 907 posterum
994 823 1087 890 utiles
1102 847 1170 890 esse
1194 821 1267 934 ξιξ

147 921 287 972 oterunt.
1264 920 1272 936 ⁰

123 929 146 992 p
166 1003 221 1058 45.
244 1001 268 1038 ‘⁶
277 992 317 1059 ln
332 992 465 1082 singulis
478 992 562 1057 enirn
575 991 755 1058 civitatibus
767 993 879 1078 capitis
893 1013 990 1078 poena
1004 997 1168 1082 proposita
1202 949 1261 1014 ⁸²}-

122 1095 172 1144 eat
195 1081 228 1142 in
255 1083 358 1144 multa
377 1091 517 1167 peccata,
541 1099 606 1144 uon
629 1079 731 1144 solum
753 1077 838 1154 huic,
863 1081 946 1162 quod
967 1081 1007 1144 ab
1031 1083 1101 1147 istis
1122 1095 1168 1150 est

122 1167 317 1244 commissum,
331 1166 436 1250 paria3
459 1163 624 1229 sedetiam
639 1166 777 1230 minora.
817 1165 976 1230 Homines
990 1179 1096 1232 tamen
1112 1192 1168 1254 spa

122 1252 271 1317 solicitati
286 1250 463 1337 periculum
478 1252 625 1326 subeunt,
641 1272 701 1316 nec
716 1248 799 1315 ullus
812 1251 918 1316 adhuc
932 1252 965 1315 in
988 1253 1164 1336 periculum

121 1338 219 1414 venit,
236 1339 292 1423 qui
314 1360 347 1402 se
368 1359 408 1404 ex
430 1359 469 1400 eo
491 1359 557 1400 non
579 1357 758 1413 evasurum,
774 1357 878 1424 neque
900 1357 993 1402 auum
1015 1353 1165 1404 conatum

121 1423 184 1488 sibi
199 1443 416 1489 successurum
431 1422 626 1500 existimans,
641 1422 730 1487 dese
752 1423 821 1507 ipso
841 1423 1029 1507 desperarit.
1071 1425 1165 1492 'Nec

121 1509 188 1574 ulla
202 1510 324 1586 civitas,
340 1531 414 1596 quas
436 1507 645 1574 defectionem
666 1508 786 1584 fecerit,
801 1508 842 1573 ad
865 1507 950 1574 hano
967 1531 1066 1597 usque
1081 1511 1163 1576 diem

120 1597 258 1673 exstitit,
307 1617 358 1660 uoe
376 1595 466 1680 juata
488 1594 645 1658 minorem
671 1617 703 1659 se
716 1594 902 1659 existimans
929 1597 1041 1661 leuben
1065 1618 1164 1682 appa·

120 1696 241 1760 ratum,
256 1619 308 1746 vll
327 1701 418 1745 auum
435 1680 485 1745 vel
499 1679 658 1758 socialem,
674 1679 737 1745 hoc
751 1680 883 1768 aggredi
899 1702 974 1746 ausa
988 1695 1043 1746 eat
1083 1682 1164 1748 Om-

119 1767 217 1832 nibus
233 1768 317 1833 enim
339 1778 453 1838 natura
474 1767 604 1832 insitum
627 1779 685 1844 est,
701 1779 738 1830 ut
759 1781 791 1829 et
811 1767 959 1851 privatim
982 1783 1014 1832 et
1036 1768 1164 1851 publica

119 1867 268 1938 peccent.
293 1874 354 1917 nec
375 1852 441 1917 ulla
461 1851 514 1916 lex
540 1864 596 1930 cst,
619 1874 693 1938 quae
714 1852 755 1916 ab
776 1851 839 1915 hoc
859 1851 1031 1936 prohibere
1052 1854 1162 1920 valeat.

119 1940 291 2026 Siquidem
316 1939 460 2004 homiues
486 1960 543 2022 per
565 1939 673 2003 omnia
694 1959 863 2022 poeuarunr
886 1959 1003 2025 genera
1025 1939 1162 2019 iverunt,

118 2049 172 2091 eas
189 2027 348 2109 pardalin
370 2037 531 2111 augentes,
555 2025 665 2109 siquo
689 2023 787 2088 modo
808 2045 829 2086 a
851 2023 1035 2088 facinorosis
1058 2027 1164 2091 minus

118 2111 327 2176 lrederentur.
373 2110 501 2175 Etenim
519 2109 689 2174 verisimile
710 2121 769 2192 eat,
784 2108 927 2173 mitiores
949 2131 1064 2194 poenas
1086 2110 1162 2176 olim

118 2199 152 2262 in
168 2199 313 2263 maxima
332 2195 449 2261 scelera
472 2197 658 2260 constitutas
677 2195 783 2260 fuisse.
830 2193 893 2260 Sed
916 2216 989 2259 cum
1012 2199 1164 2282 temporis

116 2305 293 2373 progressu
314 2283 518 2359 violarentur,
534 2283 574 2346 ad
594 2297 728 2346 mortem
747 2281 910 2367 pleraeque
931 2296 1162 2366 processerunt.

118 2369 163 2435 Et
189 2385 298 2435 tamen
318 2369 380 2434 hoo
403 2390 532 2456 quoque
554 2367 701 2433 violatur.
726 2380 782 2432 aut
805 2367 903 2454 igitur
924 2366 1037 2454 aliquis
1060 2381 1163 2435 terror

115 2454 182 2522 boc
210 2456 430 2520 vehementior
459 2467 506 2518 est
533 2453 772 2542 excogitandos,
800 2467 857 2518 aut
886 2475 926 2517 ne
949 2454 1007 2518 iste
1032 2455 1161 2540 quidem

115 2542 289 2607 coercebit.
334 2541 398 2608 Sed
423 2553 593 2626 paupertas
615 2541 754 2626 quidem,
777 2539 959 2603 ”audaciam
983 2542 1162 2605 necessitati

114 2629 264 2714 praebet3
301 2649 401 2714 opum
430 2648 506 2692 vero
535 2627 687 2711 potentia,
717 2625 904 2710 petulantiae
937 2627 969 2690 et
1003 2625 1162 2710 superbia

114 2715 314 2793 violentiam,
331 2735 370 2778 ao
392 2713 493 2800 pluris
516 2711 657 2777 habendi
679 2711 898 2797 cupiditatem.
944 2710 1010 2775 Alii
1033 2735 1163 2798 quoque

113 2804 194 2866 vitae
204 2812 314 2878 status,
327 2821 386 2885 pro
397 2799 523 2864 diverso
536 2797 702 2862 hominum
715 2797 839 2874 affectu,
852 2809 948 2882 prout
959 2798 1076 2880 singuli
1085 2821 1162 2864 con·

113 2887 221 2952 stricti
242 2899 392 2952 tenentur
408 2886 514 2972 aliqua
527 2883 701 2968 cupiditate
715 2881 954 2960 vehementiori,
970 2905 1065 2970 quam
1089 2907 1162 2970 quaa

112 2973 283 3038 refraenari
299 2973 408 3058 possit,
424 2971 570 3035 homines
585 2971 625 3034 ad
641 2968 782 3055 pericula
796 2968 974 3054 impellunt.
1020 2969 1064 3035 Et
1078 2991 1161 3052 spes,
1218 3023 1220 3028 .

109 3072 146 3124 et
161 3081 258 3124 amor
272 3057 414 3145 qualibet
428 3058 461 3122 in
476 3079 512 3121 re
525 3058 582 3120 hoc
595 3057 837 3140 aprumfaciunt.
861 3055 914 3119 hic
928 3055 1066 3141 quidem,
1082 3055 1162 3135 dux,

111 3145 173 3210 illa
198 3167 284 3223 vero,
301 3165 417 3209 comes.
441 3157 537 3228 atque
555 3141 608 3206 hic
655 3141 772 3218 uidem,
795 3141 841 3205 rei
861 3141 1084 3228 aggredienda
1111 3163 1162 3206 ra·

110 3232 239 3298 tionem
254 3233 453 3318 excogitans,
470 3229 524 3293 illa
538 3251 614 3293 vero
632 3164 770 3292 lortunoe
790 3227 1032 3312 prosperitatem
1046 3249 1162 3314 rugge-

108 3340 202 3396 rena,
218 3317 393 3402 plurimum
413 3327 516 3380 nocet.
562 3315 669 3401 Atque
688 3315 752 3376 lroec
770 3322 893 3377 neturae
911 3314 1001 3388 vitia,
1041 3314 1162 3380 uamvia

109 3404 177 3470 sub
193 3415 356 3490 aspectum
370 3402 502 3466 minime
516 3401 642 3481 cadant,
657 3413 763 3464 tamen
782 3399 935 3483 majorem
950 3397 1015 3460 vim
1053 3395 1160 3478 abent,

134 3511 216 3556 nam
232 3488 326 3567 mala,
341 3511 415 3575 quae
436 3499 621 3552 cernuntur.
668 3485 711 3549 Er
730 3484 933 3568 praeterlata,
951 3484 1020 3568 ipsa
1033 3507 1161 3570 quoque

107 3513 247 3644 llsrtuna
261 3574 363 3640 nihilo
379 3574 484 3640 minus
503 3573 631 3658 adjuvat
651 3570 691 3636 ad
707 3572 840 3636 homines
854 3573 898 3636 ad
914 3572 1084 3655 periodum
1100 3572 1160 3636 im·

146 3764 245 3815 ¹Nunc
256 3779 305 3813 non
316 3767 375 3827 quid
390 3765 418 3812 in
434 3765 500 3825 ipsos
513 3759 570 3825 jure
587 3763 638 3809 fleri
655 3761 731 3822 possit
747 3761 921 3820 disceptamus,
932 3761 974 3806 sed
986 3767 1033 3808 ete.
1050 3760 1160 3812 Aaron.

107 3836 240 3950 ”gogone
260 3909 318 3942 vero
337 3907 446 3956 unquam
467 3893 553 3940 civitas
569 3890 730 3938 delectionem
749 3889 835 3935 molita
850 3894 896 3942 ast,
914 3902 980 3948 qrrta,
996 3901 1022 3934 aa
1041 3885 1160 3952 majorem

107 3959 325 4036 eumaeus
337 3951 1160 4078 tututeneraeteneraeaaa·

104 4029 825 4153 ffi'iffl'a‘lllssllllulffnvlrmmiaaams
857 4047 931 4127 ts'atta
1129 4047 1158 4154 .’

143 4159 159 4188 ¹¹
172 4155 215 4202 Ex
227 4154 371 4200 necessitate
379 4151 506 4198 audaciam
514 4150 633 4208 afferam
648 4159 710 4208 opus
720 4153 803 4192 autem
815 4159 846 4192 ex
858 4145 993 4206 petulantia
1003 4150 1028 4190 et
1038 4145 1161 4204 superbia,

100 4217 176 4284 juris
202 4217 375 4266 riatarionearr
398 4215 454 4262 aliae
476 4215 560 4268 etiarn,
581 4226 637 4274 quta
659 4211 815 4272 contingunt,
834 4223 914 4256 cauam
936 4223 979 4268 pro
997 4208 1093 4254 diverso
1114 4211 1159 4254 etr.

105 4283 198 4347 saepta
234 4281 321 4330 Hunc
608 4349 671 4403 MS
