2996 4782
347 293 389 364 ’16
712 292 1011 363 TllUCYDlDlS

344 466 573 552 ubitemplum
597 479 645 533 est
672 467 839 553 Apollinis,
867 468 900 532 iu
925 460 1068 534 faucibus
1090 469 1177 533 sinus
1205 469 1379 546 Ambrosii,

346 553 512 640 Corcyraei
527 554 767 619 oaduoeatorem
783 553 869 640 ipsis‘
880 555 921 619 ad
934 555 1062 619 Actium
1076 555 1308 640 praemlearrmt,
1347 557 1380 621 ui

345 651 466 705 vetaret
479 641 550 706 illos
562 652 675 706 eontra
695 661 729 706 se
742 641 910 729 navigares
932 641 1027 706 simul
1044 642 1139 706 etiam
1154 661 1249 708 naves
1269 644 1336 727 imp

346 739 469 804 verunt,
492 739 524 792 et
538 737 697 792 ‘vetustas
711 727 839 814 quidem
858 729 1049 814 junxerunt,
1064 737 1095 792 et
1109 727 1202 816 juges
1216 738 1378 812 aptasset,

346 823 383 877 ut
396 812 590 900 navigationi
612 811 737 878 idoneae
756 826 877 890 essent;
900 811 976 877 alias
990 833 1066 878 vero
1081 813 1269 878 reiecerunt.
1316 815 1379 880 Sed

344 909 513 986 postquam
529 895 717 965 caduceator
732 899 810 964 nihil
822 911 970 985 pacatum
993 921 1013 964 a
1028 897 1205 964 Corinthiis
1218 901 1381 965 renuntia·

347 985 412 1061 aits
434 995 468 1049 et
480 986 623 1069 ipsorum
639 1005 735 1050 navet
749 1007 886 1050 numero
899 985 1061 1074 octoginta
1070 986 1135 1071 jam
1152 985 1289 1070 expletae
1313 985 1380 1051 sue·

346 1086 432 1150 runt,
450 1077 538 1157 (nam
545 1072 759 1159 quadraginta
772 1093 864 1137 naurs
880 1071 1096 1155 Epidamnum
1108 1071 1309 1156 obsidebant)
1323 1073 1381 1136 ob-

346 1159 429 1223 viam
440 1159 522 1222 tosta·
535 1171 764 1242 processerunt,
788 1171 820 1222 et
833 1159 901 1222 acie
915 1159 1067 1222 instructa
1081 1160 1223 1222 navalem
1238 1179 1379 1246 pugnam

232 1251 239 1266 '
346 1245 585 1310 oommiserunt
631 1243 674 1309 Et
689 1244 850 1332 Corcyraei
876 1243 973 1329 longe
986 1243 1163 1328 superiores
1185 1241 1325 1322 luerunt,
1349 1261 1382 1310 et

348 1329 415 1396 XV
432 1329 674 1395 Corinthiorum
690 1351 785 1396 naam
797 1330 1020 1431 profligarunt.
1066 1327 1188 1394 Eodem
1207 1343 1312 1395 autem
1329 1331 1382 1398 die

345 1415 423 1502 ipsis
438 1415 566 1493 accidit,
585 1429 667 1481 utet
681 1415 737 1494 illi,
761 1439 816 1503 qur
835 1415 1051 1502 Epidamnum
1077 1413 1278 1496 obsidebant,
1300 1421 1382 1502 Epi·

346 1505 487 1568 domnius
500 1502 541 1567 ad
556 1502 753 1568 deditionem
764 1501 955 1590 redigerent,
971 1523 1008 1566 ea
1023 1501 1216 1580 conditione,
1232 1515 1268 1567 ut
1291 1523 1381 1587 pere·

346 1589 456 1676 grinos
484 1588 612 1675 quidem
644 1588 835 1654 venderent:
870 1588 1056 1654 Corinthios
1081 1589 1215 1653 veroin
1246 1589 1380 1654 vinculis

344 1689 516 1752 servarent,
538 1675 642 1741 donec
655 1674 775 1761 aliquid
790 1674 878 1740 aliud
892 1675 1057 1739 uictoribus
1070 1674 1228 1740 rideretur
1248 1674 1290 1740 de
1305 1679 1382 1760 ipsis

343 1771 488 1826 statuere.

389 1857 440 1913 ³0.
463 1846 542 1912 Post
563 1845 626 1911 hoa
647 1845 759 1912 navale
769 1845 919 1931 proelium
936 1845 1111 1932 Corcyraei,
1126 1867 1200 1911 cum
1222 1859 1381 1932 tropaeum

343 1935 376 1998 in
402 1934 575 1999 leuclmna
606 1933 759 2020 Corcyrae
793 1933 1015 2018 promontorio
1038 1933 1227 2012 statuissent,
1251 1947 1384 2000 caeteros

344 2021 472 2112 quidem
496 2021 648 2106 captivos,
662 2041 742 2105 quos
756 2031 915 2102 ceperant,
932 2016 1173 2083 interfecerunt:
1198 2017 1383 2086 Corinthios

345 2126 420 2171 aero
433 2106 556 2172 vinctos
576 2117 788 2170 assesserunt.
834 2103 950 2174 Postea
974 2125 1060 2181 vero,
1085 2127 1185 2191 quum
1209 2104 1382 2186 Corinthii,

345 2193 485 2280 sociique
495 2191 599 2257 navali
609 2191 725 2277 proelio
735 2187 811 2256 victi
819 2189 949 2254 domum
962 2191 1135 2270 rediissent,
1148 2190 1312 2277 Corcyraei
1322 2193 1383 2256 im·

344 2280 468 2364 perium
490 2277 589 2342 totius
612 2278 719 2356 maris,
764 2275 830 2340 uod
848 2287 896 2340 est
916 2276 949 2340 in
971 2275 1033 2340 illis
1056 2276 1250 2378 regionibus,
1274 2277 1383 2364 adepti

345 2378 429 2441 sunt,
459 2375 490 2428 et
518 2363 652 2428 naribus
676 2361 718 2426 ad
742 2297 927 2426 {eumdem
954 2361 1197 2428 Corinthiorum
1221 2361 1381 2429 coloniam

346 2449 489 2536 profecti,
502 2459 794 2537 agrumvastarunt,
804 2459 836 2511 et
846 2447 1010 2534 Cyllenen,
1021 2447 1173 2514 Eleorum
1187 2449 1320 2528 navalia,
1333 2451 1383 2514 in-

346 2536 530 2612 cenderunt,
568 2533 634 2600 uod
648 2555 742 2599 nares
752 2534 966 2620 pecuniasque
976 2535 1381 2621 Corinthiisproebuiaeent.

347 2621 391 2686 Et
402 2634 473 2706 post
489 2557 568 2686 illud
582 2620 695 2686 navale
709 2619 860 2704 proelium
876 2622 1017 2684 maxima
1030 2622 1097 2706 ejus
1112 2623 1188 2686 anni
1202 2633 1304 2708 parte,
1314 2643 1382 2688 ma·

346 2709 389 2771 ris
404 2707 488 2771 illius
499 2708 670 2792 imperium
685 2705 903 2784 obtinuerunt,
913 2721 945 2771 et
961 2707 1201 2772 Corinthiorum
1217 2709 1318 2774 socios
1331 2709 1382 2772 in-

345 2793 423 2858 festa
437 2793 536 2858 classe
549 2794 735 2881 navigantes
750 2805 917 2858 vexarunt.
963 2791 1078 2858 Donec
1096 2794 1256 2860 Corinthii
1271 2807 1382 2861 testate

340 2881 407 2965 jam
424 2879 625 2957 adventante,
640 2880 785 2958 navibus,
800 2880 1005 2966 exercituque
1028 2880 1134 2957 misso,
1150 2901 1223 2946 cum
1239 2883 1249 2944 i
1272 2903 1381 2946 sorum

346 2965 423 3030 socii
437 2965 628 3044 laborarent,
650 2965 691 3030 ad
708 2965 838 3030 Actium
857 2981 889 3030 et
903 2966 987 3030 circa
1002 2964 1200 3031 Chimerium
1272 2989 1382 3053 eapro-

346 3050 421 3115 tidis
432 3063 534 3118 castra
547 3063 732 3137 posuerunt,
754 3063 790 3130 ut
805 3064 835 3116 et
848 3051 1028 3116 Leucadem
1041 3067 1072 3116 et
1083 3065 1213 3118 coeteres
1227 3055 1383 3134 civitates,

325 3193 328 3199 .
346 3133 503 3224 quotquot
515 3137 575 3203 sibi
589 3139 811 3215 erantamicae,
827 3160 887 3201 suo
896 3135 1046 3220 praesidio
1061 3151 1252 3204 tutarentur.
1298 3139 1383 3204 Cor-

346 3224 444 3311 cyraei
469 3245 545 3289 vero
566 3236 598 3290 et
612 3225 746 3290 navibus
771 3236 802 3289 et
816 3223 958 3310 peditatu
973 3224 1006 3286 in
1023 3225 1229 3290 Leuaimnae
1251 3229 1383 3312 regione

346 3311 475 3375 matham
488 3312 701 3376 castrametati
726 3322 809 3374 sunt.
856 3309 899 3374 Et
913 3310 1017 3375 neutri
1034 3323 1146 3375 contra
1160 3309 1276 3377 alteros
1292 3314 1383 3378 navi·

344 3396 483 3498 gabant:
506 3399 559 3460 sed
579 3419 617 3460 ea
639 3409 749 3460 testate
771 3395 885 3459 stativa
909 3397 1056 3480 opposita
1083 3396 1244 3476 babentes,
1267 3399 1384 3486 hyeme

341 3503 408 3566 Jam
423 3481 614 3546 adventante
627 3481 758 3545 domum
774 3481 903 3567 utrique
915 3503 949 3544 se
959 3495 1155 3568 receperunt.

272 3576 279 3592 '
388 3577 441 3633 sl.
465 3566 554 3632 Toto
567 3580 672 3632 autem
683 3566 827 3651 posthoc
847 3567 1007 3650 praelium,
1033 3578 1066 3631 et
1086 3569 1261 3654 insequenti
1284 3591 1382 3651 anno,

347 3652 509 3718 Corinthii
526 3653 667 3742 graviter
680 3653 814 3718 serentes
829 3651 945 3718 bellum
969 3665 1081 3718 contra
1106 3655 1294 3740 Corcyraeos
1314 3680 1384 3721 sue-

345 3751 484 3825 ceptum,
506 3761 602 3804 naves
617 3750 855 3826 compegerunt,
872 3752 903 3804 et
915 3739 1057 3806 navalem
1073 3741 1308 3825 expeditionem
1323 3765 1384 3827 op-

346 3825 424 3890 time
445 3839 612 3910 pararunt,
637 3826 774 3911 remiges
796 3846 868 3890 eum
892 3847 933 3890 ex
958 3825 1026 3910 ipsa
1051 3827 1130 3890 Pelo
1155 3848 1286 3908 onneeo,
1313 3839 1383 3894 tum

345 3933 386 3974 ex
409 3911 529 3998 reliqua
551 3911 682 3978 Graecia
706 3923 864 4011 cogentes,
887 3933 994 3994 eosque
1013 3933 1081 3975 mer
1139 3913 1382 3982 aeolicitantes.

347 3995 511 4084 Corcyraei
533 4020 609 4064 reto
624 3998 735 4063 audito
748 3996 875 4064 ullorum
898 4011 1053 4082 apparatu
1069 3999 1181 4065 timere
1202 4012 1382 4086 coeperunt,

377 4181 428 4234 ‘ln
438 4189 534 4250 aavlglo
545 4189 653 4236 matario
668 4187 734 4234 Valla
742 4195 767 4234 et
778 4187 858 4247 Stepd.
892 4187 1014 4235 lneeloee
1024 4187 1132 4236 Aeeta.
1167 4189 1256 4238 llum.

377 4252 512 4300 tvetusttt
521 4260 673 4302 armamenta
685 4258 777 4313 aptant.
809 4252 918 4302 Aradus.
954 4252 1038 4300 lluos.
