2964 4786
409 282 657 351 HISTORIAE
680 283 771 354 LIB.
794 282 854 348 VI.
1098 291 1162 352 trs

131 454 227 517 mmai
248 451 334 536 ipsos
356 474 420 520 non
444 455 645 540 recepissent,
667 454 865 540 praetervecti
886 463 972 518 sunt.
1018 451 1061 518 Et
1083 453 1160 518 dnm
1191 469 1253 518 ueta

129 537 439 622 praeterveherentur,
453 554 609 625 ceperunt
629 540 791 627 Hyccara,
807 539 962 625 oppidum
980 539 1159 605 Sicanicum
1183 535 1266 594 ΜΨ

130 624 262 706 quidem,
289 625 345 688 sed
371 625 525 714 Egestaeis
551 625 675 691 hostile.
721 627 800 692 Erat
824 639 928 690 autem
956 625 1160 690 maritimum.
1175 598 1275 724 affl,

131 707 208 778 Cum
232 721 337 775 autem
363 714 535 794 oppidanos
559 712 592 774 in
621 713 803 776 servitutem
829 711 1068 788 abstraxissent,
1090 719 1160 798 'op-
1185 727 1225 774 91.
1239 726 1263 774 a.

128 793 249 876 pidnm'
263 795 419 880 Egestaeis
448 795 658 862 tradiderunt.
694 799 857 881 ipsorum
888 796 973 860 enim
1002 797 1161 882 equitatus
1188 791 1260 903 ᾖα

127 879 357 946 Atheniensibus
385 880 539 948 adfuerat.
584 883 652 966 Ipsi
676 904 751 947 vero
779 903 889 946 rursus
917 903 990 946 cum
1016 883 1160 968 peditatu
1192 869 1260 970 ἐξ·

13 1019 16 1052 ζ
129 964 252 1047 quidem
277 988 334 1052 per
360 968 543 1034 Siculorum
567 989 680 1054 agrum
706 967 944 1042 iterfecerunt,
969 966 1073 1032 donec
1097 968 1161 1034 Cs-

0 1131 2 1142 .
128 1060 229 1118 tanam
251 1064 472 1136 pervenerunt.
517 1055 622 1118 Nares
637 1075 723 1130 vero,
739 1074 812 1139 quas
835 1051 976 1136 captivos
990 1052 1159 1133 vehebant,

127 1134 340 1202 circumvectae
364 1149 447 1202 emt.
492 1139 602 1204 Nicias
626 1151 732 1203 autem
757 1160 799 1203 ex
825 1136 862 1201 H
888 1139 986 1202 coeris
1011 1136 1160 1226 Egestam

11 1218 14 1233 '
125 1219 284 1285 confestim
298 1235 532 1306 praetervectus,
545 1245 618 1288 cum
634 1224 674 1288 de
689 1224 812 1290 caeteris
826 1161 1163 1308 reiiuseumEgestoes's

0 1304 3 1317 '
123 1307 242 1390 egisset,
258 1319 290 1372 et
305 1310 437 1396 triginta
451 1309 571 1374 talenta
592 1311 633 1372 ab
653 1310 714 1374 iilis
734 1309 914 1409 accepisset,
930 1309 972 1374 ad
986 1309 1161 1375 exereitum

124 1390 231 1460 rediit:
264 1406 297 1460 et
325 1395 466 1479 captivos
494 1393 646 1472 vendidit,
677 1407 709 1460 et
736 1417 776 1460 ex
807 1393 884 1478 rpsis
913 1394 1058 1460 confecta
1085 1409 1160 1462 sunt

0 1524 5 1557 7
123 1489 246 1542 eentum
276 1490 309 1544 et
333 1480 447 1562 viginti
475 1479 605 1546 talenta.
649 1479 742 1546 illine
770 1491 877 1544 autem
903 1481 1018 1546 Nicias
1040 1479 1161 1565 presque

0 1623 15 1660 Ν
122 1564 233 1647 codcga
248 1587 312 1628 mm
327 1567 426 1648 copiis
439 1565 642 1630 circumvecti
657 1565 700 1629 ad
714 1565 815 1630 socios
828 1565 1008 1630 Siculorum
1024 1565 1161 1649 iverunt,

12 1650 15 1658 ’
121 1668 157 1712 ae
172 1649 379 1736 imperarunt,
394 1662 430 1716 ut
452 1651 627 1716 exercitum
650 1651 822 1717 mitterent.
869 1651 913 1716 Et
933 1673 1007 1716 cunr
1026 1651 1161 1718 dimidia

0 1732 11 1816 Ἀ
121 1734 167 1796 sui
182 1736 341 1800 exercitus
362 1748 453 1818 perte
474 1737 625 1802 musteus
648 1735 792 1823 Hyblam
817 1735 975 1813 Geieatin,
991 1759 1065 1822 quae
1088 1738 1160 1801 bos·

0 1816 3 1839 ¹¹
121 1817 182 1884 tilis
204 1834 281 1898 erat,
296 1821 431 1905 profecti
454 1835 537 1901 sunt,
560 1843 619 1886 neo
641 1831 876 1908 expugnarunt.
923 1821 967 1886 Et
989 1834 1080 1888 aestas
1102 1845 1155 1890 ex·

3 1910 6 1918 ’
118 1906 219 1972 cessit.
410 1956 416 1964 ,

0 1984 1 1997 ³
160 2001 214 2058 63.
240 1993 423 2080 Insequenti
448 1995 564 2082 hyeme
587 1995 693 2060 statim
715 1991 924 2060 Athenienses
945 2015 1011 2057 sese
1033 2015 1159 2080 prospa-

1 2086 12 2124 ='
117 2097 187 2142 rare
202 2097 371 2165 coeperunt
385 2083 426 2146 ad
442 2081 636 2147 invadendas
652 2082 833 2164 Syracusas.
878 2079 1069 2165 Syracusani
1085 2101 1160 2146 vero

117 2173 148 2227 et
173 2164 236 2249 ipsi
262 2167 409 2244 vicissim,
432 2181 468 2232 ut
494 2167 643 2233 adversus
668 2165 738 2230 illos
758 2164 846 2241 ituri,
869 2187 902 2230 se
920 2167 1158 2248 preparabant.

5 2254 12 2274 ²
117 2246 219 2325 Quod
248 2253 333 2316 eninr
362 2253 403 2318 ad
434 2253 572 2338 primum
601 2256 735 2336 ipsumam
764 2271 915 2336 pavorem
940 2263 974 2314 et
998 2262 1159 2336 exspecta-

6 2345 13 2386 ἰ
115 2334 236 2402 tionem
260 2339 473 2405 Athenienses
495 2361 561 2402 non
586 2339 731 2423 protinus
753 2337 838 2420 ipsos
859 2336 1055 2414 invasissent,
1079 2359 1159 2424 quo-

3 2423 9 2441 ”
115 2419 202 2499 tidie,
218 2425 436 2510 temporisque
473 2447 618 2512 regressu
636 2423 737 2508 magis
751 2443 789 2486 ac
803 2423 904 2508 magis
921 2445 954 2486 se
968 2422 1054 2507 ipsos
1069 2422 1159 2487 colli·

114 2506 255 2593 gebnnt:
277 2510 353 2575 item
373 2447 471 2596 quodi
487 2512 563 2574 dum
585 2509 671 2574 illam
696 2507 813 2574 Sicilire
834 2528 923 2571 oram
947 2507 1161 2589 praetervehe-

0 2596 1 2619 ¹
113 2605 240 2673 rentur,
255 2595 347 2660 valde
365 2595 478 2682 procul
501 2594 542 2660 ab
565 2595 641 2680 ipsis
662 2593 822 2678 proficisci
837 2592 895 2657 visi
915 2590 1055 2671 fuissent,
1070 2603 1103 2656 et
1117 2592 1159 2657 ad

0 2682 9 2711 t
114 2677 265 2766 Hyblam
279 2681 424 2767 profecti,
440 2703 509 2747 eam
524 2692 708 2756 tentassent,
724 2699 783 2744 nec
797 2691 1042 2763 expugnassent,
1056 2677 1159 2742 multo

114 2765 219 2852 magis
231 2789 282 2832 eos
292 2780 538 2832 contemserunt.
572 2767 684 2844 Quare
697 2765 795 2830 duces
808 2767 966 2851 rogabant
981 2768 1031 2848 (ut
1045 2763 1159 2850 vulgus

112 2851 282 2918 confidens
307 2853 410 2918 facere
433 2853 538 2934 solet),
564 2865 600 2918 at
624 2874 657 2916 se
682 2851 838 2916 Cetanam
862 2871 970 2914 versus
995 2847 1158 2928 ducerent,

0 2953 6 2971 ¹
112 2937 248 3022 qnando
271 2938 378 3004 uidem
407 2937 456 3002 illi
483 2949 596 3003 contra
620 2959 654 3000 se
679 2958 744 3001 non
771 2934 925 3000 venirent.
970 2933 1157 3011 Quinetiam

3 3040 7 3050 ¹
110 3023 239 3107 equites
249 2961 456 3108 hyracusani,
473 3025 528 3108 qui
549 3023 591 3087 sd
613 3021 841 3106 speculandum
863 3019 988 3084 assidue
1002 3042 1102 3105 usque
1116 3020 1158 3085 ad

2 3126 3 3135 ¹
113 3107 362 3194 Atheniensium
384 3121 489 3174 castra
511 3107 776 3193 provehebantur,
793 3125 867 3169 cum
887 3105 949 3169 aiia
968 3105 1087 3189 probra
1100 3125 1157 3189 per

0 3213 10 3235 ”
109 3194 343 3260 contumeliam
368 3197 402 3259 in
423 3217 473 3260 eos
495 3192 694 3280 ingerebant,
711 3203 778 3256 tum
797 3210 873 3254 vero
895 3189 974 3254 illud
990 3200 1157 3272 perconto-

4 3305 6 3311 ’
109 3279 241 3360 Manus,
264 3303 305 3345 en
327 3281 435 3365 potius
458 3280 499 3346 ad
525 3301 632 3344 secum
657 3277 691 3340 in
716 3276 821 3340 alieno
846 3295 923 3360 agro
948 3273 1158 3352 habitandum

109 3369 287 3445 venissent,
312 3388 409 3453 quam
432 3366 472 3432 ed
497 3365 672 3430 Leontinos
696 3362 729 3426 in
752 3360 884 3445 propria
904 3359 979 3424 sede
999 3358 1157 3425 collocan-

0 3562 1 3567 ¹
153 3549 213 3606 64.
239 3538 343 3616 'Quae
372 3559 446 3604 aum
471 3545 700 3626 cognoscerent
724 3532 967 3599 Atheniensium
991 3530 1099 3609 duces,
1125 3545 1158 3597 et

0 3648 8 3671 t
106 3625 233 3690 vellent
257 3625 343 3710 ipsos
364 3626 571 3710 syraaeanos
596 3644 669 3688 cum
694 3621 842 3684 universo
867 3617 987 3702 populo
1012 3618 1052 3682 ab
1078 3616 1158 3682 urbe

0 3734 1 3763 t
106 3731 210 3796 quam
236 3710 419 3798 longissime
440 3709 608 3784 abducere,
624 3707 685 3794 ipsi
707 3727 783 3769 vero
805 3706 926 3769 interea
947 3702 1007 3768 sub
1028 3715 1157 3768 noctem

0 3820 1 3823 ¹
104 3819 184 3862 cum
209 3797 312 3862 classa
333 3796 541 3880 praetervecti,
557 3794 662 3859 locum
685 3791 795 3858 castris
815 3789 965 3855 idoneum
988 3809 1157 3872 occupare,

104 3882 205 3949 haste
220 3882 345 3948 nulium
362 3881 526 3970 negotium
548 3878 608 3944 sibi
630 3877 818 3953 facessenta3
841 3875 982 3940 sciebant
996 3876 1092 3951 enim,
1107 3872 1157 3938 fu·

0 3981 10 4019 ²
105 3983 239 4050 turum,
257 3981 293 4034 ut
304 3990 370 4034 non
391 3966 526 4051 perinde
539 3976 678 4052 possent,
694 3963 720 4027 si
735 3973 790 4028 ont
804 3983 844 4028 ex
857 3959 992 4030 navibus
1006 3960 1156 4026 adsersus

140 4192 152 4219 ¹
164 4185 309 4248 Oppidum,
322 4186 353 4231 ab
364 4198 389 4231 se
401 4185 534 4244 direptum,
545 4181 664 4242 ligestteis
675 4160 842 4226 tradiderunt
855 4175 986 4224 Cissuertm.
1019 4173 1104 4221 Hune.
1221 4241 1224 4246 1

139 4257 151 4286 ⁸
166 4253 221 4299 lile
233 4251 348 4312 cognitis,
360 4249 548 4298 Atheniensium
560 4246 634 4294 duces
644 4249 781 4292 statuerunt
793 4243 858 4302 ipsos
869 4247 916 4288 ets.
937 4239 1044 4287 Acana.
1079 4237 1154 4286 loru.

595 4306 687 4370 ebs
