2982 4786
353 315 424 380 ‘ost
611 349 614 356 ,
728 293 1048 374 -Tnucrnlots

265 491 325 556 oni.
359 487 511 560 vertisset,
526 481 699 556 ¹militibus,
727 500 806 565 quos
835 500 941 545 secum
968 463 1115 555 ducebat,
1142 477 1275 566 aliisque
1300 479 1398 546 dixit:

254 569 336 631 retop.
361 579 384 614 “
400 571 457 635 Isti
472 591 529 633 noa
544 585 608 632 non
624 579 820 650 exspectant.
868 567 945 631 Hoc
964 577 1070 630 autern
1086 587 1127 630 cx
1149 565 1333 630 lancearum
1349 589 1400 631 ca-

247 636 337 760 ’Ψ
358 658 523 757 pitumque
538 665 626 718 tnotu
649 653 815 738 perspicue
828 667 925 738 petet.
970 651 1037 728 Qui
1053 653 1138 716 enim
1153 651 1216 715 hoc
1229 650 1365 733 fuciunt,
1380 653 1400 716 ii

239 697 342 811 odes
359 741 542 808 mandentes
555 753 742 825 exspectare
756 759 820 802 non
836 749 1078 803 consueverunt.
1116 737 1228 814 Quare
1241 759 1331 803 nunc
1345 739 1400 803 ali·

263 825 329 873 &st
353 829 428 916 quia
450 827 529 890 mihi
552 839 661 911 portas
683 825 819 910 aperiat,
833 845 912 912 quas
925 824 1047 889 dictum
1063 838 1120 900 est,
1136 837 1169 888 et
1182 845 1278 910 quam
1303 825 1399 890 celer·

258 889 331 1003 ‘gg'
357 914 439 978 rime
452 913 650 998 eruptionem
665 910 863 975 confidenter
884 909 1069 976 faciamus.’'
1111 911 1219 996 Atque
1241 911 1311 996 ipse
1332 911 1400 997 qui·

263 985 270 1002 ⁸
355 999 440 1077 dem,
453 1021 510 1085 per
524 998 593 1064 illas
607 1009 727 1082 portas,
737 1019 811 1083 qnae
826 997 867 1062 ad
883 997 1000 1061 vallum
1015 995 1185 1072 ducebant,
1196 1017 1323 1083 perque
1337 1000 1399 1083 pri·

350 1103 425 1150 'mas
439 1085 527 1174 longi
541 1086 635 1161 muri,
652 1085 706 1170 qui
721 1098 799 1148 tunc
813 1084 966 1159 exstabat,
983 1103 1139 1170 egressus,
1156 1103 1252 1147 cursu
1268 1097 1399 1148 conten·

353 1171 404 1236 dit
419 1185 505 1238 recta
526 1193 584 1255 per
604 1169 690 1234 iiiam
708 1172 801 1246 viem,
818 1171 873 1233 nbi
897 1189 983 1233 nunc
1005 1189 1061 1252 per
1082 1168 1299 1236 firmissimam
1317 1169 1397 1235 iliius

354 1257 418 1322 loci
449 1257 655 1322 munitionem
683 1256 743 1319 iter
771 1254 896 1319 facienti
927 1269 1085 1338 tropaeum
1112 1271 1253 1318 erectum
1277 1257 1397 1320 visitur.

355 1343 567 1408 Athenienses
589 1355 693 1406 autern
718 1341 857 1405 simulet
878 1339 1134 1404 sua'confusione
1149 1342 1289 1418 territos,
1305 1355 1339 1406 et
1354 1346 1398 1428 ip-

354 1429 421 1494 sius
435 1427 600 1493 audaciam
622 1427 877 1503 extimescentes,
892 1449 950 1510 per
972 1426 1110 1490 medium
1134 1449 1247 1512 agmen
1270 1450 1288 1492 ιι
1314 1451 1397 1516 gnes-

262 1561 266 1570 .
354 1537 419 1590 sus,
434 1515 467 1578 in
482 1513 590 1600 fugem
606 1514 711 1576 vertit.
758 1512 801 1578 Et
816 1511 1041 1596 Clearidss(ut
1057 1515 1265 1578 constitutum
1296 1517 1395 1595 uerat)

354 1599 465 1669 eodern
481 1613 626 1684 ternpore
647 1619 704 1682 per
720 1597 876 1664 Thracias
898 1611 1005 1683 portes
1024 1599 1192 1682 eruptione
1213 1597 1310 1677 fecte,
1326 1623 1395 1665 cum

353 1687 494 1750 exercitu
514 1685 675 1749 intorem
697 1682 868 1750 ferebatur.
913 1683 1039 1749 Accidit
1060 1697 1176 1761 autern,
1191 1697 1228 1750 ut
1250 1684 1314 1750 hac
1329 1688 1395 1751 ino-

353 1771 463 1856 pinata
475 1785 508 1836 et
524 1773 689 1856 repentina
703 1773 869 1855 eruptione
883 1770 1092 1835 Athenienses
1107 1773 1256 1857 utrinque
1270 1787 1394 1857 pertor-

354 1859 420 1922 beti
444 1857 652 1943 trepidarent.
697 1856 749 1922 Ac
770 1857 931 1921 sinistrum
957 1856 1086 1943 quidem
1112 1858 1255 1942 ipsorum
1283 1879 1392 1937 cornu,

352 1944 439 2030 quod
466 1956 533 2008 crat
560 1943 693 2008 Eionem
719 1965 839 2020 versus,
862 1941 950 2028 quod
978 1945 1074 2007 etism
1095 1945 1163 2028 jarn
1189 1959 1392 2028 processerat,

352 2031 458 2095 statim
486 2029 644 2094 divulsum
670 2029 782 2115 fugere
806 2029 914 2114 coepit.
960 2027 1109 2094 Brasides
1134 2051 1220 2106 vero,
1244 2029 1307 2094 hoc
1327 2033 1392 2116 jarn

350 2115 504 2204 fugiente,
519 2137 592 2180 curn
608 2117 641 2178 in
657 2115 803 2180 dextrum
820 2116 1059 2200 impressionem
1074 2115 1199 2192 feceret,
1210 2119 1392 2183 vulneratus

353 2217 410 2266 est.
453 2205 560 2287 Atque
588 2201 795 2266 Athenienses
829 2202 957 2286 quidem
991 2203 1094 2286 ipsum
1126 2200 1293 2266 cedentem
1327 2223 1390 2267 nou

351 2288 662 2352 animadverterunt:
687 2287 740 2350 sed
758 2289 811 2374 qui
828 2289 965 2370 proximi
988 2289 1123 2368 stebsnt,
1139 2288 1301 2352 subtatum
1323 2288 1391 2354 abr-

352 2387 533 2458 portarunt,
578 2374 622 2437 At
635 2373 785 2438 dextrum
803 2373 1043 2438 Atheniensium
1060 2389 1153 2438 cornu
1167 2375 1269 2461 magis
1284 2395 1391 2439 mene·

351 2459 417 2524 bet.
463 2457 507 2526 Et
522 2459 623 2523 Cleon
640 2460 781 2545 quidem,
798 2462 841 2523 ita
861 2471 896 2524 ut
918 2457 1077 2544 principio
1090 2481 1156 2523 uon
1171 2481 1304 2525 munere
1316 2483 1390 2525 con-

351 2546 506 2622 stitueret,
523 2545 627 2612 statim
652 2545 784 2632 fugiens,
802 2561 834 2610 et
856 2565 876 2610 e
899 2545 1060 2631 Myrsinio
1084 2547 1205 2630 peituto
1226 2563 1388 2631 exceptus,

350 2633 391 2696 ab
405 2655 440 2696 eo
454 2631 636 2696 interfectus
651 2645 706 2696 est.
752 2632 832 2717 Ejus
848 2653 922 2695 vero
943 2632 1047 2713 gravis
1069 2647 1240 2696 armeturae
1262 2633 1388 2714 miiites,

350 2737 423 2780 cum
440 2717 525 2781 facto
546 2717 644 2803 giobo
659 2719 690 2780 in
705 2717 787 2782 colis
801 2717 1019 2794 substitissent,
1036 2717 1215 2798 Cleeridam
1235 2719 1285 2782 bis
1306 2733 1389 2784 terve

350 2803 522 2864 irruentem
538 2802 776 2886 propulsarunt,
791 2823 851 2867 nec
866 2802 953 2888 prius
968 2818 1138 2884 cesserunt,
1154 2825 1250 2890 quam
1268 2804 1390 2890 Myrai·

350 2888 478 2952 nicrum
500 2900 532 2950 ct
556 2887 811 2953 Chalcidensium
834 2890 995 2975 equitatus
1014 2901 1046 2954 et
1068 2891 1189 2975 peitati,
1212 2891 1389 2956 circumsis-

350 2983 452 3036 tentes
475 2984 570 3058 atqae
587 2973 702 3058 jaculis
726 2989 878 3058 petentes,
902 2977 936 3040 in
965 2975 1072 3061 fugam
1100 2979 1186 3061 ipsos
1216 2989 1389 3042 verterunt.

349 3057 435 3122 Cum
449 3071 552 3124 sutem
564 3059 611 3124 sic
623 3061 789 3125 universus
801 3060 1044 3126 Atheniensium
1056 3064 1214 3127 exercitus
1223 3065 1291 3148 jam
1305 3085 1389 3150 segre
1484 3089 1487 3096 ⁴

347 3141 526 3231 diffugeret,
542 3159 574 3210 et
596 3149 728 3229 aprorum
754 3146 845 3210 multi
869 3167 928 3232 per
949 3161 1073 3212 montes
1095 3149 1136 3212 ud
1151 3150 1255 3212 serias
1270 3149 1335 3213 vias
1356 3171 1387 3213 se

347 3233 584 3308 convertissent,
607 3245 765 3317 quotquot
787 3253 851 3296 non
874 3235 1038 3317 perierunt
1059 3249 1113 3298 aut
1134 3235 1239 3297 statim
1264 3236 1296 3297 in
1319 3235 1387 3319 ipso

348 3337 530 3404 congressu,
546 3330 601 3382 aut
621 3341 640 3383 o
657 3318 913 3383 Chalcidensium
936 3321 1141 3404 equitatque
1160 3320 1298 3402 peltatis,
1316 3321 1386 3384 reli·

372 3407 403 3466 ui
431 3403 565 3469 Eionem
593 3425 626 3468 sc
652 3418 848 3489 receperunt.
895 3404 1037 3469 Bresidse
1063 3425 1138 3468 vero
1164 3405 1288 3483 milites,
1314 3427 1385 3470 curn

348 3425 514 3554 {residem
545 3511 586 3554 ex
616 3491 731 3575 proelio
759 3503 986 3573 exportassent,
1013 3503 1045 3554 et
1072 3506 1257 3570 servassent,
1282 3490 1384 3556 adhuc

348 3576 517 3658 spirantem
539 3577 571 3638 in
596 3577 707 3640 urbem
732 3577 958 3659 importarunt.
1004 3576 1046 3639 Et
1067 3578 1218 3663 cognorit
1241 3577 1293 3642 ilie
1315 3578 1383 3662 qui-

345 3660 418 3723 dem
435 3683 508 3725 suos
524 3662 650 3726 vicisse:
674 3662 739 3726 sed·
750 3683 815 3724 non
834 3663 934 3726 muito
948 3665 1051 3745 spatio
1065 3662 1230 3748 interjecto
1244 3665 1382 3726 animem

343 3744 469 3810 efflavit.
511 3747 665 3832 Reliquus
681 3761 784 3812 autern
801 3749 964 3823 exercitus,
981 3749 1034 3831 qui
1051 3769 1123 3812 curn
1141 3747 1289 3812 Cicurids
1305 3763 1382 3826 etet,

258 3863 263 3878 ι
342 3851 415 3894 cum
436 3855 455 3896 a
478 3836 699 3918 persequendis
722 3833 863 3897 hostibus
885 3835 1038 3911 rediisset,
1053 3833 1207 3898 cadevera
1224 3834 1380 3918 spoliavit,

340 3933 372 3982 et
387 3929 542 4002 tropoemn
558 3921 668 3983 erexit.

388 4013 437 4068 ll.
462 4005 578 4069 Postea
606 4027 681 4068 vero
712 4007 849 4069 universi
879 4005 955 4070 socii
984 4005 1148 4070 Bresidam
1179 4029 1253 4071 cunt
1282 4007 1380 4070 armis

340 4093 533 4176 prosequuti,
550 4091 676 4174 publice
694 4090 884 4174 sepelierunt
906 4094 938 4155 in
961 4089 1048 4167 urbe,
1065 4105 1139 4156 ente
1160 4091 1274 4169 forum,
1290 4092 1380 4177 quod
1487 4113 1489 4128 ·

339 4196 426 4239 nunc
447 4190 504 4240 est.
552 4176 679 4242 Deinde
694 4177 957 4262 Amphipolitani,
974 4199 1047 4241 cum
1070 4178 1168 4261 ipsius
1191 4199 1380 4242 monumen·

340 4273 407 4324 tum
431 4278 520 4346 septo
542 4262 830 4341 circumdedissent,
853 4276 887 4327 ut
913 4263 1002 4328 heroi
1029 4277 1245 4348 parentarunt,
1263 4277 1295 4328 et
1319 4265 1378 4326 ho-
