2996 4782
430 315 679 386 msromrs
701 261 792 383 nm.
815 317 841 382 1.
1111 325 1154 384 ss

155 501 211 556 42.
229 499 252 533 “
262 488 349 566 Qus
363 491 525 556 vobiscum
543 503 735 576 reputantes,
752 487 824 553 etsi
840 487 894 575 qui
910 497 986 550 sunt
1001 487 1154 551 intervos

1 607 2 630 2
118 590 193 642 nutu
206 577 360 651 minores,
377 576 448 640 haec
460 597 500 641 ex
513 577 685 662 majoribus
700 587 777 639 natu
793 585 1029 660 cognoscentes,
1042 593 1152 658 parem

117 663 250 748 gretiam
276 663 368 725 nobis
389 662 564 748 dignemini
587 661 718 726 referre:
741 681 845 744 neque
866 659 1058 735 existimetis,
1081 657 1153 723 hoec

117 749 254 832 quidem,
278 769 353 848 ques
374 747 525 812 dicuntur
546 769 567 810 u
587 749 678 824 nebu,
708 767 775 810 esse
799 745 905 830 justa;
936 744 997 809 ulia
1018 767 1102 822 vero,
1127 745 1153 808 si

1 899 2 908 ,
94 833 236 897 teum
253 832 579 908 oriatunesseutilis.
624 833 709 897 Nem
725 830 758 894 in
775 831 920 916 quoquis
935 830 1065 894 minime
1080 851 1154 912 pec·

1 1105 2 1108 ’
117 1089 293 1154 faciendum
307 1086 491 1168 hortantur)
506 1089 612 1153 adhue
626 1101 673 1153 est
687 1093 855 1152 incertum.

117 933 178 998 cut,
188 917 310 982 utilitas
325 919 522 1000 potissimum
537 919 607 982 inde
620 918 770 1004 sequitur.
818 913 860 980 Et
870 915 1063 980 imminentis
1078 915 1153 980 belli

1 1041 2 1046 κ
18 1062 24 1074 ,
116 1003 296 1089 periculum
315 1008 391 1089 (quo
407 1003 569 1089 Corcyraei
585 1025 640 1066 vos
655 1016 786 1081 terrent,
801 1015 832 1066 et
847 1001 886 1065 od
903 1002 1050 1150 ipjuriam
1066 1004 1155 1067 nodis

945 1107 982 1151 ec
995 1109 1050 1152 vos
1062 1087 1155 1152 decet

118 1197 155 1239 eo
176 1189 366 1251 commotos,
389 1173 569 1239 manifestus
591 1197 628 1240 ac
650 1189 820 1258 praesentes
843 1173 1021 1237 inimicitias
1042 1188 1152 1237 contra

119 1259 307 1325 Corinthios
324 1262 392 1344 jem
408 1260 584 1342 suscipere:
611 1259 687 1346 quin
703 1260 810 1345 potius
824 1257 1002 1342 prudentius
1016 1258 1077 1323 erit
1087 1281 1156 1324 ves·

117 1361 186 1423 trae,
211 1345 359 1429 pristinas
381 1347 583 1428 suspiciones,
604 1360 735 1431 propter
758 1344 963 1428 Megarenses
985 1359 1156 1429 susceptas,

119 1433 274 1495 minuere.
321 1432 520 1495 Postremum
544 1431 628 1494 enim
649 1429 838 1496 beneficium
859 1443 1040 1514 opportune
1060 1430 1158 1495 colle-

118 1533 196 1594 tum,
214 1515 289 1580 licet
304 1518 344 1580 sit
358 1537 503 1599 pervum,
515 1526 617 1580 temen
632 1519 732 1602 majus
742 1517 928 1601 graviusque
942 1517 1061 1579 crimen
1073 1515 1156 1580 dilu-

1 1635 2 1640 1
120 1624 171 1666 ere
186 1616 304 1688 potest.
349 1603 461 1686 Neque
474 1623 551 1666 vero
565 1623 604 1666 eo
618 1601 811 1678 alliciamini‚
828 1599 915 1687 quod
932 1600 972 1664 ad
987 1601 1062 1666 belli
1077 1603 1157 1666 soci-

120 1702 233 1752 etatem
249 1685 341 1751 vobis
365 1687 526 1773 ingentem
551 1687 681 1752 classem
697 1686 845 1751 offerunt.
899 1685 984 1750 Nam
995 1687 1159 1751 remeetur

120 1774 293 1837 conditione
312 1773 440 1855 paribus
462 1771 584 1836 nullam
602 1773 751 1858 injuriam
770 1772 873 1837 fucere
889 1771 1013 1835 firmior
1032 1784 1079 1836 est
1100 1794 1158 1857 po-

35 1881 41 1895 *
122 1859 232 1936 tentia,
247 1879 344 1944 quum
361 1859 399 1934 si,
413 1859 579 1944 repentina
592 1859 798 1944 praesentium
823 1857 1065 1921 commodorum
1088 1879 1158 1944 spe-

121 1944 267 2020 eiecisti,
282 1945 403 2028 majora
417 1947 554 2027 qucrdum
569 1965 635 2007 non
651 1947 718 2007 sine
733 1943 880 2027 periculis
896 1944 1107 2029 acquiramus.

163 2039 218 2094 43.
242 2029 366 2093 “Cum
382 2030 392 2092 i
419 2031 482 2093 'tur
500 2032 533 2092 in
548 2052 585 2094 ea
604 2028 818 2105 inciderimus,
836 2051 908 2114 quae
923 2049 983 2092 nos
1006 2030 1066 2113 ipsi
1081 2029 1158 2094 olim

123 2115 358 2180 Lacedaemone
381 2051 532 2193 didimus,
559 2138 632 2180 suos
656 2137 813 2200 quemque
840 2116 942 2178 socios
968 2116 1081 2199 punire
1102 2115 1162 2200 jus

122 2223 204 2277 erre,·
220 2213 355 2265 nuncet
373 2201 457 2264 idem
472 2201 672 2266 obtineamus
687 2225 706 2265 a
719 2201 808 2264 vobis
826 2200 1035 2284 postulemus,
1051 2214 1159 2286 utque,

122 2285 252 2372 quando
261 2287 379 2350 nostris
393 2285 549 2374 suffragiis
560 2287 659 2372 adjuti
675 2297 705 2350 et
718 2287 868 2350 umlrouti
882 2285 992 2362 fuistis,
1006 2307 1045 2349 ne
1056 2301 1162 2350 vestra

122 2371 279 2436 sententia
293 2393 352 2434 nos
366 2374 568 2458 oppugnetis,
582 2373 635 2436 sed
651 2393 758 2457 parem
774 2373 910 2457 gratiam
925 2371 1079 2450 referatis,
1095 2394 1159 2435 me·

123 2476 228 2522 mores
238 2457 301 2521 hoc
310 2457 388 2521 illud
398 2479 465 2522 esse
480 2471 614 2543 tempus,
630 2480 696 2544 quo
709 2457 907 2542 potissimum
920 2457 983 2534 ille,
1000 2458 1054 2542 qui
1071 2477 1161 2520 suurn

122 2565 255 2626 operam
288 2542 379 2607 alteri
401 2557 505 2619 navat,
528 2555 576 2608 est
598 2545 727 2619 amicus,
749 2555 781 2606 et
805 2543 861 2628 qui
884 2541 1078 2618 adversatur,
1100 2543 1161 2604 ini-

122 2629 242 2693 micust
265 2649 370 2714 neque
385 2627 576 2715 Corcyraeos
595 2630 671 2693 istos
689 2628 783 2692 nobis
798 2627 907 2692 inritis
925 2629 959 2690 in
979 2629 1159 2692 societatem

124 2714 293 2799 recipiatis,
310 2735 413 2800 neque
427 2715 506 2800 ipsis
528 2735 622 2800 opem
637 2712 755 2788 feratis,
772 2714 827 2798 qui
842 2715 927 2778 nohis
949 2712 1097 2798 injuriam
1113 2715 1161 2776 ia-

123 2799 221 2864 ciunt.
268 2798 355 2863 Hsec
376 2801 401 2863 si
422 2799 569 2877 feceritis,
584 2813 616 2864 et
636 2821 678 2865 ex
701 2798 806 2862 officio
829 2811 861 2863 et
881 2799 1037 2886 dignitate
1058 2811 1162 2863 vestra

124 2885 234 2973 agetis,
258 2885 433 2972 vestrisque
454 2885 550 2950 rebus
572 2885 693 2971 optime
711 2883 913 2949 consuletis.’'
955 2885 1039 2949 Haec
1055 2897 1161 2948 nutem

124 2985 157 3036 et
171 2969 336 3036 Corinthii
347 2970 510 3037 dixerunt.

166 3066 219 3121 44.
244 3055 454 3122 Athenienses
476 3079 561 3136 vero,
584 3059 728 3143 utrisque
749 3058 865 3123 auditis
887 3070 919 3123 et
940 3060 1092 3124 concione
1114 3058 1163 3122 bis

124 3142 300 3218 mactem
322 3143 430 3226 priore
448 3143 578 3230 quidem
596 3147 734 3209 rationes
753 3144 995 3210 Corinthiorum
1015 3166 1080 3208 uon
1104 3145 1163 3208 mi·

123 3249 182 3292 nus
203 3247 297 3312 quom
320 3229 540 3314 Corcyraeorum
560 3229 750 3314 probarunt.
808 3230 845 3294 In
868 3231 1045 3314 posteriore
1066 3251 1162 3307 vero,

125 3325 250 3378 mutato
263 3314 407 3390 consilio,
419 3329 597 3380 statuerunt
611 3315 732 3380 nullam
748 3315 875 3402 quidem
891 3315 964 3379 beili
980 3315 1161 3379 societatem

125 3421 197 3463 cunr
222 3398 404 3485 Corcyraeis
425 3399 538 3478 facere,
564 3415 599 3465 ut
621 3403 747 3466 eosdem
770 3415 802 3465 et
823 3400 968 3464 inimicos
990 3415 1022 3464 et
1044 3403 1163 3466 amicos

125 3484 299 3549 ducerentc
334 3487 375 3569 (si
396 3487 480 3550 enim
504 3489 652 3551 adversus
676 3485 861 3551 Corinthios
885 3485 1048 3571 Corcyraei
1079 3489 1164 3573 ipsos

126 3591 235 3635 mum
251 3571 402 3655 navigare
411 3572 583 3656 jussissent,
596 3571 727 3649 loedere,
739 3593 812 3656 quse
826 3571 901 3656 ipsis
910 3593 984 3635 cum
1003 3571 1163 3658 Pelopon·

126 3657 221 3719 nesiis
236 3669 340 3732 erent,
353 3671 447 3740 rupta
460 3655 617 3737 fuissent.)
637 3658 699 3722 Sed
717 3667 834 3720 teritum
849 3657 1067 3721 subsidiariam
1083 3661 1163 3724 soci·

127 3753 241 3806 etatem
269 3739 422 3817 fecemnt,
438 3755 474 3807 ut
497 3743 588 3807 elteri
603 3743 775 3807 alterorum
792 3765 871 3827 egro
885 3753 1029 3807 mutuam
1044 3742 1165 3810 ferrent

126 3849 231 3908 opem,
248 3827 275 3890 si
292 3829 362 3911 quis
376 3827 528 3892 adversus
544 3828 731 3914 Corcyram,
748 3828 797 3892 vel
820 3827 974 3906 Athenas,
991 3830 1039 3892 vel
1053 3852 1164 3895 eorum

129 3913 229 3976 socios
244 3913 316 3976 iret.
354 3913 438 3977 Nam
454 3914 570 3978 bellum
583 3927 696 3979 centra
714 3913 960 3999 Peloponnesios
975 3914 1022 3978 vel
1038 3915 1082 3979 sic
1097 3917 1165 3980 fore

129 3997 204 4082 ipsis
227 3997 414 4074 ridebatur3
449 4021 553 4085 neque
577 4001 644 4085 pati
669 3998 828 4078 volebant,
852 4017 888 4066 ut
911 3999 1063 4086 Corcyra,
1093 4021 1180 4086 quae.

130 4094 250 4148 tanmm
267 4081 397 4147 classem
412 4083 561 4163 habebat,
574 4086 606 4149 in
619 4085 860 4150 Corinthiorum
899 4099 1061 4150 otestatem
1080 4086 1165 4150 veni·

131 4183 196 4233 ret:
219 4167 277 4232 sed
294 4190 348 4233 eos
365 4192 460 4255 quum
485 4172 621 4236 maxime
639 4172 724 4235 inter
745 4195 778 4236 se
799 4107 947 4236 collidere
966 4173 1115 4245 volebant,
1131 4185 1166 4235 ut

132 4275 202 4318 cum
224 4253 467 4322 invalidioribus
490 4257 529 4339 (si
558 4257 635 4342 quid
658 4279 739 4342 opus
760 4259 853 4339 esset)
877 4271 908 4322 et
931 4257 1106 4322 Corinthiis
1134 4269 1167 4326 et

624 4364 643 4410 c
658 4353 678 4406 4·
