2996 4782
323 316 342 371 4
565 411 566 414 Ἴ
684 303 986 375 THUCYDIDlS

321 491 425 544 autem
442 479 538 564 primi
559 469 766 544 Athenienses
788 477 906 545 ferrum
927 481 1152 567 deposuerunt,
1167 493 1200 547 et
1222 485 1359 548 remissi·
1461 503 1466 516 ·

320 585 408 628 orent
431 565 551 630 cultum
575 566 710 652 sequuti,
726 565 766 629 ad
787 588 888 652 genus
910 567 985 631 vitae
1008 567 1123 632 lautius
1146 572 1356 635 transierunt:

320 673 380 715 nec
395 651 530 716 multum
546 665 593 716 cst
609 666 745 737 tempus,
762 673 802 716 ex
816 675 882 738 quo
901 653 988 736 apud
1008 676 1061 717 eos
1078 654 1137 736 illi,
1153 657 1206 741 qui
1222 655 1263 720 de
1277 657 1360 721 seni-

320 737 440 814 oribus,
456 753 588 823 propter
601 737 773 802 delicatum
788 740 862 802 vitae
876 761 976 826 geum
990 752 1081 805 erant
1095 740 1262 820 beatiores,
1278 741 1363 807 ferre

321 824 481 889 desierunt
508 824 605 889 lineas
634 823 768 901 tunicas,
791 836 823 888 et
847 846 957 890 aureas
981 825 1117 903 cicadas,
1143 849 1222 914 quas
1248 828 1361 914 capitis

322 931 447 975 comam
463 910 519 973 reli
563 924 632 975 ntes
645 909 800 974 cincinnis
815 911 1003 990 inserebant,
1049 911 1146 978 Unde
1162 913 1256 978 etiam
1273 915 1361 999 apud

321 997 516 1080 antiquiores
547 1017 623 1062 ones
636 996 740 1062 cultus
754 997 812 1060 iste
824 1009 957 1082 propter
970 997 1193 1086 cognationem
1210 999 1361 1065 obtinuit.

324 1079 459 1148 Modica
473 1105 548 1148 vero
563 1095 657 1163 veste,
671 1095 703 1147 et
717 1081 757 1146 sd
782 1081 875 1168 hujus
897 1083 1000 1148 aetatis
1022 1085 1283 1150 consuetudinem
1308 1108 1360 1150 ac·

322 1167 524 1234 commodata
535 1169 631 1254 primi
645 1167 881 1233 Lacedaemonii
893 1181 968 1232 sunt
982 1169 1040 1244 usi,
1054 1182 1085 1232 et
1099 1191 1172 1234 curn
1189 1173 1313 1236 caeteris
1327 1173 1360 1235 in

323 1256 428 1332 rebus,
451 1267 519 1319 tum
551 1275 625 1318 vero
648 1255 810 1340 praecipue
839 1254 872 1317 in
901 1252 997 1332 victu,
1028 1256 1233 1343 corporisque
1260 1256 1359 1335 cultu,

348 1342 379 1404 ui
398 1340 621 1425 locupletiores
636 1352 736 1417 erant,
754 1339 966 1427 aequalitatem
988 1362 1060 1404 cum
1075 1340 1168 1425 plebe
1184 1357 1361 1408 servarunt.

324 1363 427 1491 lidem
457 1427 553 1491 etism
579 1426 674 1512 primi
703 1448 840 1510 corpora
880 1425 1050 1504 nudarunt,
1077 1440 1109 1492 et
1138 1441 1238 1494 uestes
1254 1429 1361 1514 palam

325 1526 488 1590 exuentes,
519 1513 672 1586 certaturi
702 1533 770 1576 sese
794 1511 865 1576 oleo
896 1527 1065 1578 unxerunt.
1111 1513 1198 1579 Olim
1226 1537 1301 1578 vero
1329 1516 1362 1579 in

326 1597 518 1686 Olympiaco
533 1599 705 1663 certamine
718 1597 847 1663 athletae
863 1597 1059 1687 subligaculo
1073 1600 1193 1664 circum
1210 1601 1363 1686 pudenda

324 1697 482 1772 gestantes
510 1688 694 1750 certabant:
715 1707 774 1748 nec
797 1685 890 1749 multi
919 1696 991 1749 sunt
1020 1685 1108 1765 anni,
1135 1707 1176 1751 ex
1204 1707 1270 1773 quo
1299 1689 1364 1751 lura

348 1772 440 1836 astari
476 1770 649 1835 desierunt.
719 1771 905 1846 Quinetiam
937 1769 1042 1835 adbuc
1072 1773 1158 1856 apud
1188 1772 1360 1838 nonnullos

322 1793 487 1934 barbaros,
519 1858 680 1942 praecipue
708 1878 783 1922 vero
810 1857 977 1935 Asiaticus,
1006 1857 1175 1944 pugilatus,
1205 1872 1238 1922 et
1267 1857 1363 1924 luctae

324 1942 458 2028 praemia
472 1965 532 2028 pro
556 1956 708 2022 ocantur,
723 1955 756 2006 et
779 1943 901 2006 athletae
918 1943 1122 2029 subligaculis
1137 1945 1170 2007 in
1189 1946 1364 2009 certamine

326 2041 472 2094 utuntur.
570 2028 644 2094 ultis
661 2030 757 2094 etiam
778 2027 846 2092 aliis
866 2029 898 2091 in
919 2028 1013 2093 rebus
1031 2029 1257 2094 demonstrarit
1281 2031 1362 2114 quis,

326 2115 446 2196 priseos
463 2115 597 2181 Graeoos
618 2115 731 2180 eodem
745 2114 819 2178 vitae
833 2135 950 2202 genere
974 2135 1057 2192 usos,
1074 2136 1138 2201 quo
1152 2114 1245 2202 hujus
1260 2117 1365 2180 aetatis

326 2200 454 2267 barbari
472 2213 615 2266 utuntur.

383 2295 415 2356 7.
441 2287 547 2365 Urbes
560 2307 647 2361 vero,
664 2297 820 2371 quotquot
835 2285 1003 2350 novissime
1018 2298 1091 2350 sunt
1112 2285 1263 2364 conditae,
1280 2309 1364 2371 proe-

327 2375 435 2436 sertim
464 2393 507 2436 ex
535 2393 600 2459 quo
629 2370 800 2459 navigandi
825 2371 905 2434 ratio
934 2373 1034 2434 tutior
1061 2393 1127 2435 esse
1152 2373 1262 2456 coepit,
1279 2395 1365 2436 ¹cum

326 2461 478 2544 majorem
510 2458 718 2542 pecuniarum
748 2456 873 2540 copiam
898 2455 1062 2533 haberent,
1085 2457 1125 2520 ad
1156 2458 1226 2541 ipsa
1254 2457 1366 2522 littora

329 2545 488 2609 moenibus
517 2544 631 2608 cinctae
660 2541 888 2619 condebantur,
918 2557 950 2607 et
984 2542 1118 2607 isthmos
1153 2543 1366 2628 occupabant,

328 2651 402 2694 cum
434 2642 620 2695 mercaturae
646 2651 751 2705 causa,
778 2641 845 2692 tum
872 2629 1033 2712 potentias,
1064 2649 1125 2712 quo
1152 2649 1184 2693 se
1214 2639 1367 2693 tuerentur

328 2715 477 2780 adversus
510 2735 586 2780 suos
623 2733 761 2800 quaeque
795 2713 958 2778 finitimos.
1017 2717 1061 2778 At
1088 2725 1220 2777 vetustae
1258 2715 1364 2793 urbes,

328 2815 460 2886 propter
488 2801 655 2877 assiduam,
679 2821 716 2862 uc
736 2801 913 2864 diuturnam
939 2798 1098 2863 latronum
1119 2797 1368 2882 infestationem,

328 2888 440 2972 procul
460 2910 480 2951 a
499 2887 577 2950 mari
594 2887 701 2972 potius
721 2884 889 2950 aedifioetae
906 2883 1044 2962 filerunt,
1059 2897 1124 2949 uam
1145 2883 1221 2960 illae,
1237 2905 1311 2972 quae
1333 2887 1366 2950 in

330 2973 451 3054 insulis,
466 2993 562 3059 quam
578 2993 650 3057 quae
665 2972 697 3035 in
713 2971 897 3035 continente
910 2982 984 3035 sunt
998 2971 1075 3034 sitae.
1111 2969 1238 3034 Etenim
1254 2972 1366 3050 etalii,

352 3060 385 3122 ui
412 3080 499 3122 mare
520 3057 714 3134 accolebant,
737 3056 811 3144 licet
835 3057 929 3121 re'bus
952 3055 1118 3120 maritimis
1143 3078 1274 3140 operam
1299 3079 1367 3120 non

329 3081 453 3222 darent,
469 3157 575 3210 tamen
593 3145 660 3208 sese
676 3153 789 3206 mutuo
805 3140 1060 3226 populabantur:
1083 3153 1116 3205 et
1132 3141 1251 3207 adhoc
1266 3165 1369 3230 usque

329 3245 455 3315 tempus
470 3229 700 3294 mediterranea
714 3227 868 3292 incolunt.

374 3327 405 3381 8.
431 3315 600 3401 Praecipue
614 3335 689 3379 vero
708 3313 882 3378 insularum
898 3311 1022 3388 incolae,
1039 3324 1076 3375 ut
1091 3311 1202 3388 Cares,
1219 3325 1251 3377 et
1267 3313 1369 3379 Phoe-

330 3403 426 3479 nicea,
449 3401 618 3466 latrocinia
644 3399 843 3464 exercebant.
889 3397 937 3462 Hi
960 3398 1045 3462 enim
1066 3397 1220 3482 plurimas
1248 3400 1369 3465 insulas

329 3487 521 3552 incolebant.
568 3487 645 3550 Hoc
662 3505 737 3549 vero
756 3483 911 3570 probatur
928 3486 988 3547 isto
1006 3485 1097 3568 siguo
1116 3486 1208 3568 quoti
1227 3486 1369 3550 testimo·

330 3575 395 3638 nio.
442 3572 525 3637 Cum
546 3573 631 3637 enim
648 3571 858 3636 Athenienses
876 3568 970 3653 hujus
988 3567 1062 3632 belli
1082 3579 1226 3652 tempore
1247 3569 1369 3636 Delum

330 3659 525 3734 lustrassent,
540 3670 574 3722 et
591 3657 736 3742 sepulcra
754 3653 963 3733 sustulissent,
978 3665 1135 3740 quotquot
1152 3667 1245 3719 erant
1266 3657 1370 3721 bomi-

331 3765 419 3822 num,
436 3745 491 3846 qui
507 3743 539 3807 in
556 3744 616 3808 bac
629 3742 734 3807 insula
747 3741 955 3816 decesserant,
971 3759 1076 3840 supra
1083 3739 1252 3805 dimidium
1268 3742 1371 3808 Cares
1390 3771 1396 3785 ·

332 3832 451 3896 inventi
473 3843 558 3909 sunt,
573 3842 641 3894 tum
659 3849 777 3914 genere
795 3845 957 3890 armorum
976 3837 1088 3912 agniti,
1102 3847 1176 3911 quae
1198 3847 1272 3891 cum
1292 3828 1371 3914 ipsis

331 3916 456 3982 suerent
470 3916 602 4001 sepulta,
619 3928 687 3979 tum
709 3913 779 3997 ipso
794 3910 900 3989 modo,
917 3931 982 3997 quo
1001 3931 1088 3974 nunc
1107 3933 1236 4014 quoque
1257 3914 1372 3998 sepeli·

332 4015 441 4068 untur.
488 4001 553 4067 Sed
575 4021 648 4065 cum
668 3997 779 4063 Minos
799 3998 928 4061 classem
948 4007 1098 4081 parasset,
1115 4017 1215 4061 marra
1233 3996 1371 4066 liberius

332 4086 418 4152 ultro
437 4089 583 4173 citroque
602 4085 743 4172 navigari
762 4093 938 4168 coeperunt.
985 4081 1111 4145 Etenim
1135 4082 1305 4165 praedones
1325 4108 1369 4152 ex

333 4173 443 4238 insulis
457 4173 498 4237 ad
514 4195 552 4238 eo
571 4183 646 4236 sunt
665 4167 794 4246 sublati,
809 4189 873 4253 quo
893 4167 987 4231 ctiam
1007 4177 1151 4250 tempore
1171 4167 1315 4239 colonias
1335 4171 1372 4238 in

330 4259 459 4326 illarum
481 4258 646 4344 plerasque
664 4253 808 4318 deduxit.
852 4251 895 4316 Et
913 4253 1064 4329 homiues,
1080 4253 1136 4338 qui
1158 4274 1263 4340 prope
1282 4279 1373 4323 mare
