<?xml version="1.0" encoding="UTF-8"?>
<!DOCTYPE html PUBLIC "-//W3C//DTD XHTML 1.0 Transitional//EN"
    "http://www.w3.org/TR/xhtml1/DTD/xhtml1-transitional.dtd">
<html xmlns="http://www.w3.org/1999/xhtml" xml:lang="en" lang="en">
 <head>
  <title>
</title>
<meta http-equiv="Content-Type" content="text/html;charset=utf-8" />
  <meta name='ocr-system' content='tesseract 3.04.00' />
  <meta name='ocr-capabilities' content='ocr_page ocr_carea ocr_par ocr_line ocrx_word'/>
</head>
<body>
  <div class='ocr_page' id='page_1' title='image "./thucydidisdebel00wassgoog_0193.png"; bbox 0 0 2994 4788; ppageno 0'>
   <div class='ocr_carea' id='block_1_1' title="bbox 384 319 1118 393">
    <p class='ocr_par' dir='ltr' id='par_1_1' title="bbox 384 319 1118 393">
     <span class='ocr_line' id='line_1_1' title="bbox 384 319 1118 393; baseline 0.005 -5"><span class='ocrx_word' id='word_1_1' title='bbox 384 321 630 390; x_wconf 80' lang='lat' dir='ltr'><strong>HusTotttAE</strong></span> <span class='ocrx_word' id='word_1_2' title='bbox 652 319 743 390; x_wconf 75' lang='lat' dir='ltr'><strong>ulit</strong></span> <span class='ocrx_word' id='word_1_3' title='bbox 766 321 830 389; x_wconf 90' lang='lat'><em>111.</em></span> <span class='ocrx_word' id='word_1_4' title='bbox 1055 329 1118 393; x_wconf 79' lang='lat' dir='ltr'><strong>ist</strong></span> 
     </span>
    </p>
   </div>
   <div class='ocr_carea' id='block_1_2' title="bbox 139 493 1212 597">
    <p class='ocr_par' dir='ltr' id='par_1_2' title="bbox 139 493 1212 597">
     <span class='ocr_line' id='line_1_2' title="bbox 139 493 1212 597; baseline 0.005 -35"><span class='ocrx_word' id='word_1_5' title='bbox 139 501 184 562; x_wconf 82' lang='grc'><strong>80.</strong></span> <span class='ocrx_word' id='word_1_6' title='bbox 204 496 325 564; x_wconf 85' lang='lat' dir='ltr'><strong>Interes</strong></span> <span class='ocrx_word' id='word_1_7' title='bbox 353 517 428 560; x_wconf 86' lang='lat' dir='ltr'><strong>vero</strong></span> <span class='ocrx_word' id='word_1_8' title='bbox 458 495 702 597; x_wconf 60' lang='lat' dir='ltr'><strong>Corcyraeorum</strong></span> <span class='ocrx_word' id='word_1_9' title='bbox 737 493 887 582; x_wconf 86' lang='lat' dir='ltr'><strong>populus,</strong></span> <span class='ocrx_word' id='word_1_10' title='bbox 918 493 1120 562; x_wconf 84' lang='lat' dir='ltr'><strong>vehementer¹</strong></span> <span class='ocrx_word' id='word_1_11' title='bbox 1150 514 1212 566; x_wconf 69' lang='lat' dir='ltr'><strong>neit.</strong></span> 
     </span>
    </p>
   </div>
   <div class='ocr_carea' id='block_1_3' title="bbox 104 581 1225 760">
    <p class='ocr_par' dir='ltr' id='par_1_3' title="bbox 104 581 1225 760">
     <span class='ocr_line' id='line_1_3' title="bbox 104 581 1225 698; baseline 0.002 -54"><span class='ocrx_word' id='word_1_12' title='bbox 104 595 236 661; x_wconf 87' lang='lat' dir='ltr'><strong>metuens,</strong></span> <span class='ocrx_word' id='word_1_13' title='bbox 248 604 287 648; x_wconf 87' lang='lat' dir='ltr'><strong>ue</strong></span> <span class='ocrx_word' id='word_1_14' title='bbox 299 581 602 667; x_wconf 84' lang='lat' dir='ltr'><strong>Peloponnesiorum</strong></span> <span class='ocrx_word' id='word_1_15' title='bbox 614 583 723 647; x_wconf 83' lang='lat' dir='ltr'><strong>eleusis</strong></span> <span class='ocrx_word' id='word_1_16' title='bbox 734 583 843 647; x_wconf 88' lang='lat' dir='ltr'><strong>urbem</strong></span> <span class='ocrx_word' id='word_1_17' title='bbox 859 581 1030 660; x_wconf 74' lang='lat' dir='ltr'><strong>invaderet,</strong></span> <span class='ocrx_word' id='word_1_18' title='bbox 1043 605 1117 648; x_wconf 88' lang='lat' dir='ltr'><strong>cum</strong></span> <span class='ocrx_word' id='word_1_19' title='bbox 1143 585 1225 698; x_wconf 50' lang='lat'><strong>{3¹⁰1}-</strong></span> 
     </span>
     <span class='ocr_line' id='line_1_4' title="bbox 1134 714 1163 760; baseline 0.034 -1"><span class='ocrx_word' id='word_1_20' title='bbox 1134 714 1163 760; x_wconf 84' lang='lat' dir='ltr'><strong>ot</strong></span> 
     </span>
    </p>
   </div>
   <div class='ocr_carea' id='block_1_4' title="bbox 96 667 1234 4284">
    <p class='ocr_par' dir='ltr' id='par_1_4' title="bbox 102 667 1234 1616">
     <span class='ocr_line' id='line_1_5' title="bbox 103 667 1120 756; baseline 0.002 -25"><span class='ocrx_word' id='word_1_21' title='bbox 103 668 285 754; x_wconf 75' lang='lat' dir='ltr'><strong>supplicibus,</strong></span> <span class='ocrx_word' id='word_1_22' title='bbox 300 667 432 754; x_wconf 87' lang='lat' dir='ltr'><strong>aliisque</strong></span> <span class='ocrx_word' id='word_1_23' title='bbox 445 669 478 732; x_wconf 91' lang='lat' dir='ltr'><strong>iu</strong></span> <span class='ocrx_word' id='word_1_24' title='bbox 495 667 691 756; x_wconf 85' lang='lat' dir='ltr'>colloquium</span> <span class='ocrx_word' id='word_1_25' title='bbox 707 669 890 734; x_wconf 83' lang='lat' dir='ltr'><strong>decivitate</strong></span> <span class='ocrx_word' id='word_1_26' title='bbox 904 669 1120 733; x_wconf 78' lang='lat' dir='ltr'><strong>conservanda</strong></span> 
     </span>
     <span class='ocr_line' id='line_1_6' title="bbox 103 727 1234 838; baseline 0.001 -20"><span class='ocrx_word' id='word_1_27' title='bbox 103 755 188 819; x_wconf 85' lang='lat' dir='ltr'><strong>seuit:</strong></span> <span class='ocrx_word' id='word_1_28' title='bbox 209 769 238 820; x_wconf 89' lang='lat' dir='ltr'><strong>et</strong></span> <span class='ocrx_word' id='word_1_29' title='bbox 258 775 369 819; x_wconf 88' lang='lat' dir='ltr'><strong>eorum</strong></span> <span class='ocrx_word' id='word_1_30' title='bbox 391 753 554 819; x_wconf 84' lang='lat' dir='ltr'>nonnullis</span> <span class='ocrx_word' id='word_1_31' title='bbox 576 757 741 838; x_wconf 77' lang='lat' dir='ltr'><strong>persuasit,</strong></span> <span class='ocrx_word' id='word_1_32' title='bbox 757 766 793 819; x_wconf 90' lang='lat' dir='ltr'><strong>ut</strong></span> <span class='ocrx_word' id='word_1_33' title='bbox 811 775 907 818; x_wconf 86' lang='lat' dir='ltr'><strong>neves</strong></span> <span class='ocrx_word' id='word_1_34' title='bbox 927 755 1120 820; x_wconf 89' lang='lat' dir='ltr'><strong>conscende·</strong></span> <span class='ocrx_word' id='word_1_35' title='bbox 1143 727 1234 828; x_wconf 61' lang='lat' dir='ltr'><strong>sdml’</strong></span> 
     </span>
     <span class='ocr_line' id='line_1_7' title="bbox 104 841 1221 928; baseline 0.002 -24"><span class='ocrx_word' id='word_1_36' title='bbox 104 855 179 908; x_wconf 73' lang='lat' dir='ltr'><strong>seut..</strong></span> <span class='ocrx_word' id='word_1_37' title='bbox 211 841 292 906; x_wconf 88' lang='lat' dir='ltr'><strong>Nam</strong></span> <span class='ocrx_word' id='word_1_38' title='bbox 319 843 483 928; x_wconf 71' lang='lat' dir='ltr'><strong>Corcyraei,</strong></span> <span class='ocrx_word' id='word_1_39' title='bbox 507 843 644 924; x_wconf 83' lang='lat' dir='ltr'><strong>quamvis</strong></span> <span class='ocrx_word' id='word_1_40' title='bbox 666 841 899 905; x_wconf 73' lang='lat' dir='ltr'><strong>inhorrentes</strong></span> <span class='ocrx_word' id='word_1_41' title='bbox 919 852 1004 905; x_wconf 73' lang='lat' dir='ltr'><strong>notu</strong></span> <span class='ocrx_word' id='word_1_42' title='bbox 1024 851 1122 906; x_wconf 79' lang='lat' dir='ltr'><strong>esseut</strong></span> <span class='ocrx_word' id='word_1_43' title='bbox 1148 841 1176 888; x_wconf 68' lang='grc' dir='ltr'><strong>Π·</strong></span> <span class='ocrx_word' id='word_1_44' title='bbox 1193 846 1221 891; x_wconf 79' lang='lat'><strong>0·</strong></span> 
     </span>
     <span class='ocr_line' id='line_1_8' title="bbox 103 909 1221 1022; baseline 0.004 -34"><span class='ocrx_word' id='word_1_45' title='bbox 103 929 249 1014; x_wconf 69' lang='lat' dir='ltr'><strong>constituti,</strong></span> <span class='ocrx_word' id='word_1_46' title='bbox 265 939 370 992; x_wconf 84' lang='lat' dir='ltr'><strong>tanuen</strong></span> <span class='ocrx_word' id='word_1_47' title='bbox 394 928 525 1013; x_wconf 74' lang='lat' dir='ltr'><strong>triginta</strong></span> <span class='ocrx_word' id='word_1_48' title='bbox 545 949 641 991; x_wconf 85' lang='lat' dir='ltr'><strong>neves</strong></span> <span class='ocrx_word' id='word_1_49' title='bbox 662 926 757 991; x_wconf 87' lang='lat' dir='ltr'><strong>rebus</strong></span> <span class='ocrx_word' id='word_1_50' title='bbox 781 925 823 992; x_wconf 85' lang='lat' dir='ltr'><strong>sd</strong></span> <span class='ocrx_word' id='word_1_51' title='bbox 846 925 995 1010; x_wconf 87' lang='lat' dir='ltr'><strong>proelium</strong></span> <span class='ocrx_word' id='word_1_52' title='bbox 1016 949 1123 992; x_wconf 86' lang='lat' dir='ltr'><strong>neces-</strong></span> <span class='ocrx_word' id='word_1_53' title='bbox 1148 909 1221 1022; x_wconf 57' lang='grc' dir='ltr'><strong>ζζῖἶ·</strong></span> 
     </span>
     <span class='ocr_line' id='line_1_9' title="bbox 102 1012 1124 1098; baseline 0.002 -22"><span class='ocrx_word' id='word_1_54' title='bbox 102 1013 177 1076; x_wconf 82' lang='lat' dir='ltr'><strong>seriis</strong></span> <span class='ocrx_word' id='word_1_55' title='bbox 189 1014 403 1098; x_wconf 83' lang='lat' dir='ltr'><strong>expleverunt,</strong></span> <span class='ocrx_word' id='word_1_56' title='bbox 418 1013 517 1078; x_wconf 86' lang='lat' dir='ltr'><strong>hostis</strong></span> <span class='ocrx_word' id='word_1_57' title='bbox 531 1015 701 1077; x_wconf 78' lang='lat' dir='ltr'><strong>adventum</strong></span> <span class='ocrx_word' id='word_1_58' title='bbox 718 1013 928 1098; x_wconf 80' lang='lat' dir='ltr'><strong>opperientes.</strong></span> <span class='ocrx_word' id='word_1_59' title='bbox 973 1015 1016 1079; x_wconf 78' lang='lat' dir='ltr'><strong>At</strong></span> <span class='ocrx_word' id='word_1_60' title='bbox 1030 1012 1124 1078; x_wconf 88' lang='lat' dir='ltr'><strong>Pelo-</strong></span> 
     </span>
     <span class='ocr_line' id='line_1_10' title="bbox 105 1098 1126 1187; baseline 0.004 -27"><span class='ocrx_word' id='word_1_61' title='bbox 105 1101 226 1181; x_wconf 88' lang='lat' dir='ltr'><strong>ponnesii</strong></span> <span class='ocrx_word' id='word_1_62' title='bbox 239 1099 280 1164; x_wconf 86' lang='lat' dir='ltr'><strong>sd</strong></span> <span class='ocrx_word' id='word_1_63' title='bbox 296 1099 459 1164; x_wconf 83' lang='lat' dir='ltr'><strong>meridiem</strong></span> <span class='ocrx_word' id='word_1_64' title='bbox 477 1121 697 1187; x_wconf 81' lang='lat' dir='ltr'><strong>usqueegrum</strong></span> <span class='ocrx_word' id='word_1_65' title='bbox 712 1103 823 1164; x_wconf 82' lang='lat' dir='ltr'><strong>eorum</strong></span> <span class='ocrx_word' id='word_1_66' title='bbox 839 1098 994 1184; x_wconf 88' lang='lat' dir='ltr'><strong>populati,</strong></span> <span class='ocrx_word' id='word_1_67' title='bbox 1011 1099 1126 1164; x_wconf 89' lang='lat' dir='ltr'><strong>disces-</strong></span> 
     </span>
     <span class='ocr_line' id='line_1_11' title="bbox 102 1185 1126 1285; baseline 0.005 -39"><span class='ocrx_word' id='word_1_68' title='bbox 102 1201 204 1250; x_wconf 81' lang='lat' dir='ltr'><strong>serunt</strong></span> <span class='ocrx_word' id='word_1_69' title='bbox 234 1185 293 1252; x_wconf 89' lang='lat' dir='ltr'><strong>sub</strong></span> <span class='ocrx_word' id='word_1_70' title='bbox 313 1197 439 1250; x_wconf 71' lang='lat' dir='ltr'><strong>nocmm</strong></span> <span class='ocrx_word' id='word_1_71' title='bbox 463 1198 569 1250; x_wconf 86' lang='lat' dir='ltr'><strong>eutem</strong></span> <span class='ocrx_word' id='word_1_72' title='bbox 595 1185 723 1285; x_wconf 69' lang='lat' dir='ltr'><strong>ignibus</strong></span> <span class='ocrx_word' id='word_1_73' title='bbox 748 1186 886 1250; x_wconf 86' lang='lat' dir='ltr'><strong>accensis</strong></span> <span class='ocrx_word' id='word_1_74' title='bbox 911 1185 1126 1272; x_wconf 80' lang='lat' dir='ltr'><strong>significatum</strong></span> 
     </span>
     <span class='ocr_line' id='line_1_12' title="bbox 103 1267 1125 1358; baseline 0.006 -26"><span class='ocrx_word' id='word_1_75' title='bbox 103 1267 152 1332; x_wconf 88' lang='lat' dir='ltr'><strong>luit</strong></span> <span class='ocrx_word' id='word_1_76' title='bbox 165 1271 243 1355; x_wconf 89' lang='lat' dir='ltr'><strong>ipsis,</strong></span> <span class='ocrx_word' id='word_1_77' title='bbox 259 1274 426 1357; x_wconf 75' lang='lat' dir='ltr'><strong>sexaginta</strong></span> <span class='ocrx_word' id='word_1_78' title='bbox 440 1293 535 1336; x_wconf 85' lang='lat' dir='ltr'><strong>naves</strong></span> <span class='ocrx_word' id='word_1_79' title='bbox 551 1273 675 1336; x_wconf 76' lang='lat' dir='ltr'><strong>Atticas</strong></span> <span class='ocrx_word' id='word_1_80' title='bbox 697 1293 717 1336; x_wconf 84' lang='lat' dir='ltr'><strong>c</strong></span> <span class='ocrx_word' id='word_1_81' title='bbox 733 1270 882 1336; x_wconf 87' lang='lat' dir='ltr'><strong>Leucade</strong></span> <span class='ocrx_word' id='word_1_82' title='bbox 897 1271 1020 1336; x_wconf 84' lang='lat' dir='ltr'><strong>venire:</strong></span> <span class='ocrx_word' id='word_1_83' title='bbox 1045 1295 1125 1358; x_wconf 87' lang='lat' dir='ltr'><strong>quas</strong></span> 
     </span>
     <span class='ocr_line' id='line_1_13' title="bbox 103 1354 1124 1444; baseline 0 -24"><span class='ocrx_word' id='word_1_84' title='bbox 103 1354 291 1424; x_wconf 76' lang='lat' dir='ltr'><strong>Athenienses</strong></span> <span class='ocrx_word' id='word_1_85' title='bbox 318 1358 480 1438; x_wconf 89' lang='lat' dir='ltr'><strong>(certiores</strong></span> <span class='ocrx_word' id='word_1_86' title='bbox 507 1357 583 1422; x_wconf 85' lang='lat' dir='ltr'><strong>sueti</strong></span> <span class='ocrx_word' id='word_1_87' title='bbox 612 1357 652 1422; x_wconf 86' lang='lat' dir='ltr'><strong>de</strong></span> <span class='ocrx_word' id='word_1_88' title='bbox 680 1357 929 1444; x_wconf 73' lang='lat' dir='ltr'><strong>Corcyraeorum</strong></span> <span class='ocrx_word' id='word_1_89' title='bbox 958 1357 1124 1437; x_wconf 88' lang='lat' dir='ltr'><strong>seditione,</strong></span> 
     </span>
     <span class='ocr_line' id='line_1_14' title="bbox 103 1439 1126 1528; baseline 0.005 -24"><span class='ocrx_word' id='word_1_90' title='bbox 103 1439 190 1528; x_wconf 85' lang='lat' dir='ltr'><strong>deque</strong></span> <span class='ocrx_word' id='word_1_91' title='bbox 206 1446 302 1510; x_wconf 80' lang='lat' dir='ltr'><strong>classe</strong></span> <span class='ocrx_word' id='word_1_92' title='bbox 321 1465 395 1509; x_wconf 90' lang='lat' dir='ltr'><strong>cum</strong></span> <span class='ocrx_word' id='word_1_93' title='bbox 411 1442 530 1508; x_wconf 85' lang='lat' dir='ltr'><strong>Alcida</strong></span> <span class='ocrx_word' id='word_1_94' title='bbox 550 1445 701 1510; x_wconf 74' lang='lat' dir='ltr'><strong>adversus</strong></span> <span class='ocrx_word' id='word_1_95' title='bbox 718 1442 892 1528; x_wconf 73' lang='lat' dir='ltr'><strong>Corcyram</strong></span> <span class='ocrx_word' id='word_1_96' title='bbox 916 1443 1016 1526; x_wconf 83' lang='lat' dir='ltr'><strong>iture)</strong></span> <span class='ocrx_word' id='word_1_97' title='bbox 1032 1443 1126 1509; x_wconf 90' lang='lat' dir='ltr'><strong>mise·</strong></span> 
     </span>
     <span class='ocr_line' id='line_1_15' title="bbox 102 1528 1083 1616; baseline 0.004 -25"><span class='ocrx_word' id='word_1_98' title='bbox 102 1545 164 1592; x_wconf 81' lang='lat' dir='ltr'><strong>rent</strong></span> <span class='ocrx_word' id='word_1_99' title='bbox 175 1552 243 1595; x_wconf 86' lang='lat' dir='ltr'><strong>euru</strong></span> <span class='ocrx_word' id='word_1_100' title='bbox 261 1529 502 1616; x_wconf 84' lang='lat' dir='ltr'><strong>Eurymedonte</strong></span> <span class='ocrx_word' id='word_1_101' title='bbox 517 1528 669 1594; x_wconf 82' lang='lat' dir='ltr'><strong>Theoclis</strong></span> <span class='ocrx_word' id='word_1_102' title='bbox 682 1529 763 1607; x_wconf 85' lang='lat' dir='ltr'><strong>lilio,</strong></span> <span class='ocrx_word' id='word_1_103' title='bbox 775 1531 831 1615; x_wconf 92' lang='lat' dir='ltr'><strong>qui</strong></span> <span class='ocrx_word' id='word_1_104' title='bbox 846 1530 921 1612; x_wconf 87' lang='lat' dir='ltr'><strong>ipsis</strong></span> <span class='ocrx_word' id='word_1_105' title='bbox 935 1543 1083 1615; x_wconf 72' lang='lat' dir='ltr'><strong>preerat.</strong></span> 
     </span>
    </p>

    <p class='ocr_par' dir='ltr' id='par_1_5' title="bbox 100 1615 1132 2819">
     <span class='ocr_line' id='line_1_16' title="bbox 137 1615 1127 1704; baseline 0.002 -26"><span class='ocrx_word' id='word_1_106' title='bbox 137 1623 182 1679; x_wconf 81' lang='lat'><strong>81.</strong></span> <span class='ocrx_word' id='word_1_107' title='bbox 206 1615 428 1701; x_wconf 76' lang='lat' dir='ltr'><strong>Peloponnesii</strong></span> <span class='ocrx_word' id='word_1_108' title='bbox 442 1617 540 1702; x_wconf 80' lang='lat' dir='ltr'><strong>igitur</strong></span> <span class='ocrx_word' id='word_1_109' title='bbox 561 1615 671 1680; x_wconf 85' lang='lat' dir='ltr'><strong>eadem</strong></span> <span class='ocrx_word' id='word_1_110' title='bbox 694 1629 790 1680; x_wconf 91' lang='lat' dir='ltr'><strong>nocte</strong></span> <span class='ocrx_word' id='word_1_111' title='bbox 809 1617 927 1694; x_wconf 88' lang='lat' dir='ltr'><strong>statim,</strong></span> <span class='ocrx_word' id='word_1_112' title='bbox 944 1637 1061 1704; x_wconf 81' lang='lat' dir='ltr'><strong>magna</strong></span> <span class='ocrx_word' id='word_1_113' title='bbox 1074 1637 1127 1680; x_wconf 84' lang='lat' dir='ltr'><strong>ce·</strong></span> 
     </span>
     <span class='ocr_line' id='line_1_17' title="bbox 102 1697 1129 1789; baseline 0.003 -25"><span class='ocrx_word' id='word_1_114' title='bbox 102 1697 207 1768; x_wconf 75' lang='lat' dir='ltr'><strong>lenitate</strong></span> <span class='ocrx_word' id='word_1_115' title='bbox 220 1703 351 1768; x_wconf 90' lang='lat' dir='ltr'><strong>domum</strong></span> <span class='ocrx_word' id='word_1_116' title='bbox 367 1701 531 1766; x_wconf 88' lang='lat' dir='ltr'><strong>redierunt</strong></span> <span class='ocrx_word' id='word_1_117' title='bbox 545 1723 635 1768; x_wconf 85' lang='lat' dir='ltr'><strong>orem</strong></span> <span class='ocrx_word' id='word_1_118' title='bbox 650 1702 800 1789; x_wconf 82' lang='lat' dir='ltr'><strong>legentes.</strong></span> <span class='ocrx_word' id='word_1_119' title='bbox 822 1723 895 1767; x_wconf 90' lang='lat' dir='ltr'><strong>cum</strong></span> <span class='ocrx_word' id='word_1_120' title='bbox 910 1715 1016 1767; x_wconf 87' lang='lat' dir='ltr'><strong>sutem</strong></span> <span class='ocrx_word' id='word_1_121' title='bbox 1031 1723 1129 1767; x_wconf 84' lang='lat' dir='ltr'><strong>neves</strong></span> 
     </span>
     <span class='ocr_line' id='line_1_18' title="bbox 102 1787 1129 1873; baseline 0 -19"><span class='ocrx_word' id='word_1_122' title='bbox 102 1807 149 1868; x_wconf 86' lang='lat' dir='ltr'><strong>per</strong></span> <span class='ocrx_word' id='word_1_123' title='bbox 164 1787 354 1854; x_wconf 76' lang='lat' dir='ltr'><strong>leucadium</strong></span> <span class='ocrx_word' id='word_1_124' title='bbox 371 1787 528 1854; x_wconf 75' lang='lat' dir='ltr'><strong>isthmum</strong></span> <span class='ocrx_word' id='word_1_125' title='bbox 547 1801 825 1873; x_wconf 74' lang='lat' dir='ltr'><strong>transportassent,</strong></span> <span class='ocrx_word' id='word_1_126' title='bbox 840 1809 881 1851; x_wconf 90' lang='lat' dir='ltr'><strong>ne</strong></span> <span class='ocrx_word' id='word_1_127' title='bbox 894 1789 1129 1854; x_wconf 86' lang='lat' dir='ltr'><strong>circumeuntes</strong></span> 
     </span>
     <span class='ocr_line' id='line_1_19' title="bbox 101 1872 1128 1960; baseline 0.004 -26"><span class='ocrx_word' id='word_1_128' title='bbox 101 1872 233 1940; x_wconf 78' lang='lat' dir='ltr'><strong>allecte</strong></span> <span class='ocrx_word' id='word_1_129' title='bbox 254 1876 525 1959; x_wconf 80' lang='lat' dir='ltr'><strong>conspicerentur,</strong></span> <span class='ocrx_word' id='word_1_130' title='bbox 547 1897 581 1939; x_wconf 93' lang='lat' dir='ltr'><strong>se</strong></span> <span class='ocrx_word' id='word_1_131' title='bbox 603 1887 803 1958; x_wconf 87' lang='lat' dir='ltr'><strong>receperunt.</strong></span> <span class='ocrx_word' id='word_1_132' title='bbox 849 1873 1014 1960; x_wconf 76' lang='lat' dir='ltr'><strong>Corcpraei</strong></span> <span class='ocrx_word' id='word_1_133' title='bbox 1036 1895 1128 1954; x_wconf 78' lang='lat' dir='ltr'><strong>sero,</strong></span> 
     </span>
     <span class='ocr_line' id='line_1_20' title="bbox 101 1959 1129 2038; baseline 0.004 -19"><span class='ocrx_word' id='word_1_134' title='bbox 101 1980 162 2024; x_wconf 86' lang='lat' dir='ltr'><strong>enm</strong></span> <span class='ocrx_word' id='word_1_135' title='bbox 176 1975 206 2026; x_wconf 90' lang='lat' dir='ltr'><strong>et</strong></span> <span class='ocrx_word' id='word_1_136' title='bbox 221 1962 348 2028; x_wconf 83' lang='lat' dir='ltr'><strong>Atticas</strong></span> <span class='ocrx_word' id='word_1_137' title='bbox 362 1983 456 2026; x_wconf 86' lang='lat' dir='ltr'><strong>naves</strong></span> <span class='ocrx_word' id='word_1_138' title='bbox 479 1961 662 2038; x_wconf 77' lang='lat' dir='ltr'><strong>aduentare,</strong></span> <span class='ocrx_word' id='word_1_139' title='bbox 677 1972 710 2025; x_wconf 92' lang='lat' dir='ltr'><strong>et</strong></span> <span class='ocrx_word' id='word_1_140' title='bbox 729 1959 860 2024; x_wconf 79' lang='lat' dir='ltr'><strong>hostiles</strong></span> <span class='ocrx_word' id='word_1_141' title='bbox 881 1959 1060 2024; x_wconf 85' lang='lat' dir='ltr'><strong>discessisse</strong></span> <span class='ocrx_word' id='word_1_142' title='bbox 1078 1961 1129 2024; x_wconf 92' lang='lat' dir='ltr'><strong>in-</strong></span> 
     </span>
     <span class='ocr_line' id='line_1_21' title="bbox 102 2043 1130 2132; baseline 0.004 -26"><span class='ocrx_word' id='word_1_143' title='bbox 102 2043 291 2125; x_wconf 83' lang='lat' dir='ltr'><strong>tellexissent,</strong></span> <span class='ocrx_word' id='word_1_144' title='bbox 309 2045 485 2122; x_wconf 86' lang='lat' dir='ltr'><strong>Messenios</strong></span> <span class='ocrx_word' id='word_1_145' title='bbox 507 2057 707 2132; x_wconf 87' lang='lat' dir='ltr'><strong>receperunt,</strong></span> <span class='ocrx_word' id='word_1_146' title='bbox 724 2059 756 2110; x_wconf 91' lang='lat' dir='ltr'><strong>et</strong></span> <span class='ocrx_word' id='word_1_147' title='bbox 778 2046 811 2110; x_wconf 93' lang='lat' dir='ltr'><strong>in</strong></span> <span class='ocrx_word' id='word_1_148' title='bbox 830 2045 942 2110; x_wconf 89' lang='lat' dir='ltr'><strong>urbem</strong></span> <span class='ocrx_word' id='word_1_149' title='bbox 962 2044 1130 2110; x_wconf 84' lang='lat' dir='ltr'><strong>introdux-</strong></span> 
     </span>
     <span class='ocr_line' id='line_1_22' title="bbox 101 2131 1130 2220; baseline 0.004 -28"><span class='ocrx_word' id='word_1_150' title='bbox 101 2148 190 2210; x_wconf 83' lang='lat' dir='ltr'><strong>eruut,</strong></span> <span class='ocrx_word' id='word_1_151' title='bbox 205 2135 259 2218; x_wconf 88' lang='lat' dir='ltr'><strong>qui</strong></span> <span class='ocrx_word' id='word_1_152' title='bbox 273 2134 364 2220; x_wconf 87' lang='lat' dir='ltr'><strong>prius</strong></span> <span class='ocrx_word' id='word_1_153' title='bbox 378 2145 469 2198; x_wconf 86' lang='lat' dir='ltr'><strong>erent</strong></span> <span class='ocrx_word' id='word_1_154' title='bbox 483 2147 591 2198; x_wconf 81' lang='lat' dir='ltr'><strong>extra:</strong></span> <span class='ocrx_word' id='word_1_155' title='bbox 610 2134 770 2219; x_wconf 87' lang='lat' dir='ltr'><strong>jussisque</strong></span> <span class='ocrx_word' id='word_1_156' title='bbox 782 2131 924 2210; x_wconf 83' lang='lat' dir='ltr'><strong>naribus,</strong></span> <span class='ocrx_word' id='word_1_157' title='bbox 964 2154 1019 2196; x_wconf 82' lang='lat' dir='ltr'><strong>uss</strong></span> <span class='ocrx_word' id='word_1_158' title='bbox 1033 2131 1130 2196; x_wconf 89' lang='lat' dir='ltr'><strong>rebus</strong></span> 
     </span>
     <span class='ocr_line' id='line_1_23' title="bbox 102 2215 1131 2304; baseline 0.001 -24"><span class='ocrx_word' id='word_1_159' title='bbox 102 2215 291 2302; x_wconf 87' lang='lat' dir='ltr'><strong>adproelium</strong></span> <span class='ocrx_word' id='word_1_160' title='bbox 308 2219 490 2284; x_wconf 76' lang='lat' dir='ltr'><strong>necessariis</strong></span> <span class='ocrx_word' id='word_1_161' title='bbox 511 2218 726 2303; x_wconf 80' lang='lat' dir='ltr'><strong>expleverant,</strong></span> <span class='ocrx_word' id='word_1_162' title='bbox 743 2218 775 2282; x_wconf 86' lang='lat' dir='ltr'><strong>in</strong></span> <span class='ocrx_word' id='word_1_163' title='bbox 794 2235 923 2303; x_wconf 86' lang='lat' dir='ltr'><strong>portum</strong></span> <span class='ocrx_word' id='word_1_164' title='bbox 976 2217 1131 2304; x_wconf 78' lang='lat' dir='ltr'><strong>ylliricum</strong></span> 
     </span>
     <span class='ocr_line' id='line_1_24' title="bbox 100 2301 1131 2390; baseline 0 -24"><span class='ocrx_word' id='word_1_165' title='bbox 100 2301 269 2383; x_wconf 86' lang='lat' dir='ltr'><strong>circumire;</strong></span> <span class='ocrx_word' id='word_1_166' title='bbox 294 2304 371 2371; x_wconf 90' lang='lat' dir='ltr'><strong>dum</strong></span> <span class='ocrx_word' id='word_1_167' title='bbox 396 2305 460 2370; x_wconf 81' lang='lat' dir='ltr'><strong>illes</strong></span> <span class='ocrx_word' id='word_1_168' title='bbox 483 2303 807 2381; x_wconf 83' lang='lat' dir='ltr'><strong>circumveherentur,</strong></span> <span class='ocrx_word' id='word_1_169' title='bbox 834 2305 974 2390; x_wconf 89' lang='lat' dir='ltr'><strong>siquem</strong></span> <span class='ocrx_word' id='word_1_170' title='bbox 999 2304 1038 2369; x_wconf 91' lang='lat' dir='ltr'><strong>de</strong></span> <span class='ocrx_word' id='word_1_171' title='bbox 1066 2303 1131 2367; x_wconf 87' lang='lat' dir='ltr'><strong>suis</strong></span> 
     </span>
     <span class='ocr_line' id='line_1_25' title="bbox 102 2385 1132 2478; baseline 0.001 -28"><span class='ocrx_word' id='word_1_172' title='bbox 102 2385 220 2460; x_wconf 88' lang='lat' dir='ltr'><strong>inimicis</strong></span> <span class='ocrx_word' id='word_1_173' title='bbox 229 2391 397 2478; x_wconf 85' lang='lat' dir='ltr'><strong>cepissent,</strong></span> <span class='ocrx_word' id='word_1_174' title='bbox 407 2399 480 2457; x_wconf 85' lang='lat' dir='ltr'><strong>eum</strong></span> <span class='ocrx_word' id='word_1_175' title='bbox 491 2391 733 2456; x_wconf 77' lang='lat' dir='ltr'><strong>interficiebant</strong></span> <span class='ocrx_word' id='word_1_176' title='bbox 755 2391 929 2476; x_wconf 79' lang='lat' dir='ltr'><strong>quinetiam</strong></span> <span class='ocrx_word' id='word_1_177' title='bbox 942 2413 996 2455; x_wconf 92' lang='lat' dir='ltr'><strong>eos</strong></span> <span class='ocrx_word' id='word_1_178' title='bbox 1006 2387 1132 2472; x_wconf 65' lang='lat' dir='ltr'><strong>omues,</strong></span> 
     </span>
     <span class='ocr_line' id='line_1_26' title="bbox 101 2474 1131 2562; baseline 0 -24"><span class='ocrx_word' id='word_1_179' title='bbox 101 2474 202 2556; x_wconf 91' lang='lat' dir='ltr'><strong>quibus</strong></span> <span class='ocrx_word' id='word_1_180' title='bbox 223 2493 453 2562; x_wconf 77' lang='lat' dir='ltr'><strong>persuaserant,</strong></span> <span class='ocrx_word' id='word_1_181' title='bbox 476 2490 512 2542; x_wconf 91' lang='lat' dir='ltr'><strong>nt</strong></span> <span class='ocrx_word' id='word_1_182' title='bbox 533 2499 628 2541; x_wconf 83' lang='lat' dir='ltr'><strong>naves</strong></span> <span class='ocrx_word' id='word_1_183' title='bbox 650 2476 910 2553; x_wconf 85' lang='lat' dir='ltr'><strong>conscenderent,</strong></span> <span class='ocrx_word' id='word_1_184' title='bbox 932 2498 974 2540; x_wconf 86' lang='lat' dir='ltr'><strong>ex</strong></span> <span class='ocrx_word' id='word_1_185' title='bbox 996 2475 1131 2539; x_wconf 86' lang='lat' dir='ltr'><strong>navibus</strong></span> 
     </span>
     <span class='ocr_line' id='line_1_27' title="bbox 101 2560 1130 2648; baseline -0.003 -22"><span class='ocrx_word' id='word_1_186' title='bbox 101 2560 253 2643; x_wconf 81' lang='lat' dir='ltr'><strong>ejicientes,</strong></span> <span class='ocrx_word' id='word_1_187' title='bbox 269 2564 492 2629; x_wconf 88' lang='lat' dir='ltr'><strong>discesserunt.</strong></span> <span class='ocrx_word' id='word_1_188' title='bbox 537 2563 581 2628; x_wconf 86' lang='lat' dir='ltr'><strong>Et</strong></span> <span class='ocrx_word' id='word_1_189' title='bbox 597 2562 640 2627; x_wconf 84' lang='lat' dir='ltr'><strong>ed</strong></span> <span class='ocrx_word' id='word_1_190' title='bbox 653 2562 675 2627; x_wconf 91' lang='lat' dir='ltr'>J</span> <span class='ocrx_word' id='word_1_191' title='bbox 679 2563 793 2627; x_wconf 88' lang='lat' dir='ltr'><strong>unonis</strong></span> <span class='ocrx_word' id='word_1_192' title='bbox 815 2562 968 2648; x_wconf 88' lang='lat' dir='ltr'><strong>templum</strong></span> <span class='ocrx_word' id='word_1_193' title='bbox 984 2560 1130 2646; x_wconf 81' lang='lat' dir='ltr'><strong>profecti,</strong></span> 
     </span>
     <span class='ocr_line' id='line_1_28' title="bbox 100 2646 1132 2819; baseline 0.002 -25"><span class='ocrx_word' id='word_1_194' title='bbox 100 2646 1132 2819; x_wconf 45' lang='lat' dir='ltr'><strong>lutulentus,treineresbrunnen</strong></span> 
     </span>
    </p>

    <p class='ocr_par' dir='ltr' id='par_1_6' title="bbox 506 2779 517 2812">
     <span class='ocr_line' id='line_1_29' title="bbox 506 2779 517 2812; baseline 0 0"><span class='ocrx_word' id='word_1_195' title='bbox 506 2779 517 2812; x_wconf 72' lang='lat'>9</span> 
     </span>
    </p>

    <p class='ocr_par' dir='ltr' id='par_1_7' title="bbox 96 2757 1137 4284">
     <span class='ocr_line' id='line_1_30' title="bbox 101 2757 1132 2908; baseline 0 -24"><span class='ocrx_word' id='word_1_196' title='bbox 101 2819 293 2888; x_wconf 85' lang='lat' dir='ltr'><strong>mulctarunt.</strong></span> <span class='ocrx_word' id='word_1_197' title='bbox 328 2757 745 2908; x_wconf 52' lang='lat' dir='ltr'><strong>Sedpleriquesupbdlicum,</strong></span> <span class='ocrx_word' id='word_1_198' title='bbox 758 2820 1066 2906; x_wconf 83' lang='lat' dir='ltr'><strong>quiuerbisillorum</strong></span> <span class='ocrx_word' id='word_1_199' title='bbox 1075 2819 1132 2884; x_wconf 91' lang='lat' dir='ltr'><strong>ad·</strong></span> 
     </span>
     <span class='ocr_line' id='line_1_31' title="bbox 99 2901 1131 2994; baseline 0.001 -25"><span class='ocrx_word' id='word_1_200' title='bbox 99 2901 163 2970; x_wconf 87' lang='lat' dir='ltr'><strong>doci</strong></span> <span class='ocrx_word' id='word_1_201' title='bbox 176 2929 239 2974; x_wconf 91' lang='lat' dir='ltr'><strong>non</strong></span> <span class='ocrx_word' id='word_1_202' title='bbox 250 2921 434 2994; x_wconf 86' lang='lat' dir='ltr'><strong>potuerant,</strong></span> <span class='ocrx_word' id='word_1_203' title='bbox 446 2921 482 2972; x_wconf 90' lang='lat' dir='ltr'><strong>ut</strong></span> <span class='ocrx_word' id='word_1_204' title='bbox 492 2907 649 2994; x_wconf 90' lang='lat' dir='ltr'><strong>judicium</strong></span> <span class='ocrx_word' id='word_1_205' title='bbox 664 2907 820 2984; x_wconf 85' lang='lat' dir='ltr'><strong>subirent,</strong></span> <span class='ocrx_word' id='word_1_206' title='bbox 836 2928 909 2971; x_wconf 89' lang='lat' dir='ltr'><strong>cum</strong></span> <span class='ocrx_word' id='word_1_207' title='bbox 925 2906 1069 2972; x_wconf 82' lang='lat' dir='ltr'><strong>uiderent</strong></span> <span class='ocrx_word' id='word_1_208' title='bbox 1083 2927 1131 2981; x_wconf 89' lang='lat' dir='ltr'><strong>ea,</strong></span> 
     </span>
     <span class='ocr_line' id='line_1_32' title="bbox 99 2991 1132 3161; baseline -0.005 -17"><span class='ocrx_word' id='word_1_209' title='bbox 99 2991 1132 3161; x_wconf 53' lang='grc' dir='ltr'><strong>ἓιῗοξίῒῖἰῗ2ξὲξέῗὲἳῖὢὲἐῐῗίῗιῗῗῖἒξξὲξῗῗξὲἕὲἓ</strong></span> 
     </span>
     <span class='ocr_line' id='line_1_33' title="bbox 100 3102 1132 3265; baseline -0.002 -39"><span class='ocrx_word' id='word_1_210' title='bbox 100 3177 175 3232; x_wconf 83' lang='lat' dir='ltr'><strong>runt</strong></span> <span class='ocrx_word' id='word_1_211' title='bbox 197 3167 253 3234; x_wconf 89' lang='lat' dir='ltr'><strong>reli</strong></span> <span class='ocrx_word' id='word_1_212' title='bbox 281 3169 312 3232; x_wconf 92' lang='lat' dir='ltr'><strong>ui</strong></span> <span class='ocrx_word' id='word_1_213' title='bbox 336 3187 420 3244; x_wconf 80' lang='lat' dir='ltr'><strong>sero,</strong></span> <span class='ocrx_word' id='word_1_214' title='bbox 444 3179 540 3251; x_wconf 89' lang='lat' dir='ltr'><strong>prout</strong></span> <span class='ocrx_word' id='word_1_215' title='bbox 554 3167 688 3265; x_wconf 89' lang='lat' dir='ltr'><strong>quisque</strong></span> <span class='ocrx_word' id='word_1_216' title='bbox 708 3102 824 3249; x_wconf 68' lang='lat' dir='ltr'><strong>pbtuit,</strong></span> <span class='ocrx_word' id='word_1_217' title='bbox 843 3185 877 3228; x_wconf 87' lang='lat' dir='ltr'><strong>se</strong></span> <span class='ocrx_word' id='word_1_218' title='bbox 898 3165 983 3248; x_wconf 87' lang='lat' dir='ltr'><strong>ipsos</strong></span> <span class='ocrx_word' id='word_1_219' title='bbox 1004 3164 1132 3226; x_wconf 78' lang='lat' dir='ltr'><strong>ebrum-</strong></span> 
     </span>
     <span class='ocr_line' id='line_1_34' title="bbox 99 3189 1132 3338; baseline -0.002 -26"><span class='ocrx_word' id='word_1_220' title='bbox 99 3266 216 3318; x_wconf 80' lang='lat' dir='ltr'><strong>terunt·</strong></span> <span class='ocrx_word' id='word_1_221' title='bbox 253 3189 298 3320; x_wconf 51' lang='lat' dir='ltr'><strong>ht</strong></span> <span class='ocrx_word' id='word_1_222' title='bbox 322 3273 380 3338; x_wconf 87' lang='lat' dir='ltr'><strong>per</strong></span> <span class='ocrx_word' id='word_1_223' title='bbox 402 3265 521 3337; x_wconf 87' lang='lat' dir='ltr'><strong>septem</strong></span> <span class='ocrx_word' id='word_1_224' title='bbox 546 3251 622 3329; x_wconf 80' lang='lat' dir='ltr'><strong>dues,</strong></span> <span class='ocrx_word' id='word_1_225' title='bbox 639 3274 697 3336; x_wconf 88' lang='lat' dir='ltr'><strong>per</strong></span> <span class='ocrx_word' id='word_1_226' title='bbox 718 3272 799 3336; x_wconf 90' lang='lat' dir='ltr'><strong>quos</strong></span> <span class='ocrx_word' id='word_1_227' title='bbox 826 3247 1031 3334; x_wconf 81' lang='lat' dir='ltr'><strong>Eurymedon</strong></span> <span class='ocrx_word' id='word_1_228' title='bbox 1057 3269 1132 3311; x_wconf 90' lang='lat' dir='ltr'><strong>cnm</strong></span> 
     </span>
     <span class='ocr_line' id='line_1_35' title="bbox 98 3334 1134 3512; baseline -0.008 -22"><span class='ocrx_word' id='word_1_229' title='bbox 98 3334 1134 3512; x_wconf 45' lang='lat' dir='ltr'><strong>tttsstlntltt‘ttttlt‘tull,tttt‘?‘e9.ttt&#39;ttt</strong></span> 
     </span>
     <span class='ocr_line' id='line_1_36' title="bbox 99 3475 1134 3598; baseline 0 -30"><span class='ocrx_word' id='word_1_230' title='bbox 99 3505 154 3572; x_wconf 91' lang='lat' dir='ltr'><strong>illis</strong></span> <span class='ocrx_word' id='word_1_231' title='bbox 173 3509 296 3590; x_wconf 75' lang='lat' dir='ltr'><strong>dentes,</strong></span> <span class='ocrx_word' id='word_1_232' title='bbox 313 3475 400 3598; x_wconf 73' lang='lat' dir='ltr'><strong>quod</strong></span> <span class='ocrx_word' id='word_1_233' title='bbox 420 3510 606 3596; x_wconf 78' lang='lat' dir='ltr'><strong>popularem</strong></span> <span class='ocrx_word' id='word_1_234' title='bbox 629 3522 745 3574; x_wconf 86' lang='lat' dir='ltr'><strong>statum</strong></span> <span class='ocrx_word' id='word_1_235' title='bbox 768 3519 953 3572; x_wconf 87' lang='lat' dir='ltr'><strong>everterent.</strong></span> <span class='ocrx_word' id='word_1_236' title='bbox 1052 3527 1134 3569; x_wconf 89' lang='lat' dir='ltr'><strong>uon·</strong></span> 
     </span>
     <span class='ocr_line' id='line_1_37' title="bbox 98 3594 1134 3680; baseline -0.001 -24"><span class='ocrx_word' id='word_1_237' title='bbox 98 3595 280 3666; x_wconf 86' lang='lat' dir='ltr'><strong>uullietiarn</strong></span> <span class='ocrx_word' id='word_1_238' title='bbox 296 3598 339 3664; x_wconf 93' lang='lat' dir='ltr'><strong>ob</strong></span> <span class='ocrx_word' id='word_1_239' title='bbox 361 3596 541 3662; x_wconf 81' lang='lat' dir='ltr'><strong>inimicitius</strong></span> <span class='ocrx_word' id='word_1_240' title='bbox 563 3597 713 3680; x_wconf 82' lang='lat' dir='ltr'><strong>priuatas,</strong></span> <span class='ocrx_word' id='word_1_241' title='bbox 728 3594 783 3658; x_wconf 81' lang='lat' dir='ltr'><strong>elii</strong></span> <span class='ocrx_word' id='word_1_242' title='bbox 805 3595 901 3658; x_wconf 88' lang='lat' dir='ltr'><strong>etiam</strong></span> <span class='ocrx_word' id='word_1_243' title='bbox 923 3603 1056 3679; x_wconf 89' lang='lat' dir='ltr'><strong>propter</strong></span> <span class='ocrx_word' id='word_1_244' title='bbox 1078 3613 1134 3676; x_wconf 90' lang='lat' dir='ltr'><strong>pe·</strong></span> 
     </span>
     <span class='ocr_line' id='line_1_38' title="bbox 98 3679 1135 3771; baseline -0.003 -26"><span class='ocrx_word' id='word_1_245' title='bbox 98 3683 212 3764; x_wconf 83' lang='lat' dir='ltr'><strong>cuniae,</strong></span> <span class='ocrx_word' id='word_1_246' title='bbox 236 3683 406 3771; x_wconf 78' lang='lat' dir='ltr'><strong>quaeipsis</strong></span> <span class='ocrx_word' id='word_1_247' title='bbox 430 3681 638 3760; x_wconf 88' lang='lat' dir='ltr'><strong>debebantur,</strong></span> <span class='ocrx_word' id='word_1_248' title='bbox 661 3704 682 3745; x_wconf 89' lang='lat' dir='ltr'><strong>a</strong></span> <span class='ocrx_word' id='word_1_249' title='bbox 703 3680 912 3760; x_wconf 89' lang='lat' dir='ltr'><strong>debitoribus,</strong></span> <span class='ocrx_word' id='word_1_250' title='bbox 930 3679 985 3764; x_wconf 91' lang='lat' dir='ltr'><strong>qui</strong></span> <span class='ocrx_word' id='word_1_251' title='bbox 1007 3701 1059 3743; x_wconf 90' lang='lat' dir='ltr'><strong>eus</strong></span> <span class='ocrx_word' id='word_1_252' title='bbox 1081 3699 1135 3742; x_wconf 84' lang='lat' dir='ltr'><strong>ec·</strong></span> 
     </span>
     <span class='ocr_line' id='line_1_39' title="bbox 98 3765 1135 3853; baseline -0.009 -16"><span class='ocrx_word' id='word_1_253' title='bbox 98 3783 251 3852; x_wconf 77' lang='lat' dir='ltr'><strong>ceperam,</strong></span> <span class='ocrx_word' id='word_1_254' title='bbox 276 3767 433 3836; x_wconf 83' lang='lat' dir='ltr'><strong>interfecti</strong></span> <span class='ocrx_word' id='word_1_255' title='bbox 458 3767 596 3834; x_wconf 84' lang='lat' dir='ltr'><strong>luerunt.</strong></span> <span class='ocrx_word' id='word_1_256' title='bbox 623 3788 780 3853; x_wconf 88' lang='lat' dir='ltr'><strong>omneque</strong></span> <span class='ocrx_word' id='word_1_257' title='bbox 804 3767 912 3830; x_wconf 88' lang='lat' dir='ltr'><strong>mortis</strong></span> <span class='ocrx_word' id='word_1_258' title='bbox 933 3785 1034 3853; x_wconf 81' lang='lat' dir='ltr'><strong>genus</strong></span> <span class='ocrx_word' id='word_1_259' title='bbox 1055 3765 1135 3829; x_wconf 84' lang='lat' dir='ltr'><strong>vise-</strong></span> 
     </span>
     <span class='ocr_line' id='line_1_40' title="bbox 97 3850 1136 3939; baseline -0.004 -21"><span class='ocrx_word' id='word_1_260' title='bbox 97 3850 204 3920; x_wconf 84' lang='lat' dir='ltr'><strong>batur:</strong></span> <span class='ocrx_word' id='word_1_261' title='bbox 227 3861 288 3939; x_wconf 88' lang='lat' dir='ltr'><strong>et(</strong></span> <span class='ocrx_word' id='word_1_262' title='bbox 314 3854 559 3925; x_wconf 88' lang='lat' dir='ltr'><strong>ueruadmodum</strong></span> <span class='ocrx_word' id='word_1_263' title='bbox 578 3855 612 3920; x_wconf 91' lang='lat' dir='ltr'><strong>in</strong></span> <span class='ocrx_word' id='word_1_264' title='bbox 628 3851 810 3939; x_wconf 87' lang='lat' dir='ltr'><strong>hujusmodi</strong></span> <span class='ocrx_word' id='word_1_265' title='bbox 825 3873 931 3917; x_wconf 87' lang='lat' dir='ltr'><strong>rernm</strong></span> <span class='ocrx_word' id='word_1_266' title='bbox 948 3861 1034 3916; x_wconf 86' lang='lat' dir='ltr'><strong>statu</strong></span> <span class='ocrx_word' id='word_1_267' title='bbox 1056 3851 1136 3914; x_wconf 89' lang='lat' dir='ltr'><strong>solet</strong></span> 
     </span>
     <span class='ocr_line' id='line_1_41' title="bbox 97 3879 1135 4038; baseline -0.002 -36"><span class='ocrx_word' id='word_1_268' title='bbox 97 3941 247 4022; x_wconf 75' lang='lat' dir='ltr'><strong>accidere)</strong></span> <span class='ocrx_word' id='word_1_269' title='bbox 267 3879 346 4005; x_wconf 87' lang='lat' dir='ltr'><strong>nihil</strong></span> <span class='ocrx_word' id='word_1_270' title='bbox 360 3955 418 4017; x_wconf 87' lang='lat' dir='ltr'><strong>est,</strong></span> <span class='ocrx_word' id='word_1_271' title='bbox 434 3941 520 4026; x_wconf 94' lang='lat' dir='ltr'><strong>quod</strong></span> <span class='ocrx_word' id='word_1_272' title='bbox 540 3961 605 4003; x_wconf 92' lang='lat' dir='ltr'><strong>non</strong></span> <span class='ocrx_word' id='word_1_273' title='bbox 627 3939 810 4026; x_wconf 83' lang='lat' dir='ltr'><strong>contigerit,</strong></span> <span class='ocrx_word' id='word_1_274' title='bbox 825 3951 921 4038; x_wconf 85' lang='lat' dir='ltr'><strong>atque</strong></span> <span class='ocrx_word' id='word_1_275' title='bbox 934 3959 974 4001; x_wconf 91' lang='lat' dir='ltr'><strong>eo</strong></span> <span class='ocrx_word' id='word_1_276' title='bbox 988 3935 1135 4035; x_wconf 70' lang='lat' dir='ltr'><strong>emplius.</strong></span> 
     </span>
     <span class='ocr_line' id='line_1_42' title="bbox 98 4021 1136 4112; baseline -0.006 -22"><span class='ocrx_word' id='word_1_277' title='bbox 98 4022 220 4092; x_wconf 82' lang='lat' dir='ltr'><strong>Etenim</strong></span> <span class='ocrx_word' id='word_1_278' title='bbox 251 4040 342 4112; x_wconf 85' lang='lat' dir='ltr'><strong>peter</strong></span> <span class='ocrx_word' id='word_1_279' title='bbox 375 4027 476 4092; x_wconf 91' lang='lat' dir='ltr'><strong>lilium</strong></span> <span class='ocrx_word' id='word_1_280' title='bbox 512 4025 693 4102; x_wconf 89' lang='lat' dir='ltr'><strong>occidebet;</strong></span> <span class='ocrx_word' id='word_1_281' title='bbox 725 4035 757 4089; x_wconf 89' lang='lat' dir='ltr'><strong>et</strong></span> <span class='ocrx_word' id='word_1_282' title='bbox 784 4023 930 4088; x_wconf 90' lang='lat' dir='ltr'><strong>hommes</strong></span> <span class='ocrx_word' id='word_1_283' title='bbox 963 4045 981 4086; x_wconf 86' lang='lat' dir='ltr'><strong>s</strong></span> <span class='ocrx_word' id='word_1_284' title='bbox 1008 4021 1136 4106; x_wconf 82' lang='lat' dir='ltr'><strong>templis</strong></span> 
     </span>
     <span class='ocr_line' id='line_1_43' title="bbox 97 4107 1136 4214; baseline -0.007 -38"><span class='ocrx_word' id='word_1_285' title='bbox 97 4109 366 4192; x_wconf 63' lang='lat' dir='ltr'><strong>abstrahebantur,</strong></span> <span class='ocrx_word' id='word_1_286' title='bbox 382 4124 414 4178; x_wconf 91' lang='lat' dir='ltr'><strong>et</strong></span> <span class='ocrx_word' id='word_1_287' title='bbox 428 4135 529 4214; x_wconf 88' lang='lat' dir='ltr'><strong>prope</strong></span> <span class='ocrx_word' id='word_1_288' title='bbox 542 4111 611 4197; x_wconf 86' lang='lat' dir='ltr'><strong>ipsa</strong></span> <span class='ocrx_word' id='word_1_289' title='bbox 625 4108 843 4176; x_wconf 74' lang='lat' dir='ltr'><strong>caedebantur.</strong></span> <span class='ocrx_word' id='word_1_290' title='bbox 865 4107 1038 4196; x_wconf 88' lang='lat' dir='ltr'><strong>quinetiam</strong></span> <span class='ocrx_word' id='word_1_291' title='bbox 1053 4128 1136 4170; x_wconf 87' lang='lat' dir='ltr'><strong>non·</strong></span> 
     </span>
     <span class='ocr_line' id='line_1_44' title="bbox 96 4194 1137 4284; baseline -0.007 -23"><span class='ocrx_word' id='word_1_292' title='bbox 96 4197 171 4264; x_wconf 91' lang='lat' dir='ltr'><strong>nulli</strong></span> <span class='ocrx_word' id='word_1_293' title='bbox 186 4223 283 4267; x_wconf 88' lang='lat' dir='ltr'><strong>muro</strong></span> <span class='ocrx_word' id='word_1_294' title='bbox 305 4200 503 4284; x_wconf 81' lang='lat' dir='ltr'><strong>circumsepti</strong></span> <span class='ocrx_word' id='word_1_295' title='bbox 524 4200 557 4264; x_wconf 91' lang='lat' dir='ltr'><strong>in</strong></span> <span class='ocrx_word' id='word_1_296' title='bbox 573 4198 691 4264; x_wconf 80' lang='lat' dir='ltr'><strong>Bocchi</strong></span> <span class='ocrx_word' id='word_1_297' title='bbox 709 4195 934 4281; x_wconf 84' lang='lat' dir='ltr'><strong>templo,sume</strong></span> <span class='ocrx_word' id='word_1_298' title='bbox 948 4194 1051 4276; x_wconf 76' lang='lat' dir='ltr'><strong>necati</strong></span> <span class='ocrx_word' id='word_1_299' title='bbox 1063 4211 1137 4278; x_wconf 81' lang='lat' dir='ltr'><strong>per·-</strong></span> 
     </span>
    </p>
   </div>
   <div class='ocr_carea' id='block_1_5' title="bbox 0 0 1502 4788">
    <p class='ocr_par' dir='ltr' id='par_1_8' title="bbox 0 0 1502 4788">
     <span class='ocr_line' id='line_1_45' title="bbox 0 0 1502 4788; baseline 0 0"><span class='ocrx_word' id='word_1_300' title='bbox 0 0 1502 4788; x_wconf 95' lang='lat' dir='ltr'><strong> </strong></span> 
     </span>
    </p>
   </div>
  </div>
 </body>
</html>
