3004 4768
331 289 395 356 ste
710 283 1018 356 THUCi'DlDlS

233 477 294 524 aen
329 481 417 524 mam
433 481 488 524 eos
502 458 661 536 turbabat,
678 457 773 546 idque
788 473 918 544 propter
940 457 1111 523 nmaimam
1135 455 1279 520 locorum
1294 475 1370 538 pro-

219 541 312 655 ,Ἠ
329 547 551 648 ninquitatem,
564 546 590 610 si
606 545 711 696 hostes
724 545 832 612 ausuri
845 557 959 695 essgnt,
975 545 1113 695 11:233ss
1125 539 1372 692 3)ιί11ιὶἑίἑέὤῖ

213 670 314 784 Ἣ
327 647 452 784 iiiiii]
464 653 629 803 iidsriiffi
638 653 1097 803 jiffii'eisilidipiiahautur.
1143 714 1194 792 ld,
1205 673 1292 815 quod
1307 715 1371 814 ilii,

229 801 257 846 ⁰·
270 803 298 848 ⁰·
328 805 553 872 mendaciores
573 801 714 881 fuissent,
730 802 822 868 facile
842 803 1006 880 iecissent3
1028 816 1061 868 et
1082 801 1178 884 longe
1192 823 1295 886 majus
1308 801 1372 864 dra·

228 864 298 979 iffi
327 891 444 956 sidiam
460 891 494 954 in
510 889 589 956 urbe
603 891 804 968 excitassent,
820 893 846 954 si
862 913 929 954 eom
951 892 1019 954 iilic
1040 901 1206 952 manentes
1228 885 1372 951 obsedis-

327 991 408 1056 sent,
429 991 462 1042 et
480 979 611 1042 classem
635 977 677 1042 ab
704 976 796 1040 Ionia
821 975 896 1041 licet
920 975 1101 1040 dominatui
1123 994 1301 1058 paucorum
1320 973 1372 1035 in-
1497 1021 1498 1044 ,

325 1064 450 1144 imunt,
474 1075 577 1128 tamen
603 1063 664 1128 iilis
689 1083 797 1126 secam
821 1061 1012 1146 cognatione
1036 1061 1216 1147 conjunctis
1239 1073 1271 1123 et
1299 1061 1373 1122 uni-

325 1171 424 1216 rsrsae
437 1150 556 1215 civitati
572 1169 758 1214 succurrere
772 1149 956 1233 coegissent.
1002 1149 1129 1212 Interea
1148 1169 1224 1210 vero
1238 1159 1272 1210 et
1288 1145 1374 1209 Hei·

325 1235 501 1322 iespontua
516 1249 548 1300 et
571 1236 671 1311 lonis.
686 1249 719 1300 et
741 1235 865 1310 insulae,
881 1247 915 1298 et
936 1237 1038 1298 omnia
1062 1235 1132 1298 ioca
1154 1235 1193 1296 ad
1209 1231 1371 1296 Euboeam

325 1343 436 1424 usque·
448 1323 653 1422 pertinentia,
667 1336 700 1387 et
727 1324 777 1402 (nt
795 1322 840 1386 ita
863 1321 989 1408 loquer)
1005 1343 1100 1385 omne
1122 1318 1372 1384 Atheniensium

323 1429 493 1494 imperium
509 1429 541 1471 m
559 1409 700 1490 ipsorum
715 1421 902 1492 potestatem
925 1407 1070 1472 venisset.
1115 1405 1237 1470 Verum
1252 1427 1321 1468 non
1337 1405 1370 1468 in
1497 1441 1498 1472 i

322 1517 362 1558 ea
376 1516 410 1558 re
424 1507 548 1560 tantum
566 1493 803 1559 Lacedaemonii
820 1493 1069 1559 Atheniensibus
1090 1493 1236 1556 omnium
1258 1493 1370 1554 adaer-

320 1583 473 1645 sariomnr
499 1581 639 1645 maxime
666 1579 829 1644 commodi
856 1581 888 1644 in
917 1580 1000 1643 belia
1027 1600 1093 1643 cum
1118 1582 1197 1662 ipris
1224 1579 1372 1662 gerendo

321 1665 467 1740 iireruntz
491 1665 641 1730 sedatio
657 1666 727 1731 aliis
744 1666 861 1730 multia.
906 1667 991 1730 Cum
1012 1666 1096 1730 enim
1118 1663 1263 1729 moribus
1278 1685 1371 1727 max-

321 1754 385 1817 inte
406 1751 572 1817 differrent
587 1757 674 1837 (narn
700 1751 745 1817 iiii
772 1753 913 1838 quidem,
935 1755 1072 1828 celeres3
1096 1751 1241 1825 bivero,
1265 1748 1370 1814 tardi:
1497 1791 1498 1810 2

319 1851 353 1904 ct
374 1838 421 1903 illi
443 1837 583 1926 quidem,
611 1838 652 1904 sd
674 1860 724 1904 rea
746 1839 977 1925 aggrediendas
1000 1839 1137 1924 promti3
1159 1836 1195 1901 hi
1217 1857 1305 1913 vero,
1328 1836 1371 1900 ti-

319 1924 412 2006 midi,
427 1925 589 2010 proecipue
604 1947 679 1990 vero
699 1924 850 1990 adversus
876 1947 942 2004 eos,
956 1927 1011 2011 qui
1027 1923 1126 1989 classe
1141 1922 1277 1988 multum
1294 1937 1371 2007 pot·

319 2016 437 2094 erant),
468 2011 642 2096 pinninum
669 2011 906 2078 Atheniensibus
934 2014 1117 2096 proderant.
1172 2009 1370 2095 Syracusani

319 2112 427 2163 autern
452 2099 508 2162 iroc
534 2097 804 2163 demonstrarunt.
852 2099 936 2162 Nam
958 2119 1032 2163 cum
1058 2097 1202 2160 moribus
1226 2096 1370 2160 maxime

319 2183 436 2284 simiies
451 2185 514 2250 iliis
526 2197 640 2262 meent,
656 2184 777 2270 optime
791 2187 886 2250 etiam
909 2184 1058 2250 adversm
1080 2186 1151 2248 ilias
1171 2182 1292 2248 bellum
1308 2182 1371 2247 ad-

322 2283 554 2335 ministrarunt.

227 2371 293 2418 Anu
369 2362 424 2424 97.
447 2355 658 2422 Athenienses
671 2355 770 2444 igitur
790 2366 923 2440 propter
945 2355 1031 2420 hunc
1053 2355 1372 2438 nomiomacensis

198 2435 257 2483 ³¹¹⁰*
270 2433 312 2484 ²⁴·
324 2453 422 2508 esent
434 2445 550 2508 animis
562 2445 760 2518 commeari,
776 2441 886 2527 viginti
902 2455 1007 2506 tamen
1023 2464 1119 2507 naves
1133 2443 1369 2518 instruxerunt,

322 2541 355 2593 et
376 2529 564 2594 concionem
584 2541 768 2614 coegerunt,
792 2548 888 2592 unam
908 2529 1038 2614 quidem
1059 2529 1176 2604 statim,
1200 2541 1278 2591 tnnc
1299 2528 1370 2612 pri-

321 2637 422 2692 mum,
437 2615 470 2678 in
485 2637 558 2680 eum
574 2613 690 2690 locum,
707 2635 802 2698 quern
828 2613 1078 2700 Pnycorocant,
1096 2615 1152 2679 abi
1173 2615 1269 2678 etiam
1285 2614 1366 2678 alias
1497 2617 1498 2702 ,

317 2703 444 2766 sortitio
465 2699 578 2765 habere
601 2715 840 2766 consueverant.
885 2702 922 2766 ln
946 2723 1010 2785 qua
1028 2704 1184 2779 coercione,
1209 2699 1367 2786 quadrin-
1497 2761 1498 2796 i

382 2787 422 2852 tis
437 2787 512 2850 viris
533 2787 657 2864 amotis,
674 2808 780 2852 rerum
802 2786 1112 2852 administrationem
1133 2788 1277 2873 quinque
1291 2786 1367 2850 mii-

334 2873 405 2938 ibus
426 2873 552 2939 tradere
576 2872 794 2942 decreverunt.
840 2871 892 2936 Ex
916 2873 978 2937 hoc
1002 2885 1109 2939 autem
1136 2895 1273 2938 numero
1296 2875 1368 2938 iilos

318 2981 420 3026 ornnes
440 2981 507 3024 esse
528 2962 697 3038 aolurrrmt,
708 2973 867 3046 quotquot
891 2979 983 3024 arma
1003 2971 1177 3046 gestarent.
1222 2958 1293 3024 Nec
1316 2959 1367 3024 ni-

319 3045 383 3110 lam
399 3045 577 3112 mercedem
593 3045 689 3110 nitius
712 3047 915 3132 magistratus
938 3047 1041 3134 gratia
1063 3047 1104 3111 ab
1124 3049 1189 3110 alio
1202 3045 1366 3129 aecipien-

318 3132 392 3196 dam
408 3155 476 3198 esse
489 3142 675 3198 emicat.
722 3131 790 3196 Nisi
807 3151 882 3196 vero
903 3134 958 3216 qui
970 3135 1173 3217 magistratus
1185 3135 1364 3218 gessissent,

320 3221 367 3281 ita
379 3220 543 3304 fecissent,
567 3241 643 3290 aaa,
670 3220 725 3302 qui
749 3219 911 3283 mercedest
933 3221 1107 3302 accepisset,
1133 3217 1362 3284 exsecrabilem

318 3325 387 3368 ease
395 3306 567 3389 jusserunt.
614 3305 730 3368 Postea
743 3325 820 3370 rero
833 3319 864 3370 et
886 3303 958 3370 aliae
976 3307 1098 3370 crebrae
1119 3306 1289 3370 conciones
1304 3305 1363 3368 ha-

318 3389 394 3454 bitae
408 3404 493 3469 sunt,
510 3392 542 3454 in
557 3390 674 3477 quibua
687 3403 721 3456 et
742 3389 975 3479 legumlatorea
991 3403 1024 3456 et
1042 3404 1161 3456 caetera
1173 3391 1216 3456 sd
1231 3392 1362 3476 reipub-

317 3475 389 3540 licae
418 3476 723 3542 administrationem
749 3477 941 3562 pertinentia
961 3479 1207 3544 consueuerant.
1252 3479 1364 3564 Atque

318 3563 412 3713 {iit
427 3563 1362 3716 attentarint{instaurarent

316 3759 647 3887 ..1
1142 3755 1361 3888 33333·

420 3866 431 3898 ,
1097 3871 1106 3888 .
1250 3847 1290 3887 au

318 3908 457 3990 primum
479 3910 637 3974 civitatem
660 3910 704 3974 ob
729 3931 779 3974 res
800 3909 944 3974 adversas
965 3909 1114 3974 afflictam
1135 3909 1245 3975 erexit.
1292 3911 1359 3974 Dc-

315 4009 484 4060 creverunt
497 3997 593 4061 edam
611 3995 816 4073 Alcibiadem,
832 4007 1037 4083 caeterosque,
1069 3998 1190 4076 uicum
1202 4018 1241 4061 eo
1252 4012 1358 4074 erant,

316 4081 352 4143 in
362 4085 503 4163 patriam
519 4081 721 4148 reuocandos.
767 4083 878 4158 Quare
891 4103 965 4147 cum
987 4084 1026 4147 ad
1046 4020 1147 4160 iilum,
1161 4097 1229 4148 tum
1244 4083 1286 4148 ad
1301 4106 1358 4147 ex-

315 4167 461 4248 ercitum,
484 4169 539 4257 qui
567 4169 655 4236 Sami
673 4182 752 4251 erat,
777 4171 871 4235 misso
893 4171 1010 4247 narnia,
1027 4193 1076 4235 res
1097 4191 1269 4256 capessere,
1287 4170 1359 4256 jus·

317 4267 437 4319 serunt.
