<?xml version="1.0" encoding="UTF-8"?>
<!DOCTYPE html PUBLIC "-//W3C//DTD XHTML 1.0 Transitional//EN"
    "http://www.w3.org/TR/xhtml1/DTD/xhtml1-transitional.dtd">
<html xmlns="http://www.w3.org/1999/xhtml" xml:lang="en" lang="en">
 <head>
  <title>
</title>
<meta http-equiv="Content-Type" content="text/html;charset=utf-8" />
  <meta name='ocr-system' content='tesseract 3.04.00' />
  <meta name='ocr-capabilities' content='ocr_page ocr_carea ocr_par ocr_line ocrx_word'/>
</head>
<body>
  <div class='ocr_page' id='page_1' title='image "./thucydidisdebel00wassgoog_0480.png"; bbox 0 0 3004 4768; ppageno 0'>
   <div class='ocr_carea' id='block_1_1' title="bbox 322 269 993 348">
    <p class='ocr_par' dir='ltr' id='par_1_1' title="bbox 322 269 993 348">
     <span class='ocr_line' id='line_1_1' title="bbox 322 269 993 348; baseline -0.001 -5"><span class='ocrx_word' id='word_1_1' title='bbox 322 285 387 348; x_wconf 80' lang='lat'><strong>472</strong></span> <span class='ocrx_word' id='word_1_2' title='bbox 689 269 993 342; x_wconf 76' lang='lat' dir='ltr'><strong>THUCYDIDIS</strong></span> 
     </span>
    </p>
   </div>
   <div class='ocr_carea' id='block_1_2' title="bbox 208 441 1488 4048">
    <p class='ocr_par' dir='ltr' id='par_1_2' title="bbox 208 441 1488 4048">
     <span class='ocr_line' id='line_1_2' title="bbox 229 441 1362 536; baseline -0.004 -24"><span class='ocrx_word' id='word_1_3' title='bbox 229 441 293 514; x_wconf 71' lang='lat' dir='ltr'><strong>sert</strong></span> <span class='ocrx_word' id='word_1_4' title='bbox 364 457 416 516; x_wconf 74' lang='grc'><strong>23.</strong></span> <span class='ocrx_word' id='word_1_5' title='bbox 441 446 622 536; x_wconf 84' lang='lat' dir='ltr'><strong>Astyochus</strong></span> <span class='ocrx_word' id='word_1_6' title='bbox 637 467 724 528; x_wconf 82' lang='lat' dir='ltr'><strong>sero,</strong></span> <span class='ocrx_word' id='word_1_7' title='bbox 741 445 1059 516; x_wconf 80' lang='lat' dir='ltr'><strong>Lacedssmoniorum</strong></span> <span class='ocrx_word' id='word_1_8' title='bbox 1081 441 1270 522; x_wconf 69' lang='lat' dir='ltr'><strong>navarchus,</strong></span> <span class='ocrx_word' id='word_1_9' title='bbox 1287 465 1362 508; x_wconf 87' lang='lat' dir='ltr'><strong>enm</strong></span> 
     </span>
     <span class='ocr_line' id='line_1_3' title="bbox 218 527 1488 622; baseline -0.008 -20"><span class='ocrx_word' id='word_1_10' title='bbox 218 527 302 590; x_wconf 56' lang='lat' dir='ltr'><strong>“bb</strong></span> <span class='ocrx_word' id='word_1_11' title='bbox 321 547 457 622; x_wconf 77' lang='lat' dir='ltr'><strong>quatuor</strong></span> <span class='ocrx_word' id='word_1_12' title='bbox 470 533 602 600; x_wconf 77' lang='lat' dir='ltr'><strong>navibus</strong></span> <span class='ocrx_word' id='word_1_13' title='bbox 617 556 635 599; x_wconf 92' lang='lat' dir='ltr'><strong>e</strong></span> <span class='ocrx_word' id='word_1_14' title='bbox 650 532 820 598; x_wconf 77' lang='lat' dir='ltr'>Cenchreis</span> <span class='ocrx_word' id='word_1_15' title='bbox 841 535 1005 621; x_wconf 70' lang='lat' dir='ltr'><strong>navigans,</strong></span> <span class='ocrx_word' id='word_1_16' title='bbox 1020 531 1054 596; x_wconf 94' lang='lat' dir='ltr'><strong>in</strong></span> <span class='ocrx_word' id='word_1_17' title='bbox 1070 529 1188 596; x_wconf 92' lang='lat' dir='ltr'><strong>Chium</strong></span> <span class='ocrx_word' id='word_1_18' title='bbox 1203 531 1361 616; x_wconf 85' lang='lat' dir='ltr'><strong>pervenit,</strong></span> <span class='ocrx_word' id='word_1_19' title='bbox 1487 565 1488 620; x_wconf 42' lang='lat'><em>4</em></span> 
     </span>
     <span class='ocr_line' id='line_1_4' title="bbox 208 591 1488 708; baseline -0.005 -22"><span class='ocrx_word' id='word_1_20' title='bbox 208 591 293 708; x_wconf 46' lang='lat'><strong>31¹⁸?</strong></span> <span class='ocrx_word' id='word_1_21' title='bbox 294 623 302 640; x_wconf 76' lang='lat'><em>⁶</em></span> <span class='ocrx_word' id='word_1_22' title='bbox 321 620 588 707; x_wconf 73' lang='lat' dir='ltr'><strong>quemadmodum</strong></span> <span class='ocrx_word' id='word_1_23' title='bbox 610 621 684 684; x_wconf 80' lang='lat' dir='ltr'><strong>illuc</strong></span> <span class='ocrx_word' id='word_1_24' title='bbox 703 621 797 684; x_wconf 81' lang='lat' dir='ltr'><strong>initio</strong></span> <span class='ocrx_word' id='word_1_25' title='bbox 812 623 977 704; x_wconf 80' lang='lat' dir='ltr'><strong>pervenire</strong></span> <span class='ocrx_word' id='word_1_26' title='bbox 999 617 1200 703; x_wconf 84' lang='lat' dir='ltr'><strong>properabat</strong></span> <span class='ocrx_word' id='word_1_27' title='bbox 1247 615 1362 682; x_wconf 85' lang='lat' dir='ltr'><strong>Tertio</strong></span> <span class='ocrx_word' id='word_1_28' title='bbox 1486 649 1488 672; x_wconf 61' lang='grc' dir='ltr'>ι</span> 
     </span>
     <span class='ocr_line' id='line_1_5' title="bbox 221 670 1363 792; baseline -0.006 -18"><span class='ocrx_word' id='word_1_29' title='bbox 221 674 255 786; x_wconf 59' lang='lat' dir='ltr'><strong>ny,</strong></span> <span class='ocrx_word' id='word_1_30' title='bbox 272 670 307 774; x_wconf 67' lang='lat' dir='ltr'><strong>tp</strong></span> <span class='ocrx_word' id='word_1_31' title='bbox 321 721 425 774; x_wconf 83' lang='lat' dir='ltr'><strong>sutem</strong></span> <span class='ocrx_word' id='word_1_32' title='bbox 448 707 510 783; x_wconf 91' lang='lat' dir='ltr'><strong>die,</strong></span> <span class='ocrx_word' id='word_1_33' title='bbox 534 727 628 791; x_wconf 90' lang='lat' dir='ltr'><strong>quam</strong></span> <span class='ocrx_word' id='word_1_34' title='bbox 651 704 704 769; x_wconf 92' lang='lat' dir='ltr'><strong>ille</strong></span> <span class='ocrx_word' id='word_1_35' title='bbox 724 706 879 790; x_wconf 86' lang='lat' dir='ltr'><strong>persenit,</strong></span> <span class='ocrx_word' id='word_1_36' title='bbox 895 705 1037 792; x_wconf 90' lang='lat' dir='ltr'><strong>quinque</strong></span> <span class='ocrx_word' id='word_1_37' title='bbox 1057 717 1090 769; x_wconf 90' lang='lat' dir='ltr'><strong>et</strong></span> <span class='ocrx_word' id='word_1_38' title='bbox 1110 703 1225 790; x_wconf 83' lang='lat' dir='ltr'><strong>viginti</strong></span> <span class='ocrx_word' id='word_1_39' title='bbox 1241 702 1363 768; x_wconf 72' lang='lat' dir='ltr'><strong>Attice</strong></span> 
     </span>
     <span class='ocr_line' id='line_1_6' title="bbox 220 780 1363 879; baseline -0.002 -23"><span class='ocrx_word' id='word_1_40' title='bbox 220 780 292 868; x_wconf 59' lang='grc' dir='ltr'><strong>ἢὸ.</strong></span> <span class='ocrx_word' id='word_1_41' title='bbox 319 814 415 858; x_wconf 81' lang='lat' dir='ltr'><strong>naves</strong></span> <span class='ocrx_word' id='word_1_42' title='bbox 444 791 484 856; x_wconf 81' lang='lat' dir='ltr'><strong>sd</strong></span> <span class='ocrx_word' id='word_1_43' title='bbox 513 791 651 856; x_wconf 84' lang='lat' dir='ltr'><strong>Lesbum</strong></span> <span class='ocrx_word' id='word_1_44' title='bbox 680 791 883 876; x_wconf 79' lang='lat' dir='ltr'><strong>appulerunt,</strong></span> <span class='ocrx_word' id='word_1_45' title='bbox 907 790 1023 879; x_wconf 85' lang='lat' dir='ltr'><strong>quibus</strong></span> <span class='ocrx_word' id='word_1_46' title='bbox 1053 802 1189 874; x_wconf 83' lang='lat' dir='ltr'><strong>proeeret</strong></span> <span class='ocrx_word' id='word_1_47' title='bbox 1214 787 1308 854; x_wconf 89' lang='lat' dir='ltr'><strong>Leon</strong></span> <span class='ocrx_word' id='word_1_48' title='bbox 1333 801 1363 854; x_wconf 85' lang='lat' dir='ltr'><strong>et</strong></span> 
     </span>
     <span class='ocr_line' id='line_1_7' title="bbox 220 873 1363 952; baseline -0.006 -7"><span class='ocrx_word' id='word_1_49' title='bbox 220 883 290 930; x_wconf 76' lang='lat' dir='ltr'><strong>vm.</strong></span> <span class='ocrx_word' id='word_1_50' title='bbox 319 878 513 944; x_wconf 86' lang='lat' dir='ltr'><strong>Diomedon.</strong></span> <span class='ocrx_word' id='word_1_51' title='bbox 557 877 648 942; x_wconf 89' lang='lat' dir='ltr'><strong>Leon</strong></span> <span class='ocrx_word' id='word_1_52' title='bbox 662 877 746 942; x_wconf 89' lang='lat' dir='ltr'><strong>enim</strong></span> <span class='ocrx_word' id='word_1_53' title='bbox 762 899 835 942; x_wconf 90' lang='lat' dir='ltr'><strong>cum</strong></span> <span class='ocrx_word' id='word_1_54' title='bbox 850 877 919 942; x_wconf 82' lang='lat' dir='ltr'><strong>aliis</strong></span> <span class='ocrx_word' id='word_1_55' title='bbox 933 877 1043 942; x_wconf 85' lang='lat' dir='ltr'><strong>decem</strong></span> <span class='ocrx_word' id='word_1_56' title='bbox 1064 876 1207 952; x_wconf 83' lang='lat' dir='ltr'><strong>neribus,</strong></span> <span class='ocrx_word' id='word_1_57' title='bbox 1223 873 1363 938; x_wconf 80' lang='lat' dir='ltr'><strong>Athenis</strong></span> 
     </span>
     <span class='ocr_line' id='line_1_8' title="bbox 225 945 1364 1049; baseline -0.004 -21"><span class='ocrx_word' id='word_1_58' title='bbox 225 945 286 1014; x_wconf 58' lang='lat'><strong>‘⁰4⁴3’</strong></span> <span class='ocrx_word' id='word_1_59' title='bbox 318 979 427 1049; x_wconf 86' lang='lat' dir='ltr'><strong>postes</strong></span> <span class='ocrx_word' id='word_1_60' title='bbox 466 963 612 1041; x_wconf 86' lang='lat' dir='ltr'><strong>rofectus,</strong></span> <span class='ocrx_word' id='word_1_61' title='bbox 626 961 667 1028; x_wconf 84' lang='lat' dir='ltr'><strong>sd</strong></span> <span class='ocrx_word' id='word_1_62' title='bbox 689 983 783 1048; x_wconf 90' lang='lat' dir='ltr'><strong>opem</strong></span> <span class='ocrx_word' id='word_1_63' title='bbox 805 965 868 1032; x_wconf 80' lang='lat' dir='ltr'><strong>suis</strong></span> <span class='ocrx_word' id='word_1_64' title='bbox 888 962 1049 1028; x_wconf 82' lang='lat' dir='ltr'><strong>ferendam</strong></span> <span class='ocrx_word' id='word_1_65' title='bbox 1065 974 1203 1026; x_wconf 82' lang='lat' dir='ltr'><strong>venerat.</strong></span> <span class='ocrx_word' id='word_1_66' title='bbox 1251 959 1317 1026; x_wconf 88' lang='lat' dir='ltr'><strong>Sed</strong></span> <span class='ocrx_word' id='word_1_67' title='bbox 1332 971 1364 1024; x_wconf 88' lang='lat' dir='ltr'><strong>et</strong></span> 
     </span>
     <span class='ocr_line' id='line_1_9' title="bbox 320 987 1363 1136; baseline -0.007 -20"><span class='ocrx_word' id='word_1_68' title='bbox 320 987 511 1136; x_wconf 64' lang='lat' dir='ltr'><strong>Astyocbbs,</strong></span> <span class='ocrx_word' id='word_1_69' title='bbox 539 1049 650 1114; x_wconf 90' lang='lat' dir='ltr'><strong>eodem</strong></span> <span class='ocrx_word' id='word_1_70' title='bbox 680 1048 732 1114; x_wconf 90' lang='lat' dir='ltr'><strong>die</strong></span> <span class='ocrx_word' id='word_1_71' title='bbox 755 1049 823 1135; x_wconf 90' lang='lat' dir='ltr'><strong>jam</strong></span> <span class='ocrx_word' id='word_1_72' title='bbox 848 1050 1137 1133; x_wconf 75' lang='lat' dir='ltr'><strong>advesperascente,</strong></span> <span class='ocrx_word' id='word_1_73' title='bbox 1164 1067 1238 1112; x_wconf 87' lang='lat' dir='ltr'><strong>cum</strong></span> <span class='ocrx_word' id='word_1_74' title='bbox 1264 1057 1363 1130; x_wconf 88' lang='lat' dir='ltr'><strong>portu</strong></span> 
     </span>
     <span class='ocr_line' id='line_1_10' title="bbox 319 1131 1363 1213; baseline -0.002 -13"><span class='ocrx_word' id='word_1_75' title='bbox 319 1136 471 1213; x_wconf 80' lang='lat' dir='ltr'><strong>solvisset,</strong></span> <span class='ocrx_word' id='word_1_76' title='bbox 487 1148 520 1199; x_wconf 93' lang='lat' dir='ltr'><strong>et</strong></span> <span class='ocrx_word' id='word_1_77' title='bbox 542 1156 638 1200; x_wconf 83' lang='lat' dir='ltr'><strong>unum</strong></span> <span class='ocrx_word' id='word_1_78' title='bbox 662 1133 777 1202; x_wconf 79' lang='lat' dir='ltr'><strong>Chiam</strong></span> <span class='ocrx_word' id='word_1_79' title='bbox 800 1156 912 1200; x_wconf 84' lang='lat' dir='ltr'><strong>navem</strong></span> <span class='ocrx_word' id='word_1_80' title='bbox 935 1134 1138 1210; x_wconf 76' lang='lat' dir='ltr'><strong>assumsisset,</strong></span> <span class='ocrx_word' id='word_1_81' title='bbox 1161 1133 1195 1196; x_wconf 91' lang='lat' dir='ltr'><strong>in</strong></span> <span class='ocrx_word' id='word_1_82' title='bbox 1218 1131 1363 1198; x_wconf 86' lang='lat' dir='ltr'><strong>Lesbum</strong></span> 
     </span>
     <span class='ocr_line' id='line_1_11' title="bbox 318 1217 1361 1320; baseline -0.004 -34"><span class='ocrx_word' id='word_1_83' title='bbox 318 1222 469 1310; x_wconf 80' lang='lat' dir='ltr'><strong>navigare</strong></span> <span class='ocrx_word' id='word_1_84' title='bbox 483 1221 593 1307; x_wconf 89' lang='lat' dir='ltr'><strong>coepit,</strong></span> <span class='ocrx_word' id='word_1_85' title='bbox 605 1233 650 1299; x_wconf 93' lang='lat' dir='ltr'><strong>ut,</strong></span> <span class='ocrx_word' id='word_1_86' title='bbox 665 1221 691 1320; x_wconf 74' lang='lat' dir='ltr'><strong>si</strong></span> <span class='ocrx_word' id='word_1_87' title='bbox 705 1221 781 1320; x_wconf 66' lang='lat' dir='ltr'><strong>quid</strong></span> <span class='ocrx_word' id='word_1_88' title='bbox 797 1234 913 1306; x_wconf 84' lang='lat' dir='ltr'><strong>posset,</strong></span> <span class='ocrx_word' id='word_1_89' title='bbox 928 1219 1053 1320; x_wconf 52' lang='lat' dir='ltr'><strong>{estiis</strong></span> <span class='ocrx_word' id='word_1_90' title='bbox 1068 1217 1243 1302; x_wconf 85' lang='lat' dir='ltr'><strong>prodesset.</strong></span> <span class='ocrx_word' id='word_1_91' title='bbox 1275 1217 1361 1318; x_wconf 70' lang='grc' dir='ltr'><strong>Ι(ὶιιιιι</strong></span> 
     </span>
     <span class='ocr_line' id='line_1_12' title="bbox 318 1305 1364 1478; baseline -0.003 -22"><span class='ocrx_word' id='word_1_92' title='bbox 318 1305 756 1478; x_wconf 56' lang='lat' dir='ltr'><strong>lltlltltllffltlllll</strong></span> <span class='ocrx_word' id='word_1_93' title='bbox 770 1305 1364 1476; x_wconf 55' lang='lat' dir='ltr'><strong>tth&#39;tlttlltlllhttffl</strong></span> 
     </span>
     <span class='ocr_line' id='line_1_13' title="bbox 318 1477 1363 1578; baseline 0 -36"><span class='ocrx_word' id='word_1_94' title='bbox 318 1491 443 1564; x_wconf 75' lang='lat' dir='ltr'><strong>captam</strong></span> <span class='ocrx_word' id='word_1_95' title='bbox 461 1477 564 1542; x_wconf 87' lang='lat' dir='ltr'><strong>fuisse.</strong></span> <span class='ocrx_word' id='word_1_96' title='bbox 610 1477 694 1542; x_wconf 81' lang='lat' dir='ltr'><strong>Nam</strong></span> <span class='ocrx_word' id='word_1_97' title='bbox 718 1478 938 1555; x_wconf 81' lang='lat' dir='ltr'><strong>Athenienses,</strong></span> <span class='ocrx_word' id='word_1_98' title='bbox 952 1491 989 1543; x_wconf 91' lang='lat' dir='ltr'><strong>ut</strong></span> <span class='ocrx_word' id='word_1_99' title='bbox 1010 1500 1048 1544; x_wconf 83' lang='lat' dir='ltr'><strong>ex</strong></span> <span class='ocrx_word' id='word_1_100' title='bbox 1072 1477 1246 1562; x_wconf 84' lang='lat' dir='ltr'><strong>improviso</strong></span> <span class='ocrx_word' id='word_1_101' title='bbox 1267 1498 1363 1578; x_wconf 74' lang='lat' dir='ltr'><strong>uene-</strong></span> 
     </span>
     <span class='ocr_line' id='line_1_14' title="bbox 319 1563 1363 1649; baseline 0.002 -21"><span class='ocrx_word' id='word_1_102' title='bbox 319 1577 402 1642; x_wconf 85' lang='lat' dir='ltr'><strong>rant,</strong></span> <span class='ocrx_word' id='word_1_103' title='bbox 417 1563 460 1628; x_wconf 87' lang='lat' dir='ltr'><strong>sd</strong></span> <span class='ocrx_word' id='word_1_104' title='bbox 481 1575 610 1647; x_wconf 88' lang='lat' dir='ltr'><strong>portum</strong></span> <span class='ocrx_word' id='word_1_105' title='bbox 632 1563 766 1649; x_wconf 82' lang='lat' dir='ltr'><strong>appulsi,</strong></span> <span class='ocrx_word' id='word_1_106' title='bbox 782 1586 877 1632; x_wconf 85' lang='lat' dir='ltr'><strong>naves</strong></span> <span class='ocrx_word' id='word_1_107' title='bbox 900 1563 999 1630; x_wconf 88' lang='lat' dir='ltr'><strong>Chias</strong></span> <span class='ocrx_word' id='word_1_108' title='bbox 1020 1573 1260 1649; x_wconf 76' lang='lat' dir='ltr'><strong>superaverunt,</strong></span> <span class='ocrx_word' id='word_1_109' title='bbox 1275 1577 1310 1629; x_wconf 89' lang='lat' dir='ltr'><strong>et</strong></span> <span class='ocrx_word' id='word_1_110' title='bbox 1329 1585 1363 1630; x_wconf 91' lang='grc' dir='ltr'><strong>ιιι</strong></span> 
     </span>
     <span class='ocr_line' id='line_1_15' title="bbox 319 1649 1362 1737; baseline -0.002 -21"><span class='ocrx_word' id='word_1_111' title='bbox 319 1663 436 1716; x_wconf 87' lang='lat' dir='ltr'><strong>terram</strong></span> <span class='ocrx_word' id='word_1_112' title='bbox 451 1651 577 1737; x_wconf 80' lang='lat' dir='ltr'><strong>egressi,</strong></span> <span class='ocrx_word' id='word_1_113' title='bbox 595 1650 642 1728; x_wconf 91' lang='lat' dir='ltr'><strong>iis,</strong></span> <span class='ocrx_word' id='word_1_114' title='bbox 658 1651 713 1736; x_wconf 90' lang='lat' dir='ltr'><strong>qui</strong></span> <span class='ocrx_word' id='word_1_115' title='bbox 733 1650 931 1732; x_wconf 77' lang='lat' dir='ltr'><strong>obstiterant,</strong></span> <span class='ocrx_word' id='word_1_116' title='bbox 946 1650 1061 1736; x_wconf 86' lang='lat' dir='ltr'><strong>proelio</strong></span> <span class='ocrx_word' id='word_1_117' title='bbox 1076 1649 1176 1728; x_wconf 85' lang='lat' dir='ltr'><strong>victis,</strong></span> <span class='ocrx_word' id='word_1_118' title='bbox 1191 1649 1310 1716; x_wconf 88' lang='lat' dir='ltr'><strong>urbem</strong></span> <span class='ocrx_word' id='word_1_119' title='bbox 1330 1651 1362 1714; x_wconf 91' lang='lat' dir='ltr'><strong>in</strong></span> 
     </span>
     <span class='ocr_line' id='line_1_16' title="bbox 317 1734 1364 1824; baseline 0 -22"><span class='ocrx_word' id='word_1_120' title='bbox 317 1757 407 1802; x_wconf 84' lang='lat' dir='ltr'><strong>susm</strong></span> <span class='ocrx_word' id='word_1_121' title='bbox 423 1745 610 1820; x_wconf 88' lang='lat' dir='ltr'><strong>potestatem</strong></span> <span class='ocrx_word' id='word_1_122' title='bbox 631 1737 830 1824; x_wconf 84' lang='lat' dir='ltr'><strong>redegerunt.</strong></span> <span class='ocrx_word' id='word_1_123' title='bbox 876 1737 961 1814; x_wconf 71' lang='lat' dir='ltr'><strong>Qus</strong></span> <span class='ocrx_word' id='word_1_124' title='bbox 982 1757 1055 1802; x_wconf 90' lang='lat' dir='ltr'><strong>cum</strong></span> <span class='ocrx_word' id='word_1_125' title='bbox 1072 1734 1255 1822; x_wconf 79' lang='lat' dir='ltr'><strong>Astyochus</strong></span> <span class='ocrx_word' id='word_1_126' title='bbox 1268 1735 1364 1802; x_wconf 86' lang='lat' dir='ltr'><strong>intel-</strong></span> 
     </span>
     <span class='ocr_line' id='line_1_17' title="bbox 317 1821 1363 1901; baseline 0.002 -15"><span class='ocrx_word' id='word_1_127' title='bbox 317 1821 445 1888; x_wconf 88' lang='lat' dir='ltr'><strong>lexisset</strong></span> <span class='ocrx_word' id='word_1_128' title='bbox 471 1833 539 1886; x_wconf 91' lang='lat' dir='ltr'><strong>tum</strong></span> <span class='ocrx_word' id='word_1_129' title='bbox 562 1844 600 1886; x_wconf 80' lang='lat' dir='ltr'><strong>es</strong></span> <span class='ocrx_word' id='word_1_130' title='bbox 623 1822 754 1887; x_wconf 77' lang='lat' dir='ltr'><strong>navibus</strong></span> <span class='ocrx_word' id='word_1_131' title='bbox 781 1823 946 1901; x_wconf 87' lang='lat' dir='ltr'><strong>Eressinis,</strong></span> <span class='ocrx_word' id='word_1_132' title='bbox 968 1837 1037 1888; x_wconf 90' lang='lat' dir='ltr'><strong>tum</strong></span> <span class='ocrx_word' id='word_1_133' title='bbox 1062 1843 1103 1886; x_wconf 82' lang='lat' dir='ltr'><strong>ex</strong></span> <span class='ocrx_word' id='word_1_134' title='bbox 1129 1821 1232 1888; x_wconf 88' lang='lat' dir='ltr'><strong>tribus</strong></span> <span class='ocrx_word' id='word_1_135' title='bbox 1258 1822 1363 1900; x_wconf 85' lang='lat' dir='ltr'><strong>Chiis,</strong></span> 
     </span>
     <span class='ocr_line' id='line_1_18' title="bbox 318 1907 1365 1996; baseline 0.002 -24"><span class='ocrx_word' id='word_1_136' title='bbox 318 1913 406 1992; x_wconf 84' lang='lat' dir='ltr'><strong>(nam</strong></span> <span class='ocrx_word' id='word_1_137' title='bbox 420 1931 459 1972; x_wconf 79' lang='lat' dir='ltr'><strong>es</strong></span> <span class='ocrx_word' id='word_1_138' title='bbox 480 1917 612 1992; x_wconf 79' lang='lat' dir='ltr'><strong>quatuor</strong></span> <span class='ocrx_word' id='word_1_139' title='bbox 633 1929 698 1973; x_wconf 88' lang='grc' dir='ltr'>ιιιιιι</span> <span class='ocrx_word' id='word_1_140' title='bbox 719 1908 761 1973; x_wconf 83' lang='lat' dir='ltr'><strong>sb</strong></span> <span class='ocrx_word' id='word_1_141' title='bbox 780 1908 1025 1974; x_wconf 85' lang='lat' dir='ltr'><strong>Atheniensibus</strong></span> <span class='ocrx_word' id='word_1_142' title='bbox 1047 1921 1141 1994; x_wconf 86' lang='lat' dir='ltr'><strong>cspta</strong></span> <span class='ocrx_word' id='word_1_143' title='bbox 1155 1907 1272 1988; x_wconf 82' lang='lat' dir='ltr'><strong>fuerat)</strong></span> <span class='ocrx_word' id='word_1_144' title='bbox 1289 1931 1365 1996; x_wconf 71' lang='lat' dir='ltr'><strong>qum</strong></span> 
     </span>
     <span class='ocr_line' id='line_1_19' title="bbox 317 1991 1364 2081; baseline -0.001 -22"><span class='ocrx_word' id='word_1_145' title='bbox 317 2015 358 2060; x_wconf 85' lang='lat' dir='ltr'><strong>ex</strong></span> <span class='ocrx_word' id='word_1_146' title='bbox 371 1991 563 2078; x_wconf 80' lang='lat' dir='ltr'><strong>Methymna</strong></span> <span class='ocrx_word' id='word_1_147' title='bbox 577 2013 652 2058; x_wconf 89' lang='lat' dir='ltr'><strong>cum</strong></span> <span class='ocrx_word' id='word_1_148' title='bbox 664 1993 793 2060; x_wconf 86' lang='lat' dir='ltr'><strong>Eubulo</strong></span> <span class='ocrx_word' id='word_1_149' title='bbox 808 1995 987 2072; x_wconf 81' lang='lat' dir='ltr'><strong>veniebant,</strong></span> <span class='ocrx_word' id='word_1_150' title='bbox 996 2017 1069 2081; x_wconf 83' lang='lat' dir='ltr'><strong>quoe</strong></span> <span class='ocrx_word' id='word_1_151' title='bbox 1084 2007 1162 2060; x_wconf 91' lang='lat' dir='ltr'><strong>tunc</strong></span> <span class='ocrx_word' id='word_1_152' title='bbox 1177 1995 1218 2058; x_wconf 86' lang='lat' dir='ltr'><strong>ub</strong></span> <span class='ocrx_word' id='word_1_153' title='bbox 1228 1996 1364 2060; x_wconf 75' lang='lat' dir='ltr'><strong>Atheni-</strong></span> 
     </span>
     <span class='ocr_line' id='line_1_20' title="bbox 315 2079 1364 2168; baseline 0 -22"><span class='ocrx_word' id='word_1_154' title='bbox 315 2079 435 2146; x_wconf 81' lang='lat' dir='ltr'><strong>ensibus</strong></span> <span class='ocrx_word' id='word_1_155' title='bbox 452 2081 645 2164; x_wconf 81' lang='lat' dir='ltr'><strong>interceptas,</strong></span> <span class='ocrx_word' id='word_1_156' title='bbox 661 2079 727 2158; x_wconf 91' lang='lat' dir='ltr'><strong>sed,</strong></span> <span class='ocrx_word' id='word_1_157' title='bbox 742 2102 841 2167; x_wconf 88' lang='lat' dir='ltr'><strong>quum</strong></span> <span class='ocrx_word' id='word_1_158' title='bbox 864 2080 1023 2168; x_wconf 86' lang='lat' dir='ltr'><strong>Mitylene</strong></span> <span class='ocrx_word' id='word_1_159' title='bbox 1043 2091 1137 2165; x_wconf 82' lang='lat' dir='ltr'><strong>capte</strong></span> <span class='ocrx_word' id='word_1_160' title='bbox 1157 2093 1215 2160; x_wconf 89' lang='lat' dir='ltr'><strong>est,</strong></span> <span class='ocrx_word' id='word_1_161' title='bbox 1230 2079 1364 2166; x_wconf 66' lang='lat' dir='ltr'><strong>elapsa,</strong></span> 
     </span>
     <span class='ocr_line' id='line_1_21' title="bbox 314 2163 1360 2252; baseline 0.004 -24"><span class='ocrx_word' id='word_1_162' title='bbox 314 2165 348 2228; x_wconf 93' lang='lat' dir='ltr'><strong>in</strong></span> <span class='ocrx_word' id='word_1_163' title='bbox 374 2165 478 2250; x_wconf 89' lang='lat' dir='ltr'><strong>ipsum</strong></span> <span class='ocrx_word' id='word_1_164' title='bbox 501 2165 687 2242; x_wconf 85' lang='lat' dir='ltr'><strong>inciderant,</strong></span> <span class='ocrx_word' id='word_1_165' title='bbox 709 2163 794 2230; x_wconf 81' lang='lat' dir='ltr'><strong>haud</strong></span> <span class='ocrx_word' id='word_1_166' title='bbox 810 2166 946 2252; x_wconf 80' lang='lat' dir='ltr'><strong>emplius</strong></span> <span class='ocrx_word' id='word_1_167' title='bbox 972 2166 1034 2232; x_wconf 89' lang='lat' dir='ltr'><strong>Mit</strong></span> <span class='ocrx_word' id='word_1_168' title='bbox 1056 2167 1150 2232; x_wconf 89' lang='lat' dir='ltr'><strong>lsnen</strong></span> <span class='ocrx_word' id='word_1_169' title='bbox 1175 2167 1360 2245; x_wconf 85' lang='lat' dir='ltr'><strong>contendit;</strong></span> 
     </span>
     <span class='ocr_line' id='line_1_22' title="bbox 316 2190 1488 2338; baseline 0.005 -24"><span class='ocrx_word' id='word_1_170' title='bbox 316 2249 372 2316; x_wconf 90' lang='lat' dir='ltr'><strong>sed</strong></span> <span class='ocrx_word' id='word_1_171' title='bbox 386 2271 460 2314; x_wconf 89' lang='lat' dir='ltr'><strong>cum</strong></span> <span class='ocrx_word' id='word_1_172' title='bbox 476 2250 625 2315; x_wconf 88' lang='lat' dir='ltr'><strong>Eressum</strong></span> <span class='ocrx_word' id='word_1_173' title='bbox 641 2250 680 2315; x_wconf 84' lang='lat' dir='ltr'><strong>nd</strong></span> <span class='ocrx_word' id='word_1_174' title='bbox 696 2250 904 2318; x_wconf 86' lang='lat' dir='ltr'><strong>defectionem</strong></span> <span class='ocrx_word' id='word_1_175' title='bbox 925 2190 1103 2318; x_wconf 73' lang='lat' dir='ltr'><strong>faciendam</strong></span> <span class='ocrx_word' id='word_1_176' title='bbox 1123 2253 1313 2338; x_wconf 83' lang='lat' dir='ltr'><strong>impulisset,</strong></span> <span class='ocrx_word' id='word_1_177' title='bbox 1329 2269 1363 2319; x_wconf 91' lang='lat' dir='ltr'><strong>et</strong></span> <span class='ocrx_word' id='word_1_178' title='bbox 1487 2315 1488 2320; x_wconf 73' lang='grc'>,</span> 
     </span>
     <span class='ocr_line' id='line_1_23' title="bbox 315 2335 1488 2417; baseline 0.003 -15"><span class='ocrx_word' id='word_1_179' title='bbox 315 2357 445 2402; x_wconf 89' lang='lat' dir='ltr'><strong>suarum</strong></span> <span class='ocrx_word' id='word_1_180' title='bbox 460 2335 555 2401; x_wconf 84' lang='lat' dir='ltr'><strong>etiem</strong></span> <span class='ocrx_word' id='word_1_181' title='bbox 570 2336 697 2402; x_wconf 78' lang='lat' dir='ltr'><strong>navium</strong></span> <span class='ocrx_word' id='word_1_182' title='bbox 713 2337 828 2404; x_wconf 81' lang='lat' dir='ltr'><strong>milites</strong></span> <span class='ocrx_word' id='word_1_183' title='bbox 847 2350 1009 2417; x_wconf 78' lang='lat' dir='ltr'><strong>armasset,</strong></span> <span class='ocrx_word' id='word_1_184' title='bbox 1026 2339 1184 2406; x_wconf 87' lang='lat' dir='ltr'><strong>Eteouico</strong></span> <span class='ocrx_word' id='word_1_185' title='bbox 1197 2338 1282 2404; x_wconf 88' lang='lat' dir='ltr'><strong>duce</strong></span> <span class='ocrx_word' id='word_1_186' title='bbox 1297 2339 1364 2406; x_wconf 89' lang='lat' dir='ltr'><strong>illis</strong></span> <span class='ocrx_word' id='word_1_187' title='bbox 1487 2339 1488 2390; x_wconf 60' lang='lat' dir='ltr'>fi</span> 
     </span>
     <span class='ocr_line' id='line_1_24' title="bbox 314 2422 1364 2512; baseline 0.004 -25"><span class='ocrx_word' id='word_1_188' title='bbox 314 2422 498 2507; x_wconf 67' lang='lat' dir='ltr'><strong>praeposito,</strong></span> <span class='ocrx_word' id='word_1_189' title='bbox 523 2423 685 2488; x_wconf 81' lang='lat' dir='ltr'><strong>Antissam</strong></span> <span class='ocrx_word' id='word_1_190' title='bbox 714 2435 746 2489; x_wconf 86' lang='lat' dir='ltr'><strong>et</strong></span> <span class='ocrx_word' id='word_1_191' title='bbox 773 2424 996 2512; x_wconf 78' lang='lat' dir='ltr'><strong>Methymnam</strong></span> <span class='ocrx_word' id='word_1_192' title='bbox 1023 2446 1131 2490; x_wconf 83' lang='lat' dir='ltr'><strong>versus</strong></span> <span class='ocrx_word' id='word_1_193' title='bbox 1154 2424 1270 2490; x_wconf 90' lang='lat' dir='ltr'><strong>itinere</strong></span> <span class='ocrx_word' id='word_1_194' title='bbox 1297 2438 1364 2491; x_wconf 83' lang='lat' dir='ltr'><strong>ter·</strong></span> 
     </span>
     <span class='ocr_line' id='line_1_25' title="bbox 314 2507 1488 2597; baseline 0.007 -26"><span class='ocrx_word' id='word_1_195' title='bbox 314 2507 409 2574; x_wconf 88' lang='lat' dir='ltr'><strong>restri</strong></span> <span class='ocrx_word' id='word_1_196' title='bbox 434 2508 591 2593; x_wconf 82' lang='lat' dir='ltr'><strong>proticisci</strong></span> <span class='ocrx_word' id='word_1_197' title='bbox 608 2508 721 2594; x_wconf 77' lang='lat' dir='ltr'><strong>jussitr</strong></span> <span class='ocrx_word' id='word_1_198' title='bbox 744 2510 814 2595; x_wconf 89' lang='lat' dir='ltr'><strong>ipse</strong></span> <span class='ocrx_word' id='word_1_199' title='bbox 836 2533 963 2597; x_wconf 87' lang='lat' dir='ltr'><strong>quoque</strong></span> <span class='ocrx_word' id='word_1_200' title='bbox 984 2533 1058 2576; x_wconf 92' lang='lat' dir='ltr'><strong>cum</strong></span> <span class='ocrx_word' id='word_1_201' title='bbox 1080 2511 1144 2576; x_wconf 87' lang='lat' dir='ltr'><strong>suis</strong></span> <span class='ocrx_word' id='word_1_202' title='bbox 1166 2511 1304 2578; x_wconf 79' lang='lat' dir='ltr'><strong>neribus</strong></span> <span class='ocrx_word' id='word_1_203' title='bbox 1328 2525 1365 2578; x_wconf 90' lang='lat' dir='ltr'><strong>et</strong></span> <span class='ocrx_word' id='word_1_204' title='bbox 1487 2533 1488 2538; x_wconf 72' lang='grc'>’</span> 
     </span>
     <span class='ocr_line' id='line_1_26' title="bbox 315 2593 1361 2682; baseline 0.005 -25"><span class='ocrx_word' id='word_1_205' title='bbox 315 2594 416 2658; x_wconf 89' lang='lat' dir='ltr'><strong>tribus</strong></span> <span class='ocrx_word' id='word_1_206' title='bbox 440 2593 529 2658; x_wconf 88' lang='lat' dir='ltr'><strong>Chiis</strong></span> <span class='ocrx_word' id='word_1_207' title='bbox 551 2593 663 2660; x_wconf 90' lang='lat' dir='ltr'><strong>eodem</strong></span> <span class='ocrx_word' id='word_1_208' title='bbox 684 2617 774 2674; x_wconf 75' lang='lat' dir='ltr'><strong>orem</strong></span> <span class='ocrx_word' id='word_1_209' title='bbox 796 2595 904 2682; x_wconf 77' lang='lat' dir='ltr'><strong>legens</strong></span> <span class='ocrx_word' id='word_1_210' title='bbox 925 2597 1100 2674; x_wconf 77' lang='lat' dir='ltr'><strong>courtendit,</strong></span> <span class='ocrx_word' id='word_1_211' title='bbox 1122 2617 1264 2681; x_wconf 80' lang='lat' dir='ltr'><strong>sperans,</strong></span> <span class='ocrx_word' id='word_1_212' title='bbox 1282 2596 1361 2662; x_wconf 85' lang='lat' dir='ltr'><strong>Me-</strong></span> 
     </span>
     <span class='ocr_line' id='line_1_27' title="bbox 315 2677 1488 2766; baseline 0.005 -22"><span class='ocrx_word' id='word_1_213' title='bbox 315 2677 504 2764; x_wconf 80' lang='lat' dir='ltr'><strong>thymnaeos,</strong></span> <span class='ocrx_word' id='word_1_214' title='bbox 524 2680 703 2765; x_wconf 86' lang='lat' dir='ltr'><strong>conspectis</strong></span> <span class='ocrx_word' id='word_1_215' title='bbox 725 2681 788 2748; x_wconf 89' lang='lat' dir='ltr'><strong>suis</strong></span> <span class='ocrx_word' id='word_1_216' title='bbox 809 2682 919 2766; x_wconf 90' lang='lat' dir='ltr'><strong>copiis,</strong></span> <span class='ocrx_word' id='word_1_217' title='bbox 942 2681 1089 2748; x_wconf 83' lang='lat' dir='ltr'><strong>fiduciam</strong></span> <span class='ocrx_word' id='word_1_218' title='bbox 1111 2684 1220 2746; x_wconf 84' lang='lat' dir='ltr'><strong>enimc</strong></span> <span class='ocrx_word' id='word_1_219' title='bbox 1242 2704 1364 2749; x_wconf 85' lang='lat' dir='ltr'><strong>conee-</strong></span> <span class='ocrx_word' id='word_1_220' title='bbox 1487 2703 1488 2710; x_wconf 53' lang='lat'>¹</span> 
     </span>
     <span class='ocr_line' id='line_1_28' title="bbox 313 2766 1363 2871; baseline 0.007 -43"><span class='ocrx_word' id='word_1_221' title='bbox 313 2766 532 2866; x_wconf 28' lang='lat' dir='ltr'><strong>pturoatetin</strong></span> <span class='ocrx_word' id='word_1_222' title='bbox 548 2766 723 2834; x_wconf 87' lang='lat' dir='ltr'><strong>defectione</strong></span> <span class='ocrx_word' id='word_1_223' title='bbox 745 2789 976 2869; x_wconf 82' lang='lat' dir='ltr'><strong>permansuros.</strong></span> <span class='ocrx_word' id='word_1_224' title='bbox 1022 2769 1085 2834; x_wconf 88' lang='lat' dir='ltr'><strong>Sed</strong></span> <span class='ocrx_word' id='word_1_225' title='bbox 1109 2789 1182 2836; x_wconf 89' lang='lat' dir='ltr'><strong>cum</strong></span> <span class='ocrx_word' id='word_1_226' title='bbox 1204 2769 1236 2833; x_wconf 92' lang='lat' dir='ltr'><strong>in</strong></span> <span class='ocrx_word' id='word_1_227' title='bbox 1254 2770 1363 2871; x_wconf 44' lang='lat' dir='ltr'><strong>lffesbo</strong></span> 
     </span>
     <span class='ocr_line' id='line_1_29' title="bbox 313 2850 1363 3025; baseline 0.008 -25"><span class='ocrx_word' id='word_1_228' title='bbox 313 2850 1363 3025; x_wconf 55' lang='lat' dir='ltr'><strong>tl,ltllll‘tllllltltffllltt,ttl‘tlttllt‘l</strong></span> 
     </span>
     <span class='ocr_line' id='line_1_30' title="bbox 313 3021 1363 3112; baseline 0.009 -28"><span class='ocrx_word' id='word_1_229' title='bbox 313 3021 418 3106; x_wconf 91' lang='lat' dir='ltr'><strong>quiin</strong></span> <span class='ocrx_word' id='word_1_230' title='bbox 434 3021 678 3107; x_wconf 85' lang='lat' dir='ltr'><strong>Hellespontum</strong></span> <span class='ocrx_word' id='word_1_231' title='bbox 701 3026 890 3111; x_wconf 84' lang='lat' dir='ltr'><strong>trejecturus</strong></span> <span class='ocrx_word' id='word_1_232' title='bbox 909 3039 988 3106; x_wconf 80' lang='lat' dir='ltr'><strong>eret,</strong></span> <span class='ocrx_word' id='word_1_233' title='bbox 1002 3047 1111 3091; x_wconf 87' lang='lat' dir='ltr'><strong>rursus</strong></span> <span class='ocrx_word' id='word_1_234' title='bbox 1133 3026 1168 3090; x_wconf 91' lang='lat' dir='ltr'><strong>in</strong></span> <span class='ocrx_word' id='word_1_235' title='bbox 1188 3027 1314 3112; x_wconf 86' lang='lat' dir='ltr'><strong>oppida</strong></span> <span class='ocrx_word' id='word_1_236' title='bbox 1328 3050 1363 3093; x_wconf 87' lang='lat' dir='ltr'><strong>se</strong></span> 
     </span>
     <span class='ocr_line' id='line_1_31' title="bbox 312 3106 1360 3211; baseline 0.01 -43"><span class='ocrx_word' id='word_1_237' title='bbox 312 3107 442 3190; x_wconf 82' lang='lat' dir='ltr'><strong>recepit.</strong></span> <span class='ocrx_word' id='word_1_238' title='bbox 499 3106 577 3174; x_wconf 87' lang='lat' dir='ltr'><strong>Post</strong></span> <span class='ocrx_word' id='word_1_239' title='bbox 604 3107 676 3174; x_wconf 87' lang='lat' dir='ltr'><strong>hese</strong></span> <span class='ocrx_word' id='word_1_240' title='bbox 705 3125 810 3175; x_wconf 88' lang='lat' dir='ltr'><strong>sutem</strong></span> <span class='ocrx_word' id='word_1_241' title='bbox 839 3133 878 3175; x_wconf 86' lang='lat' dir='ltr'><strong>ex</strong></span> <span class='ocrx_word' id='word_1_242' title='bbox 908 3111 1015 3177; x_wconf 87' lang='lat' dir='ltr'><strong>socisli</strong></span> <span class='ocrx_word' id='word_1_243' title='bbox 1045 3109 1360 3211; x_wconf 85' lang='lat' dir='ltr'><strong>Peloponnesiorum</strong></span> 
     </span>
     <span class='ocr_line' id='line_1_32' title="bbox 312 3191 1359 3278; baseline 0.009 -22"><span class='ocrx_word' id='word_1_244' title='bbox 312 3191 419 3271; x_wconf 91' lang='lat' dir='ltr'><strong>classe,</strong></span> <span class='ocrx_word' id='word_1_245' title='bbox 436 3214 508 3278; x_wconf 84' lang='lat' dir='ltr'><strong>quse</strong></span> <span class='ocrx_word' id='word_1_246' title='bbox 522 3193 563 3258; x_wconf 82' lang='lat' dir='ltr'><strong>sd</strong></span> <span class='ocrx_word' id='word_1_247' title='bbox 581 3191 780 3260; x_wconf 73' lang='lat' dir='ltr'><strong>Cenchreum</strong></span> <span class='ocrx_word' id='word_1_248' title='bbox 802 3197 914 3274; x_wconf 84' lang='lat' dir='ltr'><strong>stabat,</strong></span> <span class='ocrx_word' id='word_1_249' title='bbox 929 3219 985 3262; x_wconf 84' lang='lat' dir='ltr'><strong>sex</strong></span> <span class='ocrx_word' id='word_1_250' title='bbox 1009 3219 1105 3262; x_wconf 81' lang='lat' dir='ltr'><strong>neves</strong></span> <span class='ocrx_word' id='word_1_251' title='bbox 1125 3219 1159 3260; x_wconf 90' lang='lat' dir='ltr'><strong>m</strong></span> <span class='ocrx_word' id='word_1_252' title='bbox 1176 3197 1301 3264; x_wconf 84' lang='lat' dir='ltr'><strong>Chium</strong></span> <span class='ocrx_word' id='word_1_253' title='bbox 1317 3199 1359 3264; x_wconf 84' lang='lat' dir='ltr'><strong>ad</strong></span> 
     </span>
     <span class='ocr_line' id='line_1_33' title="bbox 312 3277 1360 3360; baseline 0.01 -20"><span class='ocrx_word' id='word_1_254' title='bbox 312 3277 396 3360; x_wconf 90' lang='lat' dir='ltr'><strong>ipsos</strong></span> <span class='ocrx_word' id='word_1_255' title='bbox 424 3291 590 3345; x_wconf 85' lang='lat' dir='ltr'><strong>venerunt.</strong></span> <span class='ocrx_word' id='word_1_256' title='bbox 635 3279 843 3346; x_wconf 87' lang='lat' dir='ltr'><strong>Athenienses</strong></span> <span class='ocrx_word' id='word_1_257' title='bbox 866 3305 941 3348; x_wconf 88' lang='lat' dir='ltr'><strong>vero</strong></span> <span class='ocrx_word' id='word_1_258' title='bbox 967 3303 1016 3346; x_wconf 84' lang='lat' dir='ltr'><strong>res</strong></span> <span class='ocrx_word' id='word_1_259' title='bbox 1042 3282 1074 3346; x_wconf 91' lang='lat' dir='ltr'><strong>in</strong></span> <span class='ocrx_word' id='word_1_260' title='bbox 1105 3282 1214 3347; x_wconf 91' lang='lat' dir='ltr'><strong>Lesbo</strong></span> <span class='ocrx_word' id='word_1_261' title='bbox 1244 3305 1360 3350; x_wconf 82' lang='lat' dir='ltr'><strong>rursus</strong></span> 
     </span>
     <span class='ocr_line' id='line_1_34' title="bbox 311 3363 1360 3452; baseline 0.01 -27"><span class='ocrx_word' id='word_1_262' title='bbox 311 3363 553 3442; x_wconf 82' lang='lat' dir='ltr'><strong>constituerunt,</strong></span> <span class='ocrx_word' id='word_1_263' title='bbox 577 3377 610 3429; x_wconf 88' lang='lat' dir='ltr'><strong>et</strong></span> <span class='ocrx_word' id='word_1_264' title='bbox 639 3365 727 3430; x_wconf 90' lang='lat' dir='ltr'><strong>illinc</strong></span> <span class='ocrx_word' id='word_1_265' title='bbox 751 3365 895 3452; x_wconf 84' lang='lat' dir='ltr'><strong>profecti,</strong></span> <span class='ocrx_word' id='word_1_266' title='bbox 920 3367 1216 3434; x_wconf 84' lang='lat' dir='ltr'><strong>¹Clazomeniorum</strong></span> <span class='ocrx_word' id='word_1_267' title='bbox 1241 3371 1360 3448; x_wconf 74' lang='lat' dir='ltr'><strong>tardem,</strong></span> 
     </span>
     <span class='ocr_line' id='line_1_35' title="bbox 310 3449 1360 3544; baseline 0.01 -32"><span class='ocrx_word' id='word_1_268' title='bbox 310 3450 433 3513; x_wconf 83' lang='lat' dir='ltr'><strong>numine</strong></span> <span class='ocrx_word' id='word_1_269' title='bbox 448 3449 647 3528; x_wconf 87' lang='lat' dir='ltr'><strong>Polichnsm,</strong></span> <span class='ocrx_word' id='word_1_270' title='bbox 664 3474 758 3537; x_wconf 85' lang='lat' dir='ltr'><strong>quum</strong></span> <span class='ocrx_word' id='word_1_271' title='bbox 783 3454 817 3516; x_wconf 93' lang='lat' dir='ltr'><strong>in</strong></span> <span class='ocrx_word' id='word_1_272' title='bbox 844 3456 1025 3522; x_wconf 89' lang='lat' dir='ltr'><strong>continente</strong></span> <span class='ocrx_word' id='word_1_273' title='bbox 1047 3454 1249 3532; x_wconf 80' lang='lat' dir='ltr'><strong>muniebant,</strong></span> <span class='ocrx_word' id='word_1_274' title='bbox 1263 3475 1360 3544; x_wconf 85' lang='lat' dir='ltr'><strong>cepe·</strong></span> 
     </span>
     <span class='ocr_line' id='line_1_36' title="bbox 309 3537 1360 3628; baseline 0.012 -33"><span class='ocrx_word' id='word_1_275' title='bbox 309 3544 398 3612; x_wconf 86' lang='lat' dir='ltr'><strong>runt,</strong></span> <span class='ocrx_word' id='word_1_276' title='bbox 414 3555 531 3620; x_wconf 91' lang='lat' dir='ltr'><strong>eosque</strong></span> <span class='ocrx_word' id='word_1_277' title='bbox 550 3557 658 3602; x_wconf 88' lang='lat' dir='ltr'><strong>rursus</strong></span> <span class='ocrx_word' id='word_1_278' title='bbox 681 3539 714 3601; x_wconf 90' lang='lat' dir='ltr'><strong>in</strong></span> <span class='ocrx_word' id='word_1_279' title='bbox 737 3537 847 3604; x_wconf 90' lang='lat' dir='ltr'><strong>urbem</strong></span> <span class='ocrx_word' id='word_1_280' title='bbox 870 3541 903 3603; x_wconf 91' lang='lat' dir='ltr'><strong>in</strong></span> <span class='ocrx_word' id='word_1_281' title='bbox 923 3539 1025 3606; x_wconf 90' lang='lat' dir='ltr'><strong>insuls</strong></span> <span class='ocrx_word' id='word_1_282' title='bbox 1043 3541 1134 3604; x_wconf 76' lang='lat' dir='ltr'><strong>sitast</strong></span> <span class='ocrx_word' id='word_1_283' title='bbox 1154 3551 1360 3628; x_wconf 76' lang='lat' dir='ltr'><strong>nnnsporta-</strong></span> 
     </span>
     <span class='ocr_line' id='line_1_37' title="bbox 311 3621 1359 3710; baseline 0.013 -30"><span class='ocrx_word' id='word_1_284' title='bbox 311 3631 395 3694; x_wconf 87' lang='lat' dir='ltr'><strong>runt,</strong></span> <span class='ocrx_word' id='word_1_285' title='bbox 411 3631 530 3704; x_wconf 73' lang='lat' dir='ltr'><strong>preter</strong></span> <span class='ocrx_word' id='word_1_286' title='bbox 549 3621 735 3687; x_wconf 88' lang='lat' dir='ltr'><strong>defectionis</strong></span> <span class='ocrx_word' id='word_1_287' title='bbox 757 3637 918 3690; x_wconf 85' lang='lat' dir='ltr'><strong>suctores:</strong></span> <span class='ocrx_word' id='word_1_288' title='bbox 941 3625 992 3690; x_wconf 90' lang='lat' dir='ltr'><strong>isti</strong></span> <span class='ocrx_word' id='word_1_289' title='bbox 1012 3625 1095 3690; x_wconf 89' lang='lat' dir='ltr'><strong>enim</strong></span> <span class='ocrx_word' id='word_1_290' title='bbox 1119 3623 1359 3710; x_wconf 84' lang='lat' dir='ltr'><strong>Daphnuntem</strong></span> 
     </span>
     <span class='ocr_line' id='line_1_38' title="bbox 308 3703 1361 3780; baseline 0.014 -14"><span class='ocrx_word' id='word_1_291' title='bbox 308 3703 465 3769; x_wconf 88' lang='lat' dir='ltr'><strong>abierunt.</strong></span> <span class='ocrx_word' id='word_1_292' title='bbox 514 3706 555 3771; x_wconf 85' lang='lat' dir='ltr'><strong>Et</strong></span> <span class='ocrx_word' id='word_1_293' title='bbox 579 3707 687 3772; x_wconf 89' lang='lat' dir='ltr'><strong>denuo</strong></span> <span class='ocrx_word' id='word_1_294' title='bbox 710 3707 908 3775; x_wconf 81' lang='lat' dir='ltr'><strong>Clazomenae</strong></span> <span class='ocrx_word' id='word_1_295' title='bbox 931 3709 965 3774; x_wconf 92' lang='lat' dir='ltr'><strong>in</strong></span> <span class='ocrx_word' id='word_1_296' title='bbox 990 3711 1236 3778; x_wconf 87' lang='lat' dir='ltr'><strong>Atheniensium</strong></span> <span class='ocrx_word' id='word_1_297' title='bbox 1260 3713 1361 3780; x_wconf 86' lang='lat' dir='ltr'><strong>ditio-</strong></span> 
     </span>
     <span class='ocr_line' id='line_1_39' title="bbox 307 3805 628 3858; baseline 0.019 -7"><span class='ocrx_word' id='word_1_298' title='bbox 307 3809 381 3854; x_wconf 90' lang='lat' dir='ltr'><strong>nem</strong></span> <span class='ocrx_word' id='word_1_299' title='bbox 396 3805 628 3858; x_wconf 85' lang='lat' dir='ltr'><strong>concesserunt.</strong></span> 
     </span>
     <span class='ocr_line' id='line_1_40' title="bbox 351 3873 1358 3969; baseline 0.011 -29"><span class='ocrx_word' id='word_1_300' title='bbox 351 3883 405 3940; x_wconf 76' lang='lat' dir='ltr'><strong>st.</strong></span> <span class='ocrx_word' id='word_1_301' title='bbox 429 3873 555 3940; x_wconf 89' lang='lat' dir='ltr'><strong>Eadem</strong></span> <span class='ocrx_word' id='word_1_302' title='bbox 579 3889 698 3954; x_wconf 77' lang='lat' dir='ltr'><strong>testate,</strong></span> <span class='ocrx_word' id='word_1_303' title='bbox 714 3879 759 3943; x_wconf 92' lang='lat' dir='ltr'><strong>illi</strong></span> <span class='ocrx_word' id='word_1_304' title='bbox 781 3881 875 3945; x_wconf 87' lang='lat' dir='ltr'><strong>etism</strong></span> <span class='ocrx_word' id='word_1_305' title='bbox 900 3881 1120 3960; x_wconf 87' lang='lat' dir='ltr'><strong>Athenienses,</strong></span> <span class='ocrx_word' id='word_1_306' title='bbox 1136 3883 1193 3969; x_wconf 89' lang='lat' dir='ltr'><strong>qui</strong></span> <span class='ocrx_word' id='word_1_307' title='bbox 1214 3905 1290 3949; x_wconf 90' lang='lat' dir='ltr'><strong>cum</strong></span> <span class='ocrx_word' id='word_1_308' title='bbox 1309 3885 1358 3950; x_wconf 85' lang='lat' dir='ltr'><strong>vi·</strong></span> 
     </span>
     <span class='ocr_line' id='line_1_41' title="bbox 306 3959 1359 4048; baseline 0.014 -26"><span class='ocrx_word' id='word_1_309' title='bbox 306 3959 387 4046; x_wconf 82' lang='lat' dir='ltr'><strong>ginti</strong></span> <span class='ocrx_word' id='word_1_310' title='bbox 413 3961 545 4027; x_wconf 89' lang='lat' dir='ltr'><strong>navibus</strong></span> <span class='ocrx_word' id='word_1_311' title='bbox 567 3962 653 4048; x_wconf 87' lang='lat' dir='ltr'><strong>spud</strong></span> <span class='ocrx_word' id='word_1_312' title='bbox 680 3963 804 4031; x_wconf 76' lang='lat' dir='ltr'><strong>Ledam</strong></span> <span class='ocrx_word' id='word_1_313' title='bbox 830 3966 995 4034; x_wconf 86' lang='lat' dir='ltr'><strong>stationem</strong></span> <span class='ocrx_word' id='word_1_314' title='bbox 1024 3969 1173 4036; x_wconf 84' lang='lat' dir='ltr'><strong>adversus</strong></span> <span class='ocrx_word' id='word_1_315' title='bbox 1198 3969 1359 4036; x_wconf 88' lang='lat' dir='ltr'><strong>Miletum</strong></span> 
     </span>
    </p>
   </div>
   <div class='ocr_carea' id='block_1_3' title="bbox 306 4168 1358 4292">
    <p class='ocr_par' dir='ltr' id='par_1_3' title="bbox 306 4168 1358 4292">
     <span class='ocr_line' id='line_1_42' title="bbox 339 4168 1358 4243; baseline 0.016 -27"><span class='ocrx_word' id='word_1_316' title='bbox 339 4168 347 4206; x_wconf 91' lang='lat'><strong>¹</strong></span> <span class='ocrx_word' id='word_1_317' title='bbox 361 4171 413 4230; x_wconf 85' lang='lat' dir='ltr'><strong>Vel,</strong></span> <span class='ocrx_word' id='word_1_318' title='bbox 427 4174 676 4226; x_wconf 67' lang='lat' dir='ltr'><strong>claromontanum</strong></span> <span class='ocrx_word' id='word_1_319' title='bbox 693 4179 832 4226; x_wconf 81' lang='lat' dir='ltr'><strong>continente</strong></span> <span class='ocrx_word' id='word_1_320' title='bbox 848 4181 976 4229; x_wconf 75' lang='lat' dir='ltr'><strong>cernuum</strong></span> <span class='ocrx_word' id='word_1_321' title='bbox 992 4189 1117 4243; x_wconf 80' lang='lat' dir='ltr'><strong>ceperunt,</strong></span> <span class='ocrx_word' id='word_1_322' title='bbox 1129 4189 1175 4230; x_wconf 78' lang='lat' dir='ltr'><strong>ets.</strong></span> <span class='ocrx_word' id='word_1_323' title='bbox 1211 4183 1278 4231; x_wconf 81' lang='lat' dir='ltr'><strong>Vide</strong></span> <span class='ocrx_word' id='word_1_324' title='bbox 1292 4186 1358 4232; x_wconf 75' lang='lat' dir='ltr'><strong>Ver.</strong></span> 
     </span>
     <span class='ocr_line' id='line_1_43' title="bbox 306 4233 622 4292; baseline 0.016 -10"><span class='ocrx_word' id='word_1_325' title='bbox 306 4233 499 4292; x_wconf 55' lang='lat' dir='ltr'><strong>laceratum</strong></span> <span class='ocrx_word' id='word_1_326' title='bbox 534 4239 622 4287; x_wconf 76' lang='lat' dir='ltr'><strong>liunt·</strong></span> 
     </span>
    </p>
   </div>
   <div class='ocr_carea' id='block_1_4' title="bbox 0 0 1506 4768">
    <p class='ocr_par' dir='ltr' id='par_1_4' title="bbox 0 0 1506 4768">
     <span class='ocr_line' id='line_1_44' title="bbox 0 0 1506 4768; baseline 0 3"><span class='ocrx_word' id='word_1_327' title='bbox 0 0 1506 4768; x_wconf 95' lang='lat' dir='ltr'><strong> </strong></span> 
     </span>
    </p>
   </div>
  </div>
 </body>
</html>
