3004 4768
396 266 643 336 HISTORIAE
666 269 757 338 LIB.
779 271 877 339 VIII.
1099 284 1162 344 505
1295 212 1298 217 Ι

49 497 55 517 ·
126 441 681 612 extramurana·
695 443 960 596 trama:
974 445 1170 598 nna
1190 465 1277 589 aa

126 610 289 699 octoginta
308 613 452 694 naribus,
475 636 553 698 quas
573 637 592 680 e
615 617 713 681 &mo
733 637 829 681 senaa
852 619 1014 699 darnart,
1034 641 1106 704 quse
1130 620 1164 682 in
1181 592 1279 718 ῗῌὲῥ

127 697 249 763 Glauce
263 699 332 786 agri
356 698 523 786 Mycalesii
538 701 706 766 stationem
721 700 893 780 habebant,
910 706 964 788 (ab
985 703 1046 770 hao
1060 717 1163 770 annm
1193 721 1233 768 aa
1245 719 1269 782 t.

126 793 226 869 parte,
242 805 315 872 quae
338 783 378 852 M
399 784 489 851 oaleu
511 799 642 872 motat,
668 787 782 854 Sarnus
805 810 825 852 a
847 789 1031 855 continente
1052 811 1164 874 parum
1194 785 1265 832 ΨΟ·

125 870 231 953 distat)
260 891 333 936 sum
389 870 665 957 eloponnesiorum
691 895 787 939 naves
812 887 924 939 contra
949 898 981 941 se
1005 877 1166 942 venientes
1193 849 1267 976 {2¹2⁷

124 955 288 1038 vidissent,
303 957 336 1020 in
359 959 490 1023 Samum
512 979 545 1022 se
567 971 765 1044 receperunt,
789 960 1013 1038 existimantes,
1036 969 1166 1027 suarum

124 1063 292 1107 numerum
322 1065 388 1106 non
417 1044 493 1108 satis
517 1065 584 1108 esse
608 1045 736 1109 firmum
761 1045 802 1111 ad
832 1043 906 1110 belli
933 1045 1091 1112 fortunam
1124 1048 1166 1113 de

124 1149 249 1192 summa
263 1149 368 1194 rerum
388 1129 641 1216 periclitandam.
686 1131 789 1196 Simul
810 1133 904 1196 etiam
922 1136 1168 1218 (praesenserant

123 1213 219 1292 enim,
234 1214 321 1299 ipsos
336 1216 435 1280 tosta
450 1215 566 1281 Mileto
588 1219 698 1294 venire,
716 1216 863 1301 proelium
886 1218 998 1282 navale
1019 1220 1166 1284 commit-

122 1314 189 1366 tere
210 1302 385 1385 cupientes)
410 1302 637 1388 exspectabant
652 1317 684 1368 et
707 1304 808 1388 ipsum
834 1303 1102 1370 Strombiohidem
1125 1327 1166 1370 ex

125 1385 335 1473 Hellesponto
349 1407 421 1451 cum
438 1409 474 1452 ea
488 1387 597 1468 classe,
613 1411 686 1473 quae
701 1411 741 1452 ex
758 1389 841 1454 Chio
857 1389 1008 1476 Abydum
1024 1389 1166 1476 prosecta

123 1469 234 1550 hrerat,
250 1487 419 1538 venturum
442 1473 483 1538 ad
505 1495 599 1559 opem
626 1474 686 1538 sibi
700 1474 872 1539 ferendam.
918 1475 1057 1540 Nuntius
1079 1476 1165 1540 enim

10 1619 11 1622 ,
122 1557 283 1642 adipsum
298 1557 602 1644 praemissusl'uerat.
646 1561 754 1646 Atque
775 1560 822 1624 illi
837 1561 966 1647 quidem
988 1561 1034 1625 sio
1056 1561 1090 1624 in
1107 1562 1165 1626 Sa·

10 1695 11 1730 ,
123 1665 212 1709 mum
226 1667 260 1710 se
281 1657 477 1730 reoeperunt.
524 1645 748 1730 Peloponnesii
763 1667 848 1724 raro,
872 1646 970 1710 classe
991 1645 1031 1710 ad
1049 1646 1165 1734 Myca-

10 1801 11 1806 η
120 1732 171 1794 len
187 1731 331 1816 appulsa,
348 1732 415 1796 illic
428 1743 531 1796 castra
545 1743 731 1816 posuerunt,
747 1745 779 1796 et
793 1753 856 1796 cum
872 1735 949 1814 ipsas
961 1731 1163 1798 Milesiorum

120 1829 150 1880 et
165 1817 347 1880 accolarum
362 1816 530 1901 peditatus.
576 1816 733 1882 Postridie
747 1839 833 1895 vero,
849 1837 922 1881 cum
943 1817 1091 1882 adversus
1106 1820 1165 1882 Sa-

10 1963 11 1976 ,
119 1923 208 1966 mum
225 1903 297 1967 navi
340 1924 374 1965 re
388 1904 580 1980 statuissent,
595 1904 776 1967 nuntiatum
792 1905 935 1986 estipsis,
954 1903 1163 1968 Strombiohi-

10 2047 12 2074 ᾖ
118 1987 194 2076 dem
221 2011 262 2053 ex
292 1925 507 2072 Phellesponto
532 2009 606 2052 oum
633 2010 690 2053 aua
715 1988 813 2053 classe
840 1989 965 2080 &utum
989 1991 1162 2054 revertisse.

120 2072 234 2151 Quare
262 2070 428 2139 ooalestim
455 2074 606 2139 Miletum
634 2074 805 2138 redierunt.
851 2075 915 2140 Sed
943 2073 1161 2153 Athenienses,

10 2217 12 2254 ,
118 2172 194 2242 post
214 2159 343 2225 alterius
359 2158 464 2224 classis
486 2159 706 2240 acoessionem,
722 2160 781 2246 ipsi
797 2181 869 2224 cum
892 2163 1019 2225 tentum
1034 2173 1066 2224 et
1088 2173 1162 2224 octo

10 2305 12 2328 ,
117 2245 252 2332 navibus
267 2244 414 2310 Miletum
432 2245 580 2311 invadere
600 2258 788 2322 statuerunt,
805 2267 843 2310 eo
864 2246 982 2324 animo,
998 2259 1035 2310 ut
1057 2245 1162 2310 navali

10 2335 11 2340 ’
117 2330 234 2416 proelio
248 2331 447 2398 dimicarent.
492 2331 555 2396 Sed
571 2353 643 2395 cum
658 2330 765 2396 nullus
778 2332 854 2418 ipsis
868 2331 993 2397 obviam
1006 2332 1161 2417 prodiret,

117 2439 228 2482 rursus
244 2419 280 2482 in·
294 2418 424 2482 Samum
440 2440 473 2482 se
488 2429 684 2502 receperunt.
874 2488 878 2496 ⁴
1160 2439 1164 2447 ·

160 2513 216 2568 80.
241 2503 318 2569 Post
329 2501 399 2568 haec
413 2515 530 2580 autem,
548 2501 658 2567 eadem
669 2511 789 2580 aestate,
804 2503 909 2567 statim
924 2502 1158 2586 Peloponnesii,
1183 2518 1261 2566 Paulo

117 2589 268 2674 quoniam
285 2609 358 2653 cum
380 2589 526 2653 omnibus
549 2589 614 2653 suis
629 2587 761 2654 navibus
776 2589 902 2653 obviam
926 2587 1069 2652 hostibus
1093 2584 1280 2652 nonl’ffl‘ffi‘·

108 2674 313 2759 prodierant,
339 2675 563 2752 existimantes,
590 2697 624 2764 so
648 2695 714 2738 non
740 2675 815 2738 satis
839 2674 951 2738 virium
976 2673 1100 2738 habere
1116 2672 1158 2738 ad
1175 2648 1269 2697 Μ’

116 2760 268 2845 proelium
294 2781 359 2825 stem
385 2761 450 2824 r'llr‘s
475 2759 749 2838 committendum,
776 2761 888 2844 inopes
912 2759 1047 2840 consilii,
1071 2759 1163 2826 unde

117 2846 269 2930 peoum'as
290 2845 453 2922 haberent,
470 2867 544 2930 quos
558 2859 605 2919 tot
625 2844 758 2909 navibus
771 2847 1009 2928 suppeditarent,
1024 2867 1158 2930 praeser-

117 2932 174 2996 tim
196 2931 284 3018 quod
300 2930 530 3017 Tissaphernes
541 2933 630 2997 classi
650 2933 836 3014 strpendium
849 2930 932 2994 male
952 2931 1157 3015 persolveret,

118 3019 249 3082 mittunt
264 3017 304 3082 ad
321 3017 563 3082 Pharnabazum
579 3015 863 3102 (quemadmodum
878 3031 909 3080 et
930 3017 1022 3080 initio
1036 3037 1077 3080 ex
1095 3017 1158 3081 Pe·

10 3151 12 3160 ,
116 3102 292 3188 lopouneso
307 3115 502 3188 praeceptum
514 3101 630 3182 luerat)
643 3100 844 3177 Charcham,
860 3099 1155 3186 Rhamphiifllt'rmt,

117 3211 190 3254 oum
206 3189 418 3276 quadraginta
431 3187 575 3252 navibus.
616 3187 841 3252 Pharnabazus
852 3187 937 3251 anim
948 3187 1031 3287 ipsos
1046 3209 1157 3252 evoca·

10 3263 12 3296 '
118 3288 215 3351 reret,
240 3288 272 3340 et
293 3274 486 3360 stipendium
509 3273 652 3356 prebere
673 3285 801 3356 paratus
826 3286 910 3336 erat:
942 3271 1036 3336 srmul
1059 3273 1156 3337 etism

10 3353 12 3380 '
117 3382 176 3446 per
197 3360 317 3449 legatos
331 3361 407 3446 ipsis
428 3358 637 3443 significabat,
653 3358 841 3446 Byzantium
865 3355 1072 3422 defectionem
1091 3357 1157 3423 fao-

10 3441 11 3454 ’
116 3463 236 3513 turum.
283 3446 350 3511 Hae
365 3459 469 3511 autem
492 3443 794 3530 Peloponnesiorum
810 3465 915 3520 navos,
931 3463 1003 3508 cum
1028 3457 1156 3528 eportu

116 3532 282 3598 solvissent
296 3547 328 3598 et
342 3533 438 3598 altum
453 3532 628 3622 petiissent,
646 3543 680 3595 ut
691 3529 897 3594 Athenienses
911 3531 944 3593 in
956 3528 1156 3594 conficiendo

10 3615 11 3702 j
116 3619 325 3706 navigationis
347 3641 440 3684 cursu
456 3617 601 3697 laterent,
616 3627 799 3699 tempestate
810 3616 950 3702 jactatae,
966 3629 999 3678 at
1021 3637 1062 3679 ue
1083 3615 1155 3679 aliae

117 3705 258 3792 quidam,
280 3715 372 3790 atque
398 3705 475 3767 adeo
500 3705 622 3768 ittonam
645 3701 816 3787 pleraeque,
840 3700 954 3787 quibus
978 3635 1154 3765 Clearchus

117 3805 262 3876 praerat,
277 3813 351 3854 oum
368 3788 487 3855 Delum
510 3789 693 3865 tenuissent,
709 3803 740 3851 et
754 3799 866 3871 postea
880 3786 1028 3858 Miletum
1043 3787 1154 3850 rediis-

117 3891 196 3953 sent,
213 3875 402 3962 (Cloarohus
428 3887 533 3940 autom
557 3875 589 3937 in
614 3873 858 3956 Hellespontum
883 3872 995 3937 itinere
1013 3873 1154 3936 terrestri

117 3985 272 4038 reversus,
294 3960 465 4045 imperium
488 3959 682 4038 obtinebat;)
712 3957 776 4022 illae
798 3979 874 4023 vero
894 3957 1014 4032 decem,
1037 3957 1170 4045 quibus

117 4047 258 4113 Helixus
274 4045 472 4134 Megarensis
486 4058 632 4144 praeerat,
643 4067 717 4109 cum
732 4044 765 4108 in
779 4042 1025 4146 IsIelleapontum
1036 4042 1153 4106 evasis-

116 4129 726 4303 Pdstleassdezibnllllltnenidnslldfhcdiogdllii
740 4127 1150 4291 saactdtilrldalibbldllddlfrdiddi
