3004 4768
358 331 423 396 ste
721 320 1024 391 THUCYDIDIS

261 511 325 576 sut.
357 494 455 574 sisset,
471 517 509 562 ac
523 493 658 572 fecisset,
673 515 738 559 non
762 495 863 582 magis
884 495 918 560 iu
940 493 1118 580 presentia,
1134 516 1229 581 quam
1244 495 1279 562 in
1294 507 1404 581 poste·

249 577 332 637 ΜΨ
357 603 440 660 rum,
458 582 562 648 necin
578 583 639 646 hoc
654 593 790 658 tantum,
806 581 861 646 sed
881 581 977 646 etiam
991 582 1025 646 in
1039 581 1187 647 omuibus
1208 581 1280 645 aiiis
1301 603 1403 670 nego-

240 641 340 766 3ῗέῗῇ
356 670 419 748 tiis,
434 691 506 757 quse
521 668 580 754 ipsi
596 666 739 754 delegata
758 666 896 744 suerunt,
912 688 977 732 non
999 667 1185 754 imprudens
1199 680 1247 732 est
1261 666 1403 732 habitus.

251 761 293 818 tte.
305 769 327 816 1.
358 755 460 822 Hunc
475 755 571 842 igitur
593 755 625 817 in
648 753 780 819 modum
796 753 1005 820 Athenienses
1025 755 1132 820 statim
1146 755 1207 818 sub
1222 774 1402 839 vesperam,

255 831 328 942 Ἢ·
356 839 538 928 imperfecta
563 840 702 917 victoria,
728 840 842 906 cestris
866 841 962 906 motis
987 862 1007 904 a
1033 839 1149 906 Mileto
1173 839 1403 905 discesserunt.

261 911 329 1010 ἦ
354 925 897 1079 itittttttttttttifflffl
925 939 1088 1014 “mim
1117 924 1202 1007 Μ’
1226 947 1271 990 ⁰⁸
1303 927 1403 991 ⁵⁸⁰¹⁰

398 1109 452 1168 28.
476 1099 700 1183 Peloponnesii
722 1111 827 1164 autem
854 1098 924 1182 ipso
947 1098 1052 1163 statim
1075 1096 1229 1176 diluculo,
1246 1100 1402 1164 castriae

355 1184 527 1252 Tichiussa
547 1186 654 1262 motis,
674 1196 747 1270 post
763 1185 992 1250 Atheniensium
1008 1185 1178 1260 discessum,
1190 1187 1236 1248 od
1252 1186 1403 1249 Miletum

355 1272 529 1357 appellunt,
552 1284 585 1335 et
609 1291 706 1335 unum
729 1267 815 1336 diem
838 1273 906 1336 iilic
925 1271 1050 1348 morati,
1074 1269 1228 1355 postridie
1254 1272 1404 1335 assumtis

355 1358 450 1427 etiam
466 1357 599 1422 navibus
609 1355 710 1436 Chiis,
721 1377 800 1443 quaa
811 1377 886 1420 cum
899 1355 1074 1422 Chalcideo
1084 1355 1247 1421 venientes
1258 1355 1402 1422 hostium

355 1444 462 1510 classis
484 1455 559 1508 ante
580 1440 687 1508 fuerat
713 1443 891 1530 insequuta,
905 1453 1105 1508 “statuerunt
1130 1443 1170 1506 ad
1194 1440 1404 1508 Tichiussam

355 1529 469 1608 redire,
486 1541 521 1594 ut
536 1530 792 1607 instrumentum,
807 1528 895 1616 quod
909 1552 948 1593 es
962 1529 1089 1594 meina
1109 1541 1321 1612 exportatum
1337 1531 1406 1594 iilic

355 1629 573 1718 reposuerant,
590 1628 796 1684 assumerent.
842 1615 927 1680 Cum
948 1628 1054 1680 autem
1074 1615 1147 1679 illuc
1168 1615 1404 1698 pervenissent,

356 1701 586 1787 Tissaphernes
607 1723 680 1766 curn
702 1723 757 1766 nto
777 1701 921 1786 peditatu
942 1704 987 1766 ad
1010 1703 1081 1765 illos
1101 1699 1244 1778 accessit,
1260 1701 1406 1788 ipsisque

354 1787 520 1874 persuasit,
536 1801 571 1854 ut
582 1787 731 1853 adversus
742 1787 852 1853 Jasum
866 1788 935 1872 (ubi
951 1788 1121 1874 Amorges,
1133 1786 1189 1874 qui
1199 1789 1295 1872 regis,
1308 1811 1332 1851 a
1343 1810 1405 1872 quo

355 1877 518 1960 defecerat,
540 1874 640 1939 hostis
664 1888 743 1951 erat,
769 1895 801 1938 se
826 1873 1021 1955 continebat)
1045 1873 1243 1960 navigarent.
1287 1871 1404 1939 Jusum

355 1973 461 2026 autem
476 1973 607 2046 repente
620 1960 772 2048 aggressi,
782 1972 815 2025 et
828 1962 996 2046 oppidanis
1009 1979 1075 2024 non
1088 1958 1310 2044 opinantibus,
1323 1959 1406 2024 elias

354 2069 531 2133 essequam
549 2046 672 2112 Atticas
696 2067 799 2123 naves,
816 2057 980 2132 ceperunt.
1026 2046 1065 2112 In
1089 2045 1150 2108 hoe
1171 2058 1281 2110 autem
1301 2067 1405 2131 opere

354 2135 518 2218 praecipua
531 2131 592 2198 fuit
609 2133 882 2218 Syracusanorum
903 2131 979 2196 laus.
1025 2132 1107 2196 Cum
1122 2131 1221 2217 igitur
1237 2130 1404 2216 Pelopon·

353 2219 432 2284 nesii
445 2221 631 2305 Amorgem‚
651 2217 831 2283 Pissuthnoe
847 2217 946 2282 filium
959 2216 1105 2293 nothum,
1118 2217 1172 2302 qui
1187 2237 1205 2280 a
1220 2237 1299 2305 rege
1313 2217 1404 2284 defe-

353 2317 449 2382 cerat,
465 2305 571 2370 rivum
587 2303 755 2388 cepissent,
770 2303 981 2389 Tissapherni
996 2302 1208 2383 tradiderunt,
1223 2316 1261 2368 nt
1274 2326 1344 2368 meu
1360 2307 1404 2391 (si

352 2389 458 2472 vellet)
470 2390 511 2456 ad
524 2412 631 2478 regem
647 2389 829 2469 abduceret,
839 2388 1109 2476 quemadmodum
1120 2389 1178 2474 ipsi
1191 2411 1249 2454 ree
1259 2389 1404 2476 impera·

353 2489 451 2542 verat.
495 2475 670 2563 Jesumque
691 2475 753 2540 diri
777 2488 905 2555 uerunt,
920 2490 952 2542 et
966 2477 1125 2542 exereitus
1144 2475 1286 2540 maxima
1301 2499 1407 2562 pecn-

351 2563 414 2628 niue
432 2561 462 2626 vi
529 2563 604 2629 titus
625 2572 681 2627 est.
767 2585 805 2628 oe
828 2563 913 2628 enirn
938 2561 1093 2647 oppidum
1117 2583 1137 2626 a
1158 2560 1272 2645 priscis
1296 2584 1406 2650 usqne

351 2649 488 2733 tempori
512 2647 698 2734 uslocupies
713 2661 790 2714 erat.
829 2648 991 2716 Caeterum
1007 2647 1136 2725 auxilia,
1152 2669 1226 2732 quoe
1234 2651 1343 2715 Amor

350 2733 436 2798 circa
451 2757 484 2798 se
498 2733 665 2816 habuerat,
681 2735 897 2820 Peloponnesii
910 2735 950 2799 ad
967 2757 1000 2800 se
1015 2735 1100 2818 ipsos
1114 2733 1272 2812 traducta,
1289 2739 1350 2801 nni
1365 2761 1404 2802 o-

351 2841 413 2903 que
434 2821 590 2885 malefieio
614 2821 736 2899 affecta,
753 2823 816 2886 suis
840 2820 1007 2886 ordinibus
1030 2820 1281 2897 admiscuerunt,
1308 2823 1404 2910 qnod

349 2905 1108 3079 tttmtitttttttttiittttt‘tttitt
1123 2906 1405 3076 iiiiii&

349 3099 467 3156 servos,
485 3101 579 3164 quam
596 3078 722 3157 liberos,
738 3081 886 3164 pactione
897 3041 972 3144 itum
988 3078 1044 3143 illo
1058 3078 1154 3156 facta,¹
1167 3090 1203 3144 ut
1217 3078 1251 3142 in
1268 3080 1295 3142 ι’
1351 3081 1406 3146 ula

349 3163 455 3314 ut
469 3166 758 3317 ιι
769 3163 1342 3332 sterterent
1378 3167 1388 3182 ’

347 3354 443 3482 quem
460 3335 699 3402 Lacedaemonii
723 3338 941 3424 magistratum
962 3336 997 3400 in
1019 3295 1137 3402 Chiism
1164 3275 1404 3417 miseconem,
1492 3375 1493 3402 ;

379 3419 505 3506 rythras
517 3445 617 3509 usque
626 3423 739 3488 itinere
751 3423 890 3507 pedestri
901 3421 1042 3499 mittunt,
1054 3444 1127 3488 cum
1143 3421 1181 3486 iis
1196 3423 1301 3507 copiis
1316 3448 1404 3492 anx·

348 3503 500 3586 iliaribus,
525 3531 603 3596 quas
625 3509 712 3574 circa
735 3530 768 3573 se
785 3511 942 3596 Amorgss
963 3505 1128 3586 habuerat,
1151 3520 1184 3572 et
1201 3507 1402 3598 Philippum

346 3587 412 3656 iilic
421 3592 538 3660 Mileto
551 3593 743 3679 praeficiunt.
789 3595 898 3679 Atque
909 3594 977 3658 hoec
989 3607 1082 3659 aestas
1097 3595 1249 3665 excessit.

237 3675 327 3794 re.
345 3678 773 3848 enitantur
793 3677 1164 3845 tttttttttr
1178 3691 1402 3834 nette

344 3845 420 3911 dum
431 3847 665 3950 Lacsdaemone
674 3810 873 3938 promiserat,
884 3864 1082 3916 menstruum
1092 3789 1289 3936 stip’esidium
1304 3855 1403 3920 navi·

344 3932 403 3996 bus
414 3935 564 4002 ommbus
579 3939 767 4015 numeravit,
778 3937 918 4026 singulas
932 3935 1030 4002 drach
1036 3961 1102 4024 mas
1111 3939 1239 4014 Atticas
1251 3940 1401 4006 viritim:

284 4030 288 4056 ¹
343 4017 377 4082 in
393 4019 549 4108 reliquum
561 4044 637 4088 vero
652 4037 776 4107 tempus
791 4035 898 4090 ternos
913 4023 1025 4089 obolos
1040 4026 1179 4109 quotidie
1193 4026 1331 4111 singu&
1343 4051 1403 4091 ne·

375 4193 388 4222 ⁰
405 4191 548 4240 statuerunt
566 4195 643 4241 redire
654 4197 678 4241 in
690 4195 856 4254 iichiussam,
867 4197 946 4257 gratia
961 4197 1109 4253 lemborum,
1121 4211 1184 4258 quos
1209 4200 1401 4248 subtraxerant.

344 4253 492 4364 ‘mand
514 4257 701 4318 impedimenta,
724 4273 780 4321 quoe
803 4259 938 4308 Tichiusaoe
960 4261 1121 4322 reliquerant,
1139 4263 1219 4310 redire
1240 4269 1401 4312 autumas.
