2990 4792
329 279 392 338 ιη
688 267 995 374 nnncrmnrs

231 460 293 530 nott
325 441 449 508 sisorte
462 441 700 510 Matios
713 441 904 530 persuadere
917 453 1057 527 possent,
1073 441 1109 505 n‘t
1122 459 1219 506 neret
1232 459 1256 504 c
1269 462 1312 519 te,
1328 437 1370 506 ut'
1493 511 1494 514 ,

222 525 305 585 ΜΨ
326 529 408 596 nihil
425 550 532 593 rerum
548 549 704 594 noverum
722 527 890 606 molitnrir,
905 526 1098 594 recederent.
1143 525 1269 592 Interes
1288 549 1368 592 vero

194 590 311 716 '0⁸12ss
326 629 360 680 et
389 614 655 680 Laeedoemonem
684 614 804 702 legatos
833 615 954 679 triremi
979 625 1086 678 vectos
1110 612 1253 690 mittum,
1281 613 1382 685 clem.

222 720 264 768 ss.
278 719 302 766 1.
327 700 571 769 Atheniensium
585 700 695 778 classe,
707 702 763 788 qui
776 701 818 766 sd
833 699 1112 786 septentrionalem
1127 699 1215 763 urbis
1228 712 1366 785 partem,

223 784 298 895 323·
327 789 361 890 i¹!
382 787 493 890 ΜΨ·
506 788 674 889 ΨΜ
687 787 868 888 hbtffltt
893 802 975 886 ’,Μ
986 787 1084 862 uim,
1100 783 1187 886 qnod
1203 785 1245 849 sb
1263 786 1368 852 Athe·

232 877 299 964 Μ’
329 878 489 940 mensibus
510 889 681 959 impetrare
702 875 884 959 cupiebant,
907 871 942 936 rd
960 891 1003 937 ex
1024 885 1101 936 rom
1121 869 1184 936 stbr
1202 893 1370 938 mnu

326 959 541 1028 confidebant.
584 958 742 1045 Atquehi
779 959 885 1024 uidem
901 977 1014 1044 sapere
1027 959 1077 1022 usi
1091 959 1296 1044 navigstione
1309 979 1371 1044 per

326 1069 368 1133 pe
424 1068 459 1111 ua
480 1045 747 1112 Lecedoemonem
758 981 871 1123 deleti,
886 1065 960 1110 enm
979 1043 1056 1130 ipsis
1070 1065 1166 1132 agere
1183 1058 1367 1130 eoepenmt

326 1146 364 1200 ut
409 1133 508 1220 iqtrod
522 1132 679 1198 auxilium
693 1132 824 1199 veniret.

369 1229 402 1288 5.
416 1219 490 1286 -Sed
515 1241 574 1305 pos
611 1239 686 1284 uem
710 1218 807 1306 legati
831 1240 867 1282 re
888 1217 1005 1283 infecte
1030 1216 1168 1282 Athenin
1192 1218 1369 1299 redierunt,

327 1305 394 1374 Mit
416 1305 509 1372 lenaei
534 1303 576 1370 sd
623 1304 720 1370 elium
746 1325 780 1370 se
805 1305 972 1392 recingere
992 1319 1172 1404 coeperunt,
1196 1315 1230 1368 et
1252 1318 1372 1370 ceetma

327 1328 462 1473 Lesbos,
491 1401 609 1476 praeter
638 1389 875 1476 Methymnam.
923 1388 973 1456 Hi
1002 1409 1088 1454 emm
1117 1389 1372 1456 Atheniensibus

327 1499 422 1564 opem
443 1477 594 1559 tulerant,
612 1489 645 1544 et
666 1476 793 1554 Imbrii,
815 1489 848 1542 et
869 1475 1012 1553 Lemnii,
1027 1489 1060 1541 et
1081 1475 1230 1562 quadam
1252 1477 1371 1564 exigue

328 1565 525 1652 reliquorum
546 1564 707 1630 sociorum
730 1583 855 1628 manus.
899 1559 1081 1650 Mitylenaei
1102 1583 1189 1640 verro,
1205 1563 1308 1648 copiis
1328 1585 1370 1628 ex

329 1651 416 1716 omni
447 1653 543 1716 totins
571 1647 683 1736 popuii
712 1662 807 1716 setste
831 1669 870 1715 sc
892 1647 1006 1714 ordine
1029 1645 1179 1727 collectis,
1206 1649 1370 1736 quandem

329 1737 528 1822 eruptionem
557 1736 591 1801 in
629 1735 869 1803 Atheniensium
897 1747 1002 1800 casua
1030 1733 1184 1802 fecerunt.
1216 1734 1369 1820 proelium

329 1823 423 1890 etism
447 1824 651 1891 commissum
671 1821 742 1900 tuit,
765 1822 887 1910 inquo
911 1819 1103 1908 Mitylenen
1126 1821 1201 1886 lieet
1215 1819 1372 1888 ¹irnstibnr

330 1908 493 1976 inferiores
518 1931 585 1974 non
609 1909 811 1986 exstitissent,
833 1921 941 1974 temen
963 1929 1023 1972 nec
1069 1929 1146 1992 rope
1167 1911 1371 1993 pernoctare,

332 2018 391 2060 nec
406 1997 473 2062 suis
487 1995 612 2062 viribus
626 1993 786 2060 confidere
799 2006 876 2060 sunt
891 1993 976 2060 susi:
1069 1997 1103 2057 in
1117 1995 1218 2058 urbem
1234 2017 1269 2060 se
1284 2017 1372 2060 rece·

330 2095 457 2168 petunt.
499 2080 630 2148 Deinde
647 2102 724 2146 vero
738 2081 937 2167 quieverunt,
953 2081 1040 2167 quie,
1055 2081 1081 2143 si
1124 2079 1180 2145 uid
1193 2083 1313 2146 martiii
1330 2103 1374 2146 ex
1433 2119 1444 2131 ··

332 2167 731 2318 Pel⁰5011130³00fraet2r0⁸
751 2167 899 2268 venisset,
921 2178 1048 2231 etcum
1070 2187 1087 2230 r
1120 2166 1194 2254 'quo
1214 2181 1375 2253 apparatu

331 2267 505 2406 dregddddbl
518 2253 693 2406 {hem
711 2251 1042 2424 &Bigesrgsmveffietx
1059 2251 1379 2427 ssffizsiesluirtss

332 2425 460 2492 finerant
478 2439 553 2492 ante
565 2424 788 2503 defectionem,
803 2423 857 2490 sed
872 2445 946 2492 cum
962 2426 1080 2490 Atticae
1093 2424 1205 2492 classis
1220 2424 1375 2492 infestum

332 2515 504 2580 adventum
523 2525 720 2578 antevertere
734 2533 798 2576 non
820 2514 1007 2596 potuissent,
1025 2523 1098 2596 post
1117 2511 1269 2596 proelinm
1284 2533 1378 2578 oom-

333 2601 463 2668 ntissurn
487 2602 521 2665 in
543 2600 645 2664 urbem
666 2598 787 2664 triremi
809 2597 891 2662 clam
914 2598 1049 2686 ingressi
1071 2610 1165 2664 sunt:
1188 2595 1377 2686 hortatique

333 2698 418 2765 aunt,
432 2698 470 2752 ut
484 2682 618 2752 alteram
633 2686 806 2765 triremem,
821 2697 853 2751 et
872 2683 993 2774 legstos
1008 2703 1115 2750 secum
1132 2683 1279 2768 Spartam
1297 2685 1377 2751 mit-

334 2783 453 2850 terent3
476 2771 585 2858 illique
600 2773 762 2838 miserunt.

363 2867 407 2924 -6.
432 2858 642 2924 Athenienses
669 2881 746 2924 vero
771 2871 904 2960 propter
933 2858 1196 2946 Mitylsnaeorum
1221 2861 1377 2946 quietem,

333 2943 436 3010 multo
450 2945 552 3032 magis
566 2945 755 3022 confirmati,
770 2967 873 3010 socios
891 2957 1067 3024 accersunt,
1083 2946 1137 3030 qni
1153 2944 1248 3033 longe
1267 2947 1376 3024 citius,

333 3051 424 3116 quom
435 3034 504 3116 quis
517 3033 695 3098 eristimore
701 3034 865 3116 potuisset,
877 3031 1047 3110 effirerunt,
1059 3031 1146 3120 quod
1161 3030 1239 3096 nihii
1255 3033 1378 3098 virium

333 3116 420 3202 sptid
449 3116 583 3183 Lesbios
611 3141 680 3183 esse
707 3117 1005 3183 animadverterent.
1035 3131 1068 3182 et
1096 3139 1172 3182 cum
1201 3119 1379 3184 australem

333 3203 422 3268 urbis
436 3217 560 3287 portem
574 3203 673 3268 classe
687 3203 977 3280 circumdedissent,
995 3205 1071 3268 bins
1085 3217 1188 3269 cestra
1201 3205 1245 3270 sd
1259 3205 1379 3270 urbem

333 3287 411 3356 ltine
425 3302 457 3355 et
472 3289 561 3355 illine
574 3289 729 3370 fecerunt,
745 3311 818 3375 quse
832 3291 932 3354 muris
947 3289 1129 3366 cinxerunt,
1144 3303 1177 3354 et
1191 3290 1232 3355 nd
1248 3304 1382 3357 utrum·

334 3398 396 3463 que
409 3389 538 3461 portum
555 3377 706 3442 stationes
725 3375 797 3440 urbi
817 3377 988 3462 proximas,
1004 3397 1042 3440 nc
1055 3375 1184 3440 infestes
1203 3375 1381 3456 hebebant,

334 3476 366 3526 et
381 3463 478 3526 meria
492 3462 621 3548 quidem
637 3483 696 3528 usu
713 3461 918 3548 Mitylenaeos
931 3460 1161 3547 prohibebant:
1191 3461 1381 3550 Mitylenaei

334 3569 420 3626 vero,
436 3547 554 3634 aliique
569 3549 691 3625 Lesbii,
704 3549 760 3634 qui
774 3550 837 3614 suis
849 3548 985 3613 subsidio
994 3551 1061 3635 jem
1076 3563 1241 3626 venerant,
1256 3565 1383 3617 caetera

335 3633 463 3721 quidem
493 3647 579 3699 terra
607 3634 827 3718 potiebantur:
850 3649 884 3700 at
912 3633 1000 3699 illem
1030 3646 1124 3700 terrae
1154 3649 1277 3718 partem
1307 3658 1383 3704 non

335 3741 496 3806 magnum,
524 3741 597 3805 quse
624 3719 747 3784 circum
777 3735 881 3787 castra
909 3733 986 3798 erat,
1014 3719 1225 3785 Athenienses
1253 3721 1288 3786 in
1317 3745 1384 3790 suc

335 3817 491 3892 potestate
508 3803 679 3870 hebebant.
724 3805 788 3872 Sed
809 3805 919 3872 Meles
938 3809 1193 3890 promontorium,
1209 3808 1286 3892 ipsis
1306 3825 1385 3876 erat

380 3891 442 3954 tius
456 3891 585 3956 nerium
596 3891 700 3969 statio,
713 3903 746 3956 et
758 3892 848 3960 locus
864 3907 1032 3958 mercatus.
1076 3895 1186 3979 Atque
1201 3893 1320 3959 bellum
1333 3897 1383 3964 ad

274 3994 280 4005 ’
380 3975 516 4062 'tylenen
532 3978 576 4043 its
589 3979 770 4067 gerebatur.

365 4153 377 4184 ⁶
390 4151 446 4198 Non
464 4154 529 4200 enim
547 4155 620 4202 tidem
637 4154 759 4200 habebunt
774 4153 814 4212 iis,
831 4167 886 4212 qum
902 4155 934 4202 nb
945 4153 1135 4200 Atheniensibus
1150 4154 1317 4204 offerebantur
1327 4164 1382 4205 etc.

338 4213 414 4262 Vatia.
433 4230 461 4264 ec
478 4219 498 4265 si
515 4219 588 4265 aliem
606 4218 735 4266 lectionem
755 4219 903 4278 agnovisset,
916 4231 990 4278 quam
1009 4215 1163 4284 tremitur.
1182 4217 1267 4268 fluns.
1283 4233 1315 4266 ex
1334 4222 1384 4282 iic,

333 4295 389 4341 qne
400 4281 430 4328 ad
439 4295 517 4344 marg.
528 4283 593 4330 Edit.
602 4295 653 4330 surr
665 4283 778 4330 scctmdoe
789 4283 915 4330 adnotavit
925 4281 1004 4343 sept
