2996 4782
337 307 378 366 36
697 295 999 366 THUCYDlDlS

337 484 437 536 totam
452 468 647 554 complexus,
663 469 848 535 condixerit
870 471 915 534 its
936 485 1027 535 natue
1047 491 1127 546 esse,
1142 481 1179 535 ut
1197 489 1300 554 neque
1315 469 1374 554 ipsi

338 557 448 638 velint,
463 578 566 642 neque
580 556 657 621 alios
674 555 821 621 mortales
832 558 992 643 quiescere
1006 557 1120 633 sinant,
1135 558 1161 620 is
1176 575 1285 619 verum
1300 555 1375 620 dix·

338 645 410 707 erit.

383 735 437 797 71.
454 727 530 792 “Et
544 741 660 805 tamen,
678 727 926 807 Lacedaemonii,
941 751 1013 792 cum
1038 729 1108 792 talis
1125 726 1318 812 Respublica
1336 726 1376 788 sit

340 815 429 878 vobis
454 813 643 893 adversaria,
656 835 712 876 voa
731 814 941 878 cunctamini:
965 827 996 879 et
1018 813 1215 890 existimatis,
1240 812 1299 876 illis
1319 811 1376 874 lto-

340 898 480 964 minibus
493 899 676 965 diuturnam
691 911 858 983 suppetere
872 899 1019 985 quietem,
1035 901 1091 984 qui
1105 897 1304 984 suoquidem
1321 919 1377 980 ap-

340 998 455 1070 paratu
471 986 616 1070 injuriam
636 985 716 1050 nulli
729 984 866 1062 faciunt3
889 985 944 1050 sed
959 997 1061 1049 tantm
1083 1005 1151 1068 prae
1166 1007 1198 1049 se
1211 983 1329 1060 ferunt,
1346 1005 1380 1047 se

341 1093 381 1136 eo
394 1093 461 1136 esse
475 1071 593 1148 animo,
610 1083 655 1148 ut,
671 1072 697 1133 si
711 1069 905 1137 lacessantur
918 1072 1044 1158 injuria,
1059 1093 1127 1134 earn
1145 1093 1209 1134 ιιοιι
1224 1070 1287 1134 sint
1301 1091 1377 1154 neg-

342 1157 473 1223 lecturis
496 1179 605 1222 rerum
627 1159 660 1220 in
681 1178 721 1220 eo
740 1158 793 1242 jus
817 1169 850 1220 et
875 1159 1057 1242 aequitatem
1080 1158 1207 1241 ponitis,
1228 1157 1254 1219 si
1275 1177 1379 1241 neque

342 1243 422 1308 alios
445 1242 596 1308 molestiis
617 1241 770 1320 efficiatis,
784 1263 888 1330 neque
901 1263 957 1308 vos
978 1244 1048 1328 ipsi,
1069 1243 1145 1306 dum
1162 1243 1226 1306 vim
1248 1239 1379 1327 propul-

343 1331 429 1409 satis,
453 1329 551 1393 ullum
575 1329 802 1393 detrimentum
824 1329 987 1414 capiatis„
1010 1331 1050 1392 At
1071 1329 1133 1393 hoc
1152 1331 1206 1391 vix
1228 1328 1379 1411 consequi

343 1416 486 1502 prosectis,
501 1415 622 1480 etiamsi
643 1416 692 1478 uel
711 1415 867 1479 civitatem
884 1428 996 1480 vestrm
1018 1415 1206 1498 proximam,
1222 1427 1254 1476 et
1269 1412 1377 1476 iisdem

344 1500 500 1582 moribus,
514 1523 552 1568 ac
567 1500 718 1564 institutis
732 1511 872 1565 utentem
888 1500 1055 1565 haberetis.
1098 1500 1171 1564 Jnm
1188 1521 1264 1562 vero
1279 1498 1379 1583 (quod

345 1599 377 1652 et
390 1587 488 1674 paulo
501 1599 575 1652 ante
587 1586 830 1668 declaravimus)
843 1588 937 1651 vestri
954 1608 1066 1662 mores,
1079 1608 1116 1651 ac
1130 1585 1273 1651 instituta
1287 1585 1380 1648 nimis

345 1688 419 1738 sunt
432 1674 562 1759 antiqua
577 1673 725 1737 adversus
739 1674 836 1758 ipsos.
880 1672 943 1736 Sed
963 1693 1088 1737 necesse
1102 1685 1160 1750 est,
1175 1670 1380 1758 quemadmo-

345 1757 424 1824 dum
439 1758 560 1823 artibus
574 1757 716 1823 accidere
731 1759 820 1835 solet,
833 1759 1002 1822 novissima
1012 1779 1146 1858 quumque
1160 1779 1284 1842 semper
1294 1757 1380 1819 evin-

345 1865 428 1911 cere.
472 1845 516 1910 Et
530 1845 647 1910 civitati
663 1845 789 1931 quidem
805 1855 927 1929 pacatae
943 1865 1080 1908 maxime
1093 1845 1278 1908 conducunt
1292 1843 1380 1906 inati-

346 1944 427 2018 tntn,
441 1951 516 2017 quae
531 1947 660 1996 manent
675 1935 822 1996 immota:
846 1931 901 1995 sed
917 1930 987 2006 illia,
1004 1933 1058 2016 qui
1073 1930 1113 1994 ad
1129 1930 1229 1995 multa
1238 1931 1380 2013 pericula

345 2031 504 2105 coguntur
519 2018 575 2095 ira,
591 2017 682 2081 novis
695 2019 789 2082 etiam
805 2030 836 2080 et
853 2016 1075 2081 commentitiis
1089 2016 1210 2080 artibus
1230 2029 1277 2079 est
1292 2035 1380 2098 opus.

348 2103 427 2168 ideo
447 2105 542 2168 etiam
566 2125 615 2167 res
636 2103 877 2169 Atheniensium
905 2116 1035 2187 propter
1060 2102 1192 2166 multam
1217 2105 1382 2186 experien-

346 2193 422 2254 tiam
434 2190 536 2278 magis
547 2201 672 2254 novata
683 2203 757 2252 aunt
770 2192 805 2252 ιἰι
815 2191 931 2268 melius,
943 2207 1039 2273 quam
1051 2201 1172 2252 vestrae.
1219 2189 1383 2252 Hactenus

345 2276 444 2363 igitur
458 2274 528 2339 haec
539 2286 640 2338 vestan
655 2274 786 2338 tarditas
796 2296 964 2361 progressa
977 2275 1175 2338 terminetur.
1218 2273 1292 2337 Jam
1309 2293 1382 2337 vero

346 2381 419 2426 cum
434 2360 516 2440 aliie,
531 2373 598 2426 tum
615 2362 708 2424 etiam
727 2359 937 2443 Potidaentis(
962 2360 1204 2424 uemndmodum
1220 2359 1382 2445 promisis-

347 2447 400 2528 tis)
423 2467 516 2532 opem
543 2445 660 2523 feratis,
687 2447 719 2510 in
747 2447 886 2511 Atticam
910 2383 1080 2527 celeritate,
1101 2457 1219 2531 quanta
1245 2445 1383 2508 nraxima

345 2533 485 2620 potestis,
499 2532 728 2616 irrumpentes:
752 2553 793 2596 ne
804 2533 887 2595 viros
897 2531 987 2596 vobis
998 2532 1116 2596 amicos
1127 2545 1222 2618 atque
1232 2544 1384 2618 cognatos

345 2617 563 2684 infensissimis
577 2617 709 2682 lontibus
731 2617 883 2701 prodatis,
900 2639 978 2683 nere
999 2639 1057 2682 nos
1078 2631 1210 2682 caeteros
1231 2637 1299 2702 prae
1314 2617 1384 2681 des·

346 2705 511 2789 paratione
533 2704 574 2767 ad
598 2703 733 2789 aliquam
757 2703 850 2768 aliam
873 2703 1052 2768 societatem
1080 2706 1274 2788 preterendum
1296 2725 1384 2766 com·

347 2789 482 2874 pellatis.
525 2788 673 2854 'Nullum
695 2801 801 2852 autem
823 2789 977 2875 flagitium
1001 2789 1213 2863 admittemus,
1230 2811 1334 2876 neque
1351 2789 1383 2852 in

347 2875 435 2954 deos,
449 2874 603 2939 foederum
628 2876 782 2953 conscios,
808 2895 910 2961 neque
935 2875 1100 2940 adversum
1127 2875 1282 2954 homines,
1306 2897 1386 2961 qnos

347 2964 468 3046 quidem
483 2973 618 3047 tangunt
631 2962 757 3047 injuriae
772 2962 942 3025 sociorum.
988 2960 1061 3026 Non
1078 2962 1161 3025 enim
1176 2962 1232 3046 qui
1243 2961 1386 3026 destituti

348 3046 390 3112 ad
411 3047 490 3112 alios
511 3069 544 3111 se
566 3059 766 3127 convertunt,
789 3046 823 3110 hi
845 3045 966 3110 foedera
987 3045 1056 3110 fran
1082 3059 1158 3112 unta
1181 3047 1235 3111 sed
1257 3047 1314 3124 illi,
1331 3047 1386 3133 qui

348 3155 443 3218 opem
458 3154 522 3197 non
538 3131 642 3198 ferunt
658 3133 845 3218 quibuscum
857 3133 1016 3218 jurarunt
1058 3069 1124 3197 {ed
1138 3134 1162 3196 si
1179 3153 1233 3196 vos
1248 3135 1293 3196 ud
1302 3153 1387 3216 opem

348 3221 436 3285 nobis
454 3221 621 3305 serendam
644 3219 758 3283 animis
778 3219 913 3304 promtis
936 3241 1003 3282 esso
1027 3217 1201 3296 volueritis,
1224 3221 1259 3282 in
1284 3231 1387 3283 verna

348 3309 494 3370 swietute
507 3327 545 3368 uc
564 3303 684 3368 loedere
702 3302 968 3388 permanebimus.
1014 3303 1082 3368 Nec
1104 3305 1187 3368 enim
1203 3303 1256 3386 pie
1269 3303 1389 3368 facere·

350 3411 431 3468 mus,
457 3391 484 3455 si
512 3402 691 3474 permutata
713 3390 860 3454 socictate
884 3410 940 3452 vos
967 3389 1191 3466 desereremus,
1221 3410 1281 3454 nec
1310 3391 1389 3454 alios

351 3478 478 3561 majore,
492 3497 590 3561 qnam
605 3496 661 3538 vos
676 3476 760 3551 estis,
776 3475 923 3551 amicitia,
940 3488 972 3539 ot
985 3475 1198 3539 familiaritate
1220 3476 1389 3541 nobiscum

351 3564 536 3648 conjunctos
549 3561 772 3624 inveniremus.
817 3561 927 3636 Quare
940 3560 982 3625 de
1002 3559 1051 3624 hia
1065 3561 1248 3648 diligentius
1262 3563 1390 3628 consul·
1430 3593 1436 3602 ·

352 3659 427 3724 tate,
457 3647 592 3731 doteque
616 3667 757 3731 operam,
788 3659 824 3710 ut
855 3645 1075 3730 Peloponneso
1103 3647 1148 3710 ita
1176 3647 1323 3730 praeitis,
1354 3662 1391 3714 ut

353 3733 458 3816 potius
480 3735 633 3818 augeatis,
649 3753 743 3818 quam
766 3731 960 3797 imminuatis
982 3733 1080 3816 ipsius
1101 3733 1283 3818 imperium,
1301 3733 1390 3820 quod

354 3817 449 3883 vestri
461 3819 597 3903 majores
609 3818 700 3881 vobis
714 3817 922 3882 tradiderunt.

397 3911 449 3972 72.
473 3903 580 3989 Atque
595 3902 757 3968 Corinthii
772 3902 900 3988 quidem
923 3902 993 3966 haec
1010 3903 1167 3967 dixerunt.
1213 3905 1391 3971 Athenien·

354 3991 436 4055 sium
453 4011 527 4054 vero
538 3991 637 4075 legati
657 3999 728 4054 tunc
747 3989 793 4053 ibi
813 3990 956 4065 aderant,
974 3993 1062 4073 (casu
1083 3989 1172 4053 enim·
1183 3991 1323 4077 quodam
1345 3991 1391 4056 lo·

387 4180 462 4234 tQua
471 4183 496 4227 in
507 4195 534 4229 re
550 4181 611 4228 nihil
622 4181 826 4241 delinqueremua,
839 4193 916 4240 neque
932 4180 957 4226 in
970 4181 1036 4238 deos,
1047 4181 1164 4228 ruderum
1182 4183 1299 4238 conscios,
1312 4195 1393 4242 neque

354 4247 380 4294 in
391 4244 511 4306 homno,
523 4248 564 4308 qui
573 4246 620 4296 ists
630 4247 739 4294 sentiunt
749 4251 796 4292 etr.
818 4244 924 4292 Aeacius.
945 4245 1079 4296 Hubleas'ur.
1109 4246 1192 4294 liuns.
