2994 4788
325 267 633 354 rnuorntms
657 275 783 354 enar.
809 285 900 355 rna
923 288 983 356 ιν.
1098 289 1169 361 :aar

123 457 224 524 nenia
244 456 384 524 reditum
408 457 505 524 rium
528 458 684 545 pneuma
704 459 850 549 degebat,
871 459 934 526 hoo
953 462 1059 548 ipsum
1081 458 1172 554 ssagl-
1203 475 1267 538 aaa.

121 546 216 624 tanti,
237 557 276 612 ut
301 543 351 610 hia
374 546 520 626 naribus,
541 545 568 609 ai
587 545 692 625 vellet,
711 548 797 613 eirca
820 546 1076 635 Peloponnesum
1103 553 1277 667 uta-‘m-

122 645 312 786 rappcum
328 731 435 784 autem
449 717 533 784 inter
554 719 771 807 navigandum
792 743 811 786 e
833 723 964 824 regione
981 723 1052 810 agri
1069 676 1171 790 Lean
1184 679 1284 801 (ἔῃ

124 805 190 871 niti
216 803 360 884 inissent,
386 817 418 871 et
446 808 640 892 accepissent
671 806 974 892 Peloponnesiorum
1005 829 1101 876 nerea
1128 812 1171 878 ad
1196 804 1271 866 Μ

121 892 213 959 Cere
235 913 304 958 ram
313 892 380 979 jam
396 893 566 978 appulisse,
585 893 793 978 Eurymedon
805 895 934 982 quidem
951 907 983 962 et
996 897 1173 982 Sophoclea
1187 875 1271 966 7²¹¹·

122 980 165 1044 ad
196 915 372 1066 goroyranr
399 978 532 1045 tendere
559 980 787 1066 properabant.
830 981 1067 1049 Demosthenen
1098 1003 1173 1050 vero
1207 939 1264 992 m

122 1089 179 1130 eoa
206 1065 407 1148 hortabatur,
432 1078 468 1131 ut
496 1068 639 1152 primum
663 1066 782 1154 Pylum
811 1068 1019 1154 appellarant,
1041 1070 1174 1152 delude,

118 1152 261 1238 peractis
276 1152 380 1231 rebat,
396 1175 469 1239 quae
483 1153 678 1241 peragendae
692 1165 804 1233 essent,
817 1156 1030 1244 navigationis
1041 1177 1172 1223 cursum

122 1239 331 1306 conficerent.
376 1239 444 1304 lilia
454 1263 529 1305 vero
541 1240 841 1321 contradicentibus,
853 1241 936 1308 forte
948 1241 1077 1312 munna
1092 1255 1173 1308 tem-

121 1341 230 1411 pestat
254 1337 367 1428 exortq
390 1321 520 1392 classem
546 1327 662 1428 Pylum
685 1327 809 1393 detulit.
854 1328 1090 1430 Demosthenen
1115 1353 1173 1396 au-

117 1412 1173 1587 {tilt‘ttttl„tttslttttltttffl‘ffltnlt

121 1585 181 1651 bat
195 1602 313 1665 autem,
329 1607 479 1676 magnam
495 1609 562 1651 ease
581 1587 742 1674 lignorum
767 1587 974 1674 lapidumque
984 1591 1123 1676 copiam,
1139 1603 1172 1656 et

122 1672 232 1737 locum
257 1683 372 1738 natura
398 1675 555 1738 munitum
582 1693 659 1751 esee,
686 1685 719 1738 et
742 1691 818 1738 oum
843 1677 958 1761 ipaum,
983 1687 1050 1741 tum
1072 1679 1171 1744 etiam

118 1777 156 1824 rn
223 1775 278 1824 nm
305 1758 389 1824 illiue
414 1760 484 1849 agri
509 1769 646 1824 tractum
674 1761 883 1826 eircumciroa
907 1764 1066 1828 desertum
1093 1781 1169 1830 eene.

122 1844 176 1934 Py
191 1844 359 1912 unanima
377 1846 494 1932 Sparta
507 1846 604 1912 dietat
618 1847 721 1911 stadia
736 1847 863 1912 cireiter
877 1849 1122 1936 quadringenta,
1138 1864 1171 1916 et

120 1931 185 1998 rita
206 1945 254 1998 eat
274 1931 309 1996 in
331 1951 372 1997 eo
392 1951 481 2016 agro,
498 1933 554 2021 qui
568 1932 647 1997 olim
668 1944 737 1996 erat
754 1932 1052 2021 Mesaenina,quem
1068 1935 1170 2001 Laee-

121 2018 285 2084 daemoaii.
299 2017 521 2105 Coryphaaion
544 2031 690 2084 vocante
718 2018 770 2084 illi
785 2041 862 2085 vero
882 2021 1042 2099 dicebant,
1058 2021 1171 2104 'inulta

120 2127 190 2170 eaae
206 2104 420 2194 Peloponnesi
437 2106 661 2192 promontoria
674 2103 809 2185 daena,
825 2108 851 2171 ai
867 2107 902 2171 in
917 2107 954 2172 iia
975 2105 1170 2193 occupandis

116 2191 286 2256 eivitatem
301 2190 473 2258 exhaurire
486 2192 571 2258 velit.
616 2192 778 2258 Coeterum
796 2193 871 2259 linio
892 2193 982 2259 looua
1001 2195 1059 2260 iate
1074 2194 1170 2281 longe
1240 2205 1264 2248 ''-

121 2277 334 2356 commodior,
348 2299 445 2366 qnam
464 2278 548 2345 ullus
562 2278 652 2358 aliua,
668 2301 736 2344 ease
751 2279 929 2360 ridebatur,
945 2293 1013 2346 turn
1027 2280 1117 2367 qaod
1139 2281 1169 2346 ei
1248 2337 1251 2344 .

120 2375 238 2452 portua
259 2363 427 2454 adjaceret,
443 2376 511 2434 tum
532 2367 630 2430 etiam
645 2365 733 2452 quod
749 2363 915 2447 Messenii,
932 2368 985 2456 qui
1001 2367 1170 2456 olimoog·
1253 2371 1257 2378 ’

117 2447 255 2518 'natione
269 2473 341 2520 curn
357 2451 441 2517 illiue
463 2452 525 2517 loci
541 2452 653 2517 incolia
663 2454 834 2539 -oonjuncti
848 2453 984 2532 fueram,
999 2466 1032 2519 et
1045 2453 1168 2532 eadem,

120 2559 188 2626 qua
217 2535 465 2617 Lacedaemonii,
496 2538 607 2628 lingua
645 2540 827 2618 utebantur,
857 2540 946 2605 illino
975 2539 1168 2625 prodeuntes

114 2625 264 2727 plurima
287 2624 405 2691 damna
424 2627 671 2692 Laeemoniis
690 2625 798 2690 daturi
818 2639 933 2705 eaaent,
955 2626 1048 2692 simul
1071 2627 1168 2692 etiam

120 2711 209 2777 tilius
222 2711 301 2778 loeia
314 2711 423 2778 fideiea
437 2712 584 2778 auatodea
597 2711 695 2777 futuri
706 2721 820 2778 eaaeat.

166 2807 199 2863 4.
225 2795 289 2864 Sed
303 2819 377 2864 cnm
388 2811 494 2886 neque
506 2797 651 2876 ducibus,
664 2819 770 2886 neque
783 2799 939 2865 militibus
954 2813 1026 2866 rear·
1038 2819 1169 2885 perana-

119 2885 200 2951 dere
213 2899 329 2972 poeaet,
345 2905 442 2971 quam
462 2887 556 2950 etiam
579 2897 691 2972 poatea
711 2907 784 2951 curn
806 2888 883 2972 ipaia
900 2885 1059 2973 praefectis
1081 2905 1169 2952 oom—

119 2973 315 3053 mnnicarat,
333 2983 465 3058 propter
486 2971 657 3060 navigandi
675 2971 892 3039 difficultatem
912 2974 1042 3060 quierit,
1065 2973 1169 3038 donea

119 3060 210 3144 ipaoe
226 3057 340 3123 militen
353 3060 456 3124 otium
471 3073 611 3160 agentes,
627 3079 669 3124 ex
691 3059 896 3124 contentione
916 3061 1000 3125 inter
1014 3079 1070 3125 eos
1084 3071 1168 3137 orta,

120 3145 186 3210 loci
210 3145 377 3210 muniendi
396 3145 554 3232 cupiditas
574 3145 703 3210 invasit.
748 3144 862 3233 Itaque
885 3163 1002 3210 manua
1021 3146 1062 3210 ad
1086 3165 1169 3230 opna

118 3230 304 3298 faciendum
328 3231 549 3310 admoverunt,
566 3231 657 3296 nulla
677 3231 872 3297 ferramenta
896 3233 937 3297 ad
961 3229 1083 3316 lapidea
1105 3248 1169 3296 οε-

119 3317 246 3384 dendoa
271 3317 435 3395 habentes,
451 3318 505 3384 aed
528 3341 582 3382 eoa
606 3339 681 3382 oum
710 3316 834 3383 delectu
858 3329 1112 3404 comportantem
1136 3331 1169 3382 et

119 3405 180 3471 ubi
203 3403 339 3492 quiaque
367 3417 444 3491 apta
471 3405 630 3490 quadrare
702 3416 794 3483 terat,
824 3406 1103 3493 coagmentabant.
1136 3415 1169 3470 et

116 3492 238 3569 lutum,
254 3491 356 3556 neubi
370 3513 452 3596 opus
465 3491 521 3556 illo
536 3505 625 3568 estet,
641 3513 662 3555 o
699 3511 846 3556 vasorum
862 3491 1039 3578 penuriam,
1054 3490 1169 3556 huma·

118 3577 363 3665 rinportabant3
388 3590 433 3643 tta
442 3578 699 3664 procumbentes,
709 3593 746 3642 ut
757 3577 1013 3644 eommodiaime
1024 3579 1057 3643 in
1069 3577 1168 3644 dorao

118 3677 449 3753 permanereposaet3
472 3665 645 3751 quinetiam
668 3683 782 3730 manua
804 3687 823 3730 a
845 3675 936 3752 tergo
955 3677 1167 3744 conaerentea,

117 3773 162 3818 ne
192 3749 364 3816 decideret.
410 3749 574 3839 Omnique
609 3752 734 3816 ratione
768 3753 984 3838 properabant
1014 3751 1167 3818 Lacedae

119 3838 248 3904 monioa
271 3849 478 3915 antevertere,
494 3851 526 3903 et
548 3835 617 3902 illas
641 3833 855 3904 munitionum
881 3851 999 3925 partes,
1014 3861 1088 3925 quae
1107 3857 1168 3922 op—

115 3923 312 4012 pugnationi
341 3925 483 3989 maxime
516 3938 710 4011 opportunae
744 3937 845 4003 erant,
876 3927 965 4012 priua
994 3925 1166 4001 absolvere,

143 4033 219 4077 nam
245 4009 292 4077 ilii
320 4010 362 4076 ad
387 4031 481 4098 opem
506 4011 577 4076 loco
599 4011 762 4076 ferendam
785 4012 941 4078 venirent.
967 4033 1040 4076 nam
1067 4012 1169 4098 major

118 4035 294 4252 {liliqupci
309 4119 384 4185 para
403 4109 516 4183 suopte
535 4097 598 4162 situ
619 4097 743 4163 munita
765 4112 844 4176 erat,
859 4119 1016 4186 muroque
1036 4117 1103 4162 non
1117 4099 1168 4162 in·

144 4207 153 4250 r
178 4207 197 4250 e
257 4233 265 4252 .
1152 4215 1155 4222 ·

155 4207 199 4338 gd.
223 4269 463 4336 Lacedaemonii
480 4292 554 4336 vero
581 4281 657 4336 tunt
675 4269 760 4336 forte
782 4270 865 4336 diem
888 4269 1002 4336 sertum
1018 4269 1166 4358 agebant,
