2996 4782
447 313 699 382 HISTORIAE
719 313 811 382 tut
827 314 855 380 1.
1124 326 1164 384 et
1189 387 1192 393 ,

127 505 217 559 murt
238 483 295 550 sed
319 497 357 548 ut
381 485 521 570 ipnorum
547 461 645 552 duces
667 505 815 562 essemus,
834 497 867 550 et
888 486 993 570 quoad
1014 486 1104 554 dccet
1124 488 1167 554 ab
1245 533 1250 541 ι

128 569 187 634 illis
204 569 404 636 coleremurt
425 585 549 640 creterra
571 572 655 636 enim
675 572 811 635 coloniae
832 591 892 635 nos
913 571 1083 650 honorant,
1098 586 1131 648 et
1147 597 1167 638 a

1 707 2 715 ,
128 659 245 720 aaran
267 655 390 721 colonis
415 657 556 722 maxime
577 655 751 742 diligimur.
796 659 904 741 Atque
924 658 998 720 diac
1021 671 1119 742 patet,
1140 661 1166 724 si

1 753 2 788 l
128 741 247 826 majori¹
259 744 432 806 cclcaerrrm
446 763 582 806 nurnero
602 741 686 843 grati
707 762 828 819 sununs,¹
842 763 906 806 nes-
922 741 989 808 istis
1010 744 1085 808 solis
1106 745 1166 809 im·

1 831 2 856 ³
128 826 243 891 merito
256 846 324 892 esse
339 827 672 914 ingratosacr'nnrsoc,
687 848 790 913 neque
811 827 1020 912 bellumipuis
1033 829 1166 895 honeste

1 962 2 1004 ,
129 911 274 977 illaturos
286 911 391 990 tunae,
403 913 465 978 nisi
478 913 574 978 etiarn
589 913 747 998 insignem
761 911 900 997 aliqtram
915 913 1061 999 injuriam
1077 937 1166 981 aeca-

128 997 290 1080 pissemns.
315 999 538 1085 Sed,qnamvia
547 1008 881 1082 permaneam
889 999 953 1062 illis
961 999 1090 1084 quidem
1117 1000 1165 1065 lo-

127 1082 687 1164 rimmfuisseairaeundioeaoena
696 1083 836 1158 cessisse3
861 1084 1062 1149 nobisverof
1110 1109 1165 1152 um

127 1190 165 1232 ce
177 1170 306 1254 mane,
318 1189 428 1234 eorum
444 1169 654 1236 moderationi
663 1167 725 1232 vim
738 1168 888 1234 attulisse.
921 1169 1167 1255 Sedpetuluntia

1 1253 2 1338 l
128 1275 289 1404 opamque
302 1254 441 1335 licentia,
455 1277 527 1322 cum
542 1253 605 1319 slis
620 1253 720 1354 multa
739 1255 772 1318 in
790 1275 849 1318 uos
864 1269 1084 1355 peccaverunt,
1096 1269 1163 1322 tarn

1 1345 2 1354 ’
126 1340 221 1404 aiam
274 1340 473 1426 pidamnum,
498 1353 615 1406 nostrae
639 1340 767 1405 ditionis
792 1339 960 1416 coloniam,
984 1341 1061 1406 dum
1086 1343 1165 1408 dello

1 1477 2 1502 ,
126 1439 305 1506 vmaremr,
320 1426 382 1492 sibi
402 1447 467 1491 non
487 1425 713 1500 vendicarunt3
734 1424 826 1490 nobis
840 1447 916 1490 vero
936 1427 1049 1492 auxilii
1070 1450 1166 1494 causa

1 1532 2 1535 ¹
127 1533 160 1574 eo
173 1510 335 1596 profectis,
350 1533 408 1596 per
423 1509 487 1576 rim
502 1525 627 1596 captam
643 1512 788 1576 retinent.

1 1657 2 1662 ,
168 1607 224 1664 39.
248 1597 447 1662 “Ettamen
462 1597 618 1672 dictitant,
634 1599 839 1662 sekocdere
854 1595 979 1681 judicio
997 1597 1164 1680 priusdis·

126 1694 255 1783 ceptape
266 1683 420 1748 voluisse:
441 1683 530 1833 guod
547 1683 667 1782 quidem
681 1681 864 1781 nonjltum,
880 1682 935 1766 qui
949 1685 1093 1765 superior
1105 1698 1168 1764 est,

125 1781 157 1832 et
169 1789 227 1854 qur
241 1789 284 1832 ex
298 1779 369 1833 tuto
386 1770 427 1834 ud
473 1790 582 1854 squam
596 1770 854 1867 disceptationem
873 1781 1032 1851 provocet,
1047 1769 1164 1854 kopor-

1 1841 2 1868 ³
126 1867 172 1917 tet
181 1854 282 1919 videri
293 1876 436 1931 serrare3
458 1854 693 1938 sedillum,qur
706 1852 1165 1936 antedisceptetionem¹lacta

125 1939 230 2004 verbis
245 1951 362 2027 aequat.
407 1940 464 2005 lsti
479 1961 554 2005 sero
575 1961 640 2003 non
663 1939 846 2040 priusquam
868 1937 951 2002 hunc
974 1939 1083 2004 urbem
1106 1944 1163 2005 ob·

1 2017 2 2058 l
124 2023 281 2090 siderent:
305 2026 360 2090 sed
374 2039 542 2112 postquam
555 2046 615 2089 nos
627 2026 706 2088 tanc
720 2045 867 2107 rrrJurraar
884 2045 950 2086 non
965 2023 1164 2110 neglecturos

1 2115 2 2150 ³
122 2111 356 2188 existimarunt,
372 2125 448 2176 tunc
462 2133 535 2176 vero
549 2123 581 2175 et
595 2109 687 2174 istam
701 2108 874 2194 speciosam
884 2109 966 2194 juris
980 2110 1163 2196 oequitatem

124 2197 335 2279 protulerunt.
381 2197 423 2262 Et
437 2209 539 2262 tamen
553 2195 617 2260 buc
632 2196 775 2274 veniunt,
791 2207 812 2234 '¹¹
821 2194 965 2279 quamvis
978 2216 1045 2259 non
1059 2195 1163 2262 edum

1 2307 2 2336 1
123 2281 237 2346 inillis
259 2284 347 2348 rebus
367 2284 546 2367 peccarint:
569 2282 624 2346 sed
647 2281 741 2346 etiarn
765 2291 801 2344 ut
821 2300 909 2345 nunc
930 2301 997 2344 non
1019 2283 1052 2348 in
1076 2283 1160 2362 belli,

123 2367 176 2430 sed
205 2370 238 2431 in
262 2371 415 2432 scelerum
442 2368 622 2432 societatem
645 2367 710 2430 suis
733 2366 880 2451 precibus
901 2388 957 2430 ros
977 2381 1100 2446 vocent,
1123 2392 1161 2435 ac

122 2465 224 2530 orent,
243 2467 281 2518 ut
302 2477 345 2530 se,
368 2465 492 2519 nostros
512 2453 629 2528 hostes,
652 2451 822 2536 recipiatis.
867 2451 959 2526 Quos
980 2457 1160 2536 oportebat,

122 2559 220 2622 quum
237 2540 419 2623 apericulis
441 2551 532 2604 erant
552 2538 763 2614 remotissimi,
781 2551 857 2602 tunc
870 2540 915 2602 od
928 2557 978 2602 uos
992 2539 1160 2617 accedere3

124 2645 186 2687 non
203 2638 311 2689 autem
327 2627 456 2711 quando
470 2647 528 2690 nos
543 2624 670 2709 quidem
686 2623 834 2708 injuriam
846 2623 960 2686 abillis
970 2625 1159 2709 accepimus,

122 2709 130 2770 i
154 2710 181 2774 si
197 2731 274 2774 sero
295 2711 531 2796 periclitantem
554 2731 658 2796 neque
679 2729 718 2772 ec
740 2721 894 2792 tempore,
910 2730 976 2794 quo
990 2731 1056 2788 vos,
1071 2711 1161 2779 nullo

170 2807 227 2861 ctu
253 2817 295 2860 ex
319 2796 461 2882 ipsorum
481 2796 624 2880 potentis
643 2807 804 2880 percepto,
825 2807 928 2860 vestra
948 2795 1067 2862 auxilia
1082 2801 1162 2880 apsis

116 2880 182 2964 jam
209 2883 285 2946 estis
309 2883 516 2968 impertituri3
538 2895 570 2946 et
592 2891 805 2966 qia-tempore
824 2901 889 2957 vos,
906 2879 961 2966 qui
983 2883 1096 2964 procul
1118 2887 1159 2951 ab

122 2966 249 3032 illorum
264 2967 456 3034 facinoribus
470 2967 622 3043 abfuistis,
638 2987 746 3051 parem
769 2965 895 3051 culpam
919 2967 1005 3050 apud
1020 2989 1078 3032 nos
1092 2954 1159 3034 sd's·

1 3063 2 3135 l
121 3053 273 3119 tinebitis.
316 3053 388 3118 Jum
404 3053 528 3138 pridem
547 3066 652 3120 autem
673 3062 852 3135 oportuerat
874 3055 955 3128 illos,
971 3053 1088 3120 viribus
1103 3077 1159 3120 vo·

1 3139 2 3206 Q
122 3137 242 3204 biscurn
269 3139 522 3215 communicatis,
551 3159 735 3204 communes
762 3139 856 3202 etiam
884 3159 986 3202 rerum
1014 3161 1101 3206 castra
1129 3153 1160 3206 et

122 3239 251 3290 everrtus
273 3224 402 3290 habere.
449 3227 493 3292 Ul
515 3237 621 3290 autem
646 3224 785 3288 solorum
805 3225 974 3288 criminum
995 3225 1071 3290 socii
1094 3248 1157 3291 non

1 3292 2 3370 l
121 3307 231 3388 firistis,
247 3311 399 3376 nicetium
414 3311 529 3376 horum
546 3320 729 3390 malerten,
744 3331 817 3395 quoe
833 3331 881 3374 res
900 3322 1004 3395 gestas
1020 3331 1159 3397 sequun-

121 3407 181 3474 tur,
193 3419 248 3462 oos
262 3399 394 3462 minime
406 3398 576 3483 participes
590 3403 657 3461 esse
671 3405 802 3478 opertet.

161 3493 216 3550 40.
240 3489 264 3528 ‘⁶
276 3482 374 3560 Quod
392 3483 490 3569 igitur
511 3481 768 3548 convenientibus
780 3483 942 3566 firmisque
958 3481 1046 3567 juris,
1061 3503 1157 3571 argu-

121 3572 233 3634 mentis
246 3568 394 3636 instructi
407 3571 464 3634 lruc
474 3569 516 3634 cd
530 3590 587 3634 ros
601 3567 791 3644 venerimus,
808 3567 859 3631 isti
875 3589 949 3633 vero
964 3566 1104 3645 violenti,
1121 3592 1158 3635 ac

119 3653 213 3720 alieni
226 3669 371 3739 raptores
385 3655 535 3738 sintjam
548 3653 682 3739 planum
695 3665 742 3717 est
755 3652 886 3719 sactum.
931 3653 1029 3730 Quod
1050 3665 1157 3720 amem

117 3740 204 3824 ipsos
218 3740 307 3806 salso
316 3743 391 3828 jure
404 3739 544 3826 recipere
558 3761 623 3804 non
639 3739 775 3824 possitis,
790 3739 911 3804 discere
925 3752 1156 3839 nuncpportet.

1 3830 2 3842 ¹
121 3826 205 3891 Nam
227 3828 373 3915 quamvis
391 3829 425 3892 in
446 3825 565 3892 federa
587 3826 627 3890 sit
651 3825 817 3910 scriptum,
837 3825 968 3891 cuilibet
992 3836 1156 3894 crntatum

116 3911 230 3978 foederi
240 3935 307 3979 non
322 3913 553 4018 adscripturum
566 3911 660 3978 licere
674 3911 716 3976 cd
731 3923 819 3977 utras
830 3911 904 3977 velit
918 3922 1024 3995 partes
1035 3933 1068 3978 se
1078 3933 1156 3980 cou-

151 4083 311 4135 houmere
321 4088 458 4148 putandum
469 4092 515 4134 est.
547 4085 605 4133 Alli.
641 4085 727 4133 Heus.

149 4144 158 4185 ¹
170 4149 251 4198 ratu
260 4152 351 4212 puriter
360 4159 434 4212 atque
445 4152 552 4198 mationa
563 4152 705 4210 equitatem
716 4152 813 4198 retinet.
847 4149 913 4196 Cura.
948 4145 1035 4194 Hunc,

149 4217 171 4246 ὓ
182 4213 238 4261 lion
258 4217 318 4264 salla
337 4217 463 4273 babentes.
481 4227 537 4277 quae
554 4215 601 4276 ipsi
617 4228 647 4262 ea
662 4215 688 4261 in
708 4229 734 4262 re
750 4221 890 4277 peccarunt,
907 4213 954 4260 nisi
970 4212 1045 4260 etium
1062 4215 1092 4257 ut
1108 4215 1154 4256 etc.

114 4277 186 4328 cm
212 4279 304 4328 liuns.
424 4299 428 4304 ·
613 4330 618 4337 ,
