2990 4792
374 325 622 402 HISTORIAE
646 329 736 400 Ltn
760 329 821 396 ill.
1048 337 1119 404 Μ
1220 337 1227 348 ’

100 499 139 562 ed
154 517 202 567 mr
221 495 378 578 definiunt,
398 521 493 585 opem
512 523 576 568 non
600 501 717 570 ieratis.
761 501 826 574 sed
847 501 876 569 ei
895 516 1033 580 eortstet.
1046 503 1117 574 illos
1151 519 1212 570 nen.

100 583 261 737 pitobisin
282 584 457 658 libertatem
477 587 642 670 vindicari,
658 593 757 656 robur
778 588 854 656 belii
875 588 998 656 firmius
1020 589 1117 658 habe
1139 587 1221 702 Ἠ·

130 681 172 734 ns.

137 763 213 826 “ln
234 757 425 832 Greeotarn
456 761 554 849 igitur
582 779 665 845 spes,
691 783 772 846 quas
798 762 833 830 in
860 761 950 830 vobis
978 775 1113 849 ponunt,
1130 716 1228 837 offis

98 839 249 945 ipsnmqpe
265 845 378 912 iovem
401 844 592 933 Olympium
614 859 804 925 renuentes,
826 848 860 914 in
882 849 973 935 cujus
995 849 1115 935 templo
1139 841 1213 960 {³2⁰-

98 929 273 1014 upplrerbua
295 932 414 1000 similes
435 955 557 1009 sumus,
583 931 776 1018 Mitylenaeis
797 935 832 1000 in
855 944 992 1002 vestram
1014 937 1114 1004 sonia·
1148 921 1213 1032 ἦ·

16 1075 17 1082 ,
98 1025 180 1082 talen
194 1020 326 1105 receptis
346 1040 440 1104 opem
461 1020 580 1098 feretis,
595 1041 700 1108 neque
721 1043 779 1088 nos
801 1020 962 1100 deseratis.
1024 1023 1114 1108 'pri-

96 1115 159 1166 ruo
177 1104 299 1188 quidem
321 1106 463 1191 periculo
485 1127 626 1191 corpore
643 1128 724 1172 nune
744 1106 926 1192 objicimus:
950 1129 983 1174 se
1025 1131 1114 1177 unm·

98 1207 208 1257 munem
241 1192 419 1270 utilitatem,
450 1193 476 1258 ri
512 1213 579 1258 rem
613 1191 745 1260 feliciter
778 1215 935 1280 geramus,
966 1196 1114 1262 omnibus

96 1272 205 1344 allaturi
226 1299 350 1356 sumuss
376 1291 409 1346 et
431 1278 584 1346 denutum
607 1277 704 1380 longe
729 1281 939 1358 communius,
965 1282 1001 1357 si,
1025 1281 1114 1350 vobit

16 1447 17 1452 ἵ
95 1379 148 1424 non
169 1365 311 1442 exoretis,
331 1365 486 1433 labanius.
532 1365 644 1436 Estote
665 1367 764 1453 igitur
785 1365 855 1444 viri,
871 1367 980 1455 quales
1000 1381 1033 1434 et
1053 1369 1114 1454 ipsi

96 1442 189 1516 Greci
203 1471 256 1518 vos
271 1473 339 1516 esse
348 1451 505 1536 judicent,
521 1467 553 1518 et
568 1465 675 1518 noster
692 1465 795 1520 matus
809 1452 1002 1522 desideret·”

130 1542 175 1602 15.
197 1536 303 1623 Atque
319 1536 499 1624 Mitylenaei
513 1537 641 1624 quidem
664 1537 736 1606 hee
749 1539 914 1606 dixerunt.
959 1540 1112 1609 Laeana-

93 1621 177 1684 nonii
190 1644 272 1702 veno,
288 1647 464 1711 eorumque
478 1624 566 1702 socii,
579 1641 653 1693 eum
669 1625 739 1695 hee
753 1625 924 1702 audissent,
937 1645 1113 1713 eorumque

93 1707 234 1786 postulate
262 1711 533 1796 comprobassent,
563 1711 691 1776 lesbios
709 1714 749 1776 -in
780 1713 960 1778 societatem
986 1735 1112 1797 recepe-

92 1807 165 1869 runt,
179 1808 209 1862 et
222 1797 430 1883 irruptionem
455 1801 488 1862 in
510 1817 623 1888 agrum
640 1798 785 1864 Atticum
800 1797 978 1866 leniendam
1000 1819 1111 1864 oense*

91 1893 180 1948 erunt
212 1881 254 1948 Et
268 1885 371 1961 sociis,
411 1885 444 1948 ui
458 1885 602 1961 aderent.
618 1883 800 1965 edixerunt,
815 1897 852 1948 ut
865 1885 971 1968 primo
985 1907 1113 1971 quoque

91 1975 216 2052 tenpore
236 1991 310 2036 oum
332 1907 456 2038 daubus
478 1990 609 2038 suerum
632 1971 798 2054 copiarum
821 1970 965 2054 partibus
980 1973 1013 2040 in
1029 1971 1112 2040 leth·

90 2068 163 2118 tnum
189 2055 282 2134 irent,
313 2069 349 2122 ut
379 2060 582 2140 irruptionem
613 2054 646 2121 iu
676 2076 783 2142 agrum
814 2057 950 2124 Atticum
986 2053 1112 2124 facturi.

91 2133 205 2224 ipsique
227 2143 325 2226 primi
351 2165 387 2210 eo
413 2143 547 2220 iverunt,
571 2159 604 2207 er
628 2143 848 2220 instrumente,
875 2143 990 2229 quibus
1015 2163 1112 2210 naves

89 2222 243 2294 tnhunrar
271 2251 309 2296 ae
337 2229 568 2306 subducuntur,
594 2229 628 2296 in
656 2228 779 2297 Isthmo
806 2241 972 2315 pararent,
999 2243 1035 2296 ut
1059 2251 1112 2298 eea

90 2305 230 2384 Corintho
248 2315 423 2384 subduetss
437 2316 470 2380 in
488 2337 586 2393 mere,
602 2313 688 2401 quod
704 2315 848 2386 Athenas
862 2327 992 2401 spectat,
1008 2327 1113 2384 trans·

16 2431 17 2434 ¹
88 2411 243 2479 perurens,
267 2417 300 2466 et
321 2423 392 2470 eum
417 2401 592 2478 navalibus,
614 2399 877 2492 pedestribusque
896 2403 998 2552 ¹copiis
1018 2403 1113 2470 simul

87 2482 207 2556 Atticum
228 2487 428 2556 invaderent.
474 2487 518 2556 Et
544 2488 577 2552 hi
607 2487 733 2573 quidem
760 2487 907 2556 alacriter
959 2511 1005 2554 aea
1035 2487 1112 2556 faei-

86 2565 179 2641 abent.
222 2573 340 2642 ceteri
363 2597 438 2642 sero
458 2575 537 2642 socii
561 2573 644 2640 lente
666 2574 909 2651 eonveniebent,
933 2589 966 2636 et
989 2575 1021 2640 in
1045 2573 1111 2640 fru-

84 2653 173 2813 ἓξὲξ
186 2660 377 2748 colligendis
398 2673 490 2730 eram
512 2660 670 2746 occrspati
692 2659 880 2748 militiisque
901 2659 998 2728 redte
1021 2673 1111 2728 erant

16 2795 17 2798 ,
153 2755 183 2810 tt.

123 2836 167 2895 16.
190 2833 401 2900 Athenienses
414 2855 503 2915 vero,
519 2855 594 2906 eum
609 2855 662 2900 eoa
683 2845 814 2918 propter
822 2835 947 2917 falsum
968 2855 1036 2902 auu
1049 2834 1110 2900 im·
1118 2843 1223 2906 Augu

85 2909 248 2987 hostilitatis
262 2921 447 3004 opinionem
464 2943 497 2986 se
517 2922 675 2987 instruere
696 2918 947 2996 intellexissentt
970 2939 1111 3006 eumque

83 2995 233 3074 &daran
263 3005 392 3083 vellem,
421 3029 476 3071 eos
505 3027 571 3074 non
602 3019 686 3074 reete
720 3006 846 3082 sentire,
876 3003 932 3074 aed
963 3027 1007 3086 se,
1036 3005 1111 3074 lia'et

84 3084 308 3179 elusamque
334 3093 374 3160 od
398 3093 539 3160 lesbum
566 3105 643 3168 erat,
669 3113 728 3156 suo
752 3092 824 3158 loeo
847 3103 911 3160 non
935 3105 1111 3174 moverent,

83 3179 468 3265 orientaliumque
483 3199 525 3248 es
542 3177 764 3262 Peloponneso
779 3192 891 3245 nostre
906 3199 940 3244 se
953 3177 1109 3254 veniebat,

81 3255 161 3331 steilo
187 3265 378 3352 propulsare
401 3287 504 3350 posse,
532 3279 659 3332 centurn
686 3286 782 3330 neves
806 3265 1047 3332 instruxerunt:
1077 3277 1111 3330 et

81 3363 143 3412 tum
172 3351 242 3436 ipsi,
268 3365 338 3424 tum
367 3352 463 3423 etiam
492 3351 650 3439 inquilini,
677 3349 817 3434 exeeptis
842 3349 914 3427 illis,
941 3351 996 3437 qni
1019 3364 1111 3418 eraut

80 3439 221 3519 equestris
237 3439 370 3516 ordinis,
386 3438 448 3506 iilis
469 3439 564 3506 etiem
588 3439 739 3522 exeeptis,
756 3437 812 3524 qui
833 3447 979 3504 erentes
996 3436 1111 3506 ordine

82 3516 510 3604 Pmmutonedrnuorum,
527 3545 578 3591 ens
592 3523 857 3592 conseenderunr.
904 3522 947 3590 Et
962 3525 994 3589 in
1008 3523 1110 3590 eitum

79 3613 355 3689 mesenensem
383 3611 543 3680 Isthmum
573 3610 777 3699 navigabant,
803 3631 933 3696 suasque
958 3609 1110 3694 potentiae

80 3693 151 3760 t'ues
170 3699 385 3775 ostentabant,
400 3711 434 3767 et
454 3699 488 3764 in
511 3715 734 3785 quameunque
751 3695 962 3782 Peloponnesi
985 3709 1109 3782 partem

78 3775 145 3863 iptio
168 3785 326 3870 pleeebat,
353 3802 394 3851 ex
420 3785 552 3853 navibus
582 3783 824 3852 descendebant.
872 3781 1110 3850 Lsoedoemonii

16 3889 18 3950 ζ
79 3887 155 3946 teto,
175 3894 251 3936 cum
275 3873 419 3939 viderent
441 3873 486 3937 rei
509 3885 657 3938 eventurn
681 3871 734 3934 lon
758 3893 776 3934 e
797 3871 906 3943 alium,
930 3891 1025 3957 quam
1049 3869 1110 3956 ipsi

77 3959 308 4042 exspectabant.
329 3971 362 4026 et
389 3957 467 4024 false
495 3979 573 4038 esre,
596 3979 668 4044 quoe
695 3979 712 4020 a
798 3957 859 4022 biis
881 3955 1109 4035 referebantur,

16 4073 18 4126 3
76 4041 214 4113 trbitrsti
238 4061 322 4124 sunt,
349 4060 381 4112 et
403 4067 470 4112 rern
494 4069 562 4111 esse
586 4045 671 4112 iactu
696 4042 855 4109 difficilem
881 4043 1109 4118 existimantes,

16 4151 18 4154 ·
76 4146 169 4212 quum
206 4153 312 4217 neque
341 4133 418 4198 socii
453 4133 608 4210 adessent,
638 4145 670 4198 et
703 4131 835 4216 triginta
864 4129 1109 4194 Atheniensium

16 4269 18 4278 .
77 4233 175 4294 nares,
186 4241 261 4305 qnae
275 4220 358 4286 cirea
372 4219 626 4305 Peloponnesum
639 4231 741 4297 erant,
753 4238 866 4304 agrum
880 4217 1021 4298 ipwrurn
1038 4214 1110 4313 urbi

16 4305 17 4372 3
77 4295 244 4373 intimam
264 4306 474 4396 circumcirca
489 4319 612 4392 uastare
626 4304 863 4378 nuntiarentur,
879 4299 1010 4368 domuin
1026 4299 1109 4365 reds-

564 4399 620 4456 1.ss
