2982 4786
379 299 625 382 HlS'l'ORdAE
650 300 739 382 ΜΒ,
764 303 804 368 V.
1052 318 1115 380 sta

98 469 174 558 qaod
193 481 263 556 post
282 468 436 556 proeliuru
456 472 597 558 graviter
618 471 828 550 iniestaretur,
845 474 951 542 Bmoti
974 478 1008 542 ia
1018 479 1116 561 fidem
1151 499 1211 548 nat

95 577 170 622 mom
196 568 391 642 receperunt,
415 569 447 622 et
478 558 728 642 Hegesippidam
758 559 1050 640 Lacedaepronium,
1081 577 1117 632 ut
1142 563 1227 623 Μῦν·

95 663 247 728 perperam
283 665 333 708 res
362 641 432 706 illas
461 643 751 722 administrantem,
775 646 997 730 expulerunt.-
1020 649 1117 715 Hanc
1132 642 1176 742 3¹1³·
1189 628 1228 676 ¹⁸·

95 744 190 816 autem
212 727 321 794 urbem
345 742 541 812 receperunt,
564 730 666 807 veriti,
690 751 734 793 ne
750 731 1002 806 Lacedaemoniis
1025 735 1117 802 Pelo-
1145 704 1232 815 cdli?

95 815 214 898 ponnesi
240 813 380 878 tumultu
407 813 550 892 turbatis,
583 813 793 880 Athenienses
822 841 888 882 eam
917 836 1118 904 occuparent.
1149 821 1221 870 Μ’
1254 891 1257 898 Δ

94 898 318 964 lacedaemonii
332 913 437 964 tamen
453 899 529 984 ipsis
551 912 641 982 erant
656 901 745 982 irati.
791 901 914 968 Eadem
935 919 1048 980 aestate
1060 907 1119 978 Al·
1148 886 1216 932 vm·

94 982 221 1050 cibiedes
237 984 353 1050 Cliniae
355 979 459 1068 filisu,
474 983 716 1054 Atheniensium
728 985 810 1064 dux,
822 989 949 1075 Argivis
964 1013 1002 1054 ac
1016 993 1118 1072 sociis,
1128 949 1239 1073 Affi,

92 1091 150 1134 erem
163 1069 394 1156 adjuvantibus,
411 1071 443 1134 in
461 1069 716 1155 Peloponnesum
733 1071 903 1157 profectus,
920 1079 1119 1160 campaneis
1163 1091 1204 1138 ae.

91 1157 188 1242 graus
208 1172 378 1221 armaturae
399 1155 552 1221 militibus
567 1155 821 1234 Atheniensibus,
837 1171 870 1223 ct
887 1161 1066 1245 sagittariis,
1089 1177 1121 1228 et

92 1239 186 1319 sociis,
201 1264 280 1392 zoes
294 1241 381 1308 illinc
396 1255 594 1318 assumserat,
610 1255 677 1306 tum
701 1242 773 1322 alia,
789 1266 861 1327 quae
882 1244 925 1308 ad
939 1247 1120 1320 societatem

92 1326 294 1412 pertineant,
319 1328 573 1412 constituitper
603 1327 740 1392 mediam
766 1327 1021 1413 Peloponnesum
1047 1354 1120 1398 cum

91 1411 182 1496 copiis
204 1415 263 1479 iter
288 1411 416 1490 faciens,
440 1425 508 1476 tum
539 1413 633 1478 etiam
661 1413 866 1478 Patrensibus
893 1417 1058 1498 persuasit,
1086 1431 1122 1484 ut

91 1517 190 1564 muros
211 1498 252 1564 ad
275 1520 363 1564 mare
384 1519 484 1584 usque
497 1497 720 1582 perducerent,
735 1512 767 1563 et
780 1500 849 1583 ipse
869 1499 985 1566 alteros
1001 1502 1120 1571 Rhium
1147 1510 1224 1570 spru

93 1581 261 1648 Achaicum
283 1607 390 1649 versus
410 1597 572 1648 exstruere
592 1584 756 1662 inanimo
776 1583 926 1653 babebat.
972 1588 1034 1652 Sed
1057 1588 1122 1652 Co·

90 1667 200 1746 rintbii,
217 1683 249 1736 et
265 1669 417 1757 Sicyonii,
432 1681 464 1734 et
484 1671 556 1745 clii,
571 1668 686 1754 quibus
706 1672 742 1734 Iri
762 1673 844 1736 muri
856 1674 1011 1738 exstructi
1031 1673 1122 1739 dam·

89 1774 160 1818 uum
174 1755 280 1821 daturi
294 1769 395 1832 erant,
412 1757 485 1820 illuc
499 1766 698 1820 accurrentes
712 1755 956 1840 impediverunt.

128 1849 177 1907 53.
202 1841 325 1907 Eadem
347 1853 457 1908 asstare
478 1840 596 1926 bellum
618 1843 701 1906 inter
718 1839 916 1925 ¹Epidaurios
935 1855 969 1908 et
984 1845 1121 1932 Argivos
1154 1865 1215 1912 aut

124 1943 204 1992 stum
226 1941 284 2006 est,
300 1941 456 2012 praetextu
471 1925 600 2013 quidem
623 1927 747 2004 hostire,
762 1949 858 2012 quam
878 1927 1120 2013 adpApollinenr
1145 1931 1227 1990 “¹⁰1²

87 1948 236 2099 llythium
261 2012 430 2098 Epidaurii
455 2035 645 2098 pascuorum
675 2015 805 2077 nomine
826 2012 983 2078 adducere
1003 2014 1122 2090 debpe-
1136 1993 1233 2104 33¹ssss

88 2114 165 2177 rant,
189 2123 249 2165 uec
272 2113 378 2164 tamen
405 2099 566 2163 miserant.
611 2099 721 2184 Ipsum
744 2111 849 2164 autern
872 2100 1024 2183 templum
1055 2113 1123 2170 erat
1147 2073 1186 2166 ad.
1199 2071 1236 2168 ai

88 2185 284 2268 potissimum
310 2186 344 2248 in
369 2185 565 2272 Argivorum
591 2196 756 2268 potestate.
803 2183 866 2250 Sed
889 2185 938 2250 vel
966 2188 1034 2250 sine
1062 2187 1122 2262 ista
1150 2184 1180 2230 U·
1193 2187 1222 2233 ὓ·

86 2272 217 2356 speciosa
232 2293 327 2336 causa
343 2267 524 2336 Alcibiades
539 2281 570 2334 et
586 2269 700 2357 Argivi
717 2269 928 2353 Epidaurum,
944 2272 970 2334 si
984 2285 1121 2356 possent,
1149 2247 1219 2359 lg}

87 2375 239 2442 occupare
261 2368 447 2436 statuerant,
470 2368 537 2419 tum
560 2368 595 2420 ut
611 2353 786 2420 Corinthus
807 2359 887 2420 esset
908 2369 1030 2442 pacata,
1054 2371 1122 2422 tum
1146 2346 1223 2424 sarrs.

86 2441 176 2508 etiam
190 2442 282 2530 quod
297 2441 508 2507 Athenienses
519 2440 672 2506 auxilium
688 2463 728 2506 ex
738 2439 860 2526 AEgina
871 2443 999 2527 Argivis
1013 2444 1125 2508 itinere

86 2527 359 2613 compendiosiore
373 2527 473 2592 latum
490 2526 529 2590 iri
545 2537 708 2610 pretereat,
723 2547 818 2611 quam
834 2527 858 2589 si
876 2527 1046 2612 Scyllaeum
1062 2529 1125 2592 cir·

85 2615 239 2680 cumvecti
263 2613 424 2698 suppetias
444 2611 506 2676 illis
527 2608 655 2678 ferrent.
699 2611 812 2694 Argivi
834 2611 933 2698 igitur
953 2634 985 2675 se
999 2633 1125 2697 praepa·

85 2695 197 2766 rebant
208 2699 252 2764 ad
263 2698 477 2784 irruptionem
491 2697 526 2762 in
540 2695 740 2783 Epidaurum
754 2693 940 2777 faciendam,
952 2708 991 2782 ut
1001 2698 1127 2782 ipsimet

85 2781 219 2852 hostiam
235 2787 409 2873 exigerent.
916 2855 919 2864 1
974 2857 977 2863 ,
1105 2817 1108 2822 ·

123 2881 177 2938 54.
202 2873 268 2938 Per
291 2871 402 2936 eadem
427 2881 533 2934 autem
560 2880 703 2954 tempora
733 2869 972 2936 Lacedaemonii
995 2893 1127 2958 'quoque
1215 2909 1218 2916 ι

84 2977 154 3020 cum
169 2955 392 3044 frequentibus
407 2955 518 3040 copiis,
533 2977 611 3040 quas
626 2975 666 3017 ex
684 2955 831 3020 omnibus
851 2956 978 3040 populis
992 2956 1053 3022 coll

83 3055 163 3120 rant,
179 3043 221 3109 ad
250 3043 389 3108 Leuctra
410 3041 443 3105 in
466 3040 535 3127 agri
555 3039 604 3102 sui
625 3037 770 3103 confiniis
796 3041 867 3120 sita,
889 3040 1040 3106 adversus
1091 3065 1128 3128 y·

83 3148 195 3208 caeum,
212 3125 299 3194 duce
314 3127 421 3214 Agide
435 3123 710 3206 Archidamifflin
723 3147 797 3208 rege
811 3147 880 3202 suo,
893 3125 1027 3210 profecti
1042 3139 1127 3204 sunt.

83 3211 200 3279 Nullus
223 3227 333 3280 autem
358 3210 485 3288 sciebat,
501 3231 640 3296 quonam
663 3207 708 3271 illi
730 3209 1022 3293 proficiscerentur:
1060 3212 1128 3276 imo

82 3321 120 3364 ne
134 3302 215 3386 ipsae
227 3299 361 3388 quidem
376 3299 526 3373 civitates,
539 3293 625 3360 uude
639 3295 751 3359 milites
765 3295 871 3358 emissi
883 3293 1017 3362 fireraut.
1063 3297 1128 3364 Sed

79 3406 151 3450 cum
175 3409 240 3472 pro
269 3385 404 3450 transitu
424 3376 601 3450 ‘’sacrificia
623 3377 780 3458 iacientes,
804 3379 896 3444 litare
919 3401 984 3444 uon
1007 3383 1129 3466 potuis-

79 3483 157 3549 sent,
174 3493 253 3536 cum
279 3470 341 3556 ipsi
363 3469 494 3534 domum
516 3465 692 3542 redierunt,
706 3478 774 3529 tum
797 3467 892 3531 etiam
915 3488 972 3550 per
994 3469 1128 3533 nuncios
1136 3483 1201 3544 Aug.
1209 3481 1249 3531 14.

78 3556 319 3624 circummissos
341 3555 433 3620 sociis
454 3552 634 3628 edixerunt,
650 3563 686 3614 ut
707 3563 779 3636 post
800 3551 1015 3637 insequentem
1038 3576 1129 3620 men·

78 3665 142 3708 sem
160 3643 330 3730 (Caeneus
347 3663 422 3711 vern
446 3638 561 3702 mensis
583 3652 661 3714 erat,
686 3635 802 3722 inquo
828 3649 906 3702 stata
927 3659 1017 3702 sacra
1042 3639 1130 3725 apud

76 3727 261 3794 Dorienses
278 3725 492 3804 celebrantur)
505 3747 539 3787 se
553 3721 825 3808 praeparment,ut
836 3722 878 3786 nd
893 3723 1039 3790 militiam
1079 3748 1129 3790 ro-

76 3813 205 3882 fecturi.
255 3812 327 3878 Illis
344 3824 451 3877 autem
466 3809 593 3873 domurn
617 3807 758 3885 reversis,
774 3809 900 3896 Argivi,
916 3821 1030 3894 quarto
1067 3813 1097 3876 ie
1111 3835 1131 3876 a

76 3899 142 3966 line
156 3899 285 3966 mensis
299 3897 446 3964 exeuntis
461 3908 535 3960 ante
549 3916 689 3959 mensem
706 3893 877 3970 Carneum,
893 3917 932 3958 ec
945 3897 1131 3980 suisfinibus

75 3987 211 4076 egressi,
229 3974 465 4074 quamvis‘illos
483 3979 549 4072 dies
564 3977 658 4072 iestcs
679 3992 819 4070 agerent,
835 3992 940 4046 tamen
956 4003 1014 4066 per
1028 3994 1130 4058 totum

104 4208 268 4323 ‘lunisano
281 4211 305 4254 et
314 4207 355 4255 ὦ.
368 4205 436 4254 Port.
454 4203 650 4252 Sacrificantibus
666 4157 767 4250 sdvlrsa
777 4201 885 4262 auspicia
895 4201 996 4249 merant
1007 4207 1052 4249 ete.
1069 4199 1131 4248 Aea·

72 4278 133 4324 star.
199 4285 272 4322 uns.
