2996 4782
316 302 359 358 29
680 289 984 360 THUCYDIDIS

315 461 410 543 serre,
424 472 526 528 tomen
540 460 602 526 boe
613 459 717 525 ioedus
731 463 771 528 erl
785 463 856 528 illos
871 483 935 528 non
951 463 1099 548 pertinet,
1111 461 1210 548 quiin
1221 461 1351 527 alterius

315 549 416 634 partis
436 545 581 612 fraudem
595 549 742 612 veniunt:
769 548 824 612 sed
838 551 883 612 ad
904 551 982 625 illos,
998 550 1064 634 qui,
1080 548 1121 613 ab
1141 551 1241 614 altera
1261 561 1354 632 parte

316 657 383 700 non
408 633 600 708 deficientes,
623 632 730 696 salutis
753 633 902 716 praesidio
927 633 1082 716 indigent,
1102 649 1133 699 et
1157 635 1212 719 qui
1237 636 1354 716 recepti

316 718 541 806 recipientibus
557 718 595 800 (si
615 718 756 802 sepiunt)
772 717 889 782 bellum
910 740 970 803 pro
993 740 1072 804 paee
1093 741 1157 784 non
1179 732 1254 783 sunt
1275 717 1352 782 alla·

315 807 391 871 turi.
437 803 487 882 Id,
512 802 611 889 quod¹
630 803 727 878 robis,
754 804 814 866 nisi
842 825 900 868 nos
928 805 1075 883 audiatis,
1105 827 1191 870 nune
1219 803 1351 868 eveniet

317 891 393 956 Non
409 889 511 954 solum
526 890 611 952 enim
633 888 699 952 istis
714 889 905 954 auxiliarest
928 911 1038 954 verum
1060 892 1154 954 etiam
1178 911 1238 975 pro
1253 889 1352 953 ioede·

315 980 393 1042 ratis
402 977 508 1040 hostes
519 973 611 1038 nobis
619 973 715 1038 eritis.
747 974 883 1038 Neoesse
893 978 977 1039 enim
986 991 1043 1052 est,
1054 977 1080 1039 si
1089 977 1266 1041 societatem
1277 997 1351 1038 eum

316 1065 392 1148 ipris
406 1059 609 1136 contrahatis,
627 1059 709 1143 ipsos
725 1081 851 1146 quoque
866 1081 930 1124 non
946 1061 1064 1146 absque
1075 1063 1163 1126 vobis
1178 1083 1243 1125 sese
1258 1060 1351 1124 tueri.

315 1148 381 1214 Sed
407 1146 550 1231 profecto
574 1167 702 1230 aequum
722 1159 780 1223 eet,
804 1167 858 1209 vos
883 1147 1046 1231 proeeipue
1070 1148 1198 1234 quidem
1222 1159 1353 1210 neutros

314 1235 426 1300 vestris
437 1233 550 1317 opibus
565 1232 696 1316 juvare3
719 1232 767 1294 sin
783 1232 901 1308 minus,
916 1248 1037 1315 eontra,
1053 1233 1217 1298 nobiseum
1240 1232 1351 1296 adver-

313 1318 451 1422 susuhos
466 1315 604 1419 ‘quiqem
627 1316 804 1428 proficisci,w
818 1322 905 1400 (iram
929 1339 1002 1420 eum
1032 1319 1208 1384 Corinthiis
1230 1315 1352 1418 foedere

313 1401 1350 1576 illinitum“titilletttt‘tslitltetlj

313 1578 368 1662 qui
382 1576 423 1640 eb
433 1573 550 1676 'alteris
571 1570 754 1674 fleiecerint,
770 1574 939 1675 abtulteris
954 1577 1165 1676 recipiantur.
1211 1574 1295 1638 Nam
1310 1595 1352 1674 ne

312 1660 1351 1896 'inpelleretttizlltibitibi-ittet&

313 1835 471 1898 auxiium
486 1845 569 1896 esset
590 1831 764 1909 ferendum,
780 1833 966 1895 seutentiam
982 1832 1073 1896 vobis
1094 1831 1283 1896 contrariam
1300 1844 1351 1894 tn·
1463 1843 1471 1865 ⁰

314 1920 425 1983 limus:
449 1917 504 1982 sed
526 1931 633 2000 aperte
654 1929 765 1980 eontra
779 1919 850 1981 illos
870 1917 1018 1994 diximus,
1034 1939 1107 1982 suos
1121 1939 1279 2005 quemque
1300 1938 1351 1980 so-

314 2006 380 2069 cios
406 2003 553 2089 persequi
579 2001 703 2065 debere.
751 2001 835 2065 Num
859 2003 886 2066 si
910 2025 973 2079 eos,
997 2003 1050 2088 qni
1075 2003 1204 2088 aliquod
1231 2001 1350 2066 lucinus

313 2091 480 2176 patrarint,
504 2091 537 2152 in
562 2097 693 2152 vestram
715 2090 887 2152 societatem
913 2091 1080 2173 recipiatis,
1106 2103 1138 2153 et
1165 2109 1258 2172 opem
1285 2090 1353 2151 illie

312 2176 429 2250 feratis,
446 2185 540 2239 erunt
561 2172 655 2236 etiam
673 2195 713 2238 ex
733 2173 842 2236 vestris
857 2175 948 2238 sociis
961 2195 1025 2238 non
1049 2177 1223 2259 pauciores,
1239 2174 1294 2259 qui
1310 2174 1349 2236 ed

314 2285 374 2327 nos
397 2260 503 2347 palem
523 2259 713 2335 transibunt,
739 2257 905 2346 legemque
926 2273 1037 2324 eontra
1058 2281 1113 2324 vos
1130 2261 1222 2346 ipsos.
1235 2259 1350 2344 potius,

314 2369 410 2437 quem
426 2357 538 2411 eontra
552 2365 622 2422 nos,
638 2343 791 2409 condetis.

357 2444 410 2499 41.
435 2436 572 2517 “Atque
595 2430 665 2494 lraee
684 2431 813 2517 quidem
836 2444 919 2509 sunt,
936 2453 1009 2520 qnae
1029 2433 1114 2517 apud
1137 2454 1193 2496 vos
1214 2429 1255 2496 de
1276 2431 1352 2517 jure

313 2535 426 2586 nostro
439 2519 545 2582 dioere
560 2515 737 2593 habuimus,
753 2539 826 2603 quoe
840 2539 882 2582 ex
900 2519 1089 2584 Greeeorum
1110 2517 1262 2583 institutis
1276 2517 1353 2580 satia

314 2622 390 2672 sunt
412 2605 522 2670 firma:
547 2625 602 2665 vos
617 2623 692 2665 vero
714 2623 879 2667 monemus
901 2619 932 2669 et
954 2627 1092 2682 oremus,
1110 2619 1144 2668 ut
1166 2625 1235 2668 eam
1261 2603 1352 2666 nobis

312 2695 449 2780 gretiam
477 2688 628 2764 referetis,
655 2709 750 2771 quem
777 2689 868 2752 nobis
893 2690 926 2753 in
956 2691 1125 2775 proesentia
1152 2687 1351 2754 referendam

314 2797 497 2852 censemus3
521 2772 597 2859 quie
612 2793 676 2836 nen
692 2773 813 2838 inimici
827 2797 945 2853 sumus,
960 2790 994 2840 ut
1008 2799 1060 2841 vos
1075 2776 1236 2850 tedanus,
1249 2793 1353 2857 neque

313 2880 436 2941 contre,
453 2861 547 2926 amici
562 2861 650 2934 tates,
666 2871 677 2896 ⁰
692 2873 727 2923 ut
742 2870 842 2924 nestro
853 2862 1043 2926 liberalitate
1054 2862 1235 2926 abutamur.
1267 2859 1352 2923 Cum

313 2951 399 3014 enim
415 2949 491 3012 olim
515 2959 588 3010 ente
603 2967 652 3008 rea
669 2943 813 3009 Medicus
829 2948 859 3008 in
883 2947 966 3011 bello
981 2961 1094 3012 eontra
1109 2947 1274 3034 Aiginetes
1296 2967 1352 3032 ge·

314 3037 416 3100 remlo
431 3038 598 3119 longarum
613 3031 741 3094 nuvium
764 3032 896 3116 penuria
919 3033 1114 3108 laboraretis,
1130 3031 1241 3118 viginti
1256 3051 1353 3095 naves

313 3123 535 3186 commodatae
551 3115 727 3181 Corinthiis
749 3118 923 3201 accepistis.
968 3118 1065 3193 Quod
1089 3134 1232 3182 nostrum
1256 3116 1353 3180 bene·

313 3209 433 3286 ficium,
449 3221 481 3270 et
497 3202 577 3270 illud
591 3205 730 3282 alterum,
746 3206 828 3287 quod
841 3205 923 3268 uobis
938 3219 1049 3270 eontra
1067 3205 1190 3269 Samios
1205 3205 1352 3279 dedimus,

313 3315 411 3379 quum
435 3304 566 3377 propter
588 3311 646 3354 nos
663 3288 887 3374 Peloponnesii
908 3290 1062 3354 auxilium
1086 3289 1162 3375 ipsis
1183 3309 1248 3352 non
1272 3287 1354 3352 tule-

313 3395 401 3454 runt,
431 3379 556 3462 peperit
584 3374 674 3438 vobis
699 3377 738 3438 tle
765 3373 925 3463 AEginetis
952 3375 1082 3460 quidem
1105 3375 1283 3452 victorium,
1313 3375 1354 3438 de

315 3465 430 3531 Samiis
444 3484 521 3525 vero
535 3461 699 3524 ultionem.
744 3461 851 3544 Atque
873 3460 910 3522 iis
932 3461 1128 3546 temporibus
1149 3460 1211 3524 hoc
1232 3457 1351 3523 fectum

311 3565 368 3626 est,
384 3547 500 3637 quibus
523 3545 719 3631 potissimum
736 3545 889 3622 homines,
905 3547 958 3632 qui
982 3548 1131 3612 adversita
1152 3545 1258 3610 hostes
1276 3567 1353 3608 suos

311 3649 398 3712 eunt,
420 3646 553 3720 propter
577 3630 724 3694 vincendi
747 3630 885 3694 studium
908 3645 1023 3696 caetere
1045 3632 1220 3720 negligunt.
1267 3629 1352 3694 Num

336 3745 372 3786 ro
387 3720 490 3784 emico
511 3715 631 3782 habent
651 3737 735 3792 eum,
751 3717 805 3801 qui
827 3717 889 3780 sibi
910 3733 1005 3781 navat
1027 3740 1167 3803 operam,
1184 3717 1256 3780 lieet
1279 3729 1354 3782 ante

310 3745 404 3872 interit
430 3806 595 3870 inimicus:
619 3815 651 3865 et
676 3825 693 3866 e
717 3813 836 3878 contin,
855 3803 952 3867 hostis
973 3803 1045 3868 loco
1066 3819 1201 3888 ponunt,
1216 3802 1270 3888 qui
1294 3803 1353 3867 ad·

310 3903 464 3968 versatur,
491 3889 637 3977 quemvis
662 3897 736 3952 ente
762 3887 856 3952 luerit
880 3892 1017 3964 amicum
1048 3889 1203 3976 siquidem
1229 3888 1277 3952 vel
1302 3911 1352 3952 res

309 3978 498 4044 domesticas
524 3987 656 4061 propter
682 3975 845 4059 praesentis
870 3976 1083 4040 contentionis
1102 3975 1242 4040 studium
1271 3975 1353 4040 male

311 4079 436 4132 curant.

427 4241 440 4271 ¹
452 4237 485 4284 Ut
495 4235 613 4284 molestie
625 4233 692 4281 robis
704 4233 779 4280 futuri
791 4233 877 4282 simut.
909 4237 980 4290 Cute,
994 4236 1099 4282 Annius.
1136 4233 1222 4282 llum.
