2996 4782
347 299 389 359 uo
495 269 501 281 '
712 291 1015 363 rnucrnmrs

346 463 453 530 habet.
501 461 547 528 Ut
560 475 666 528 sutem
683 463 828 530 uniuersa
842 479 878 531 et
887 465 1013 552 singula
1027 463 1060 527 in
1077 463 1291 530 brevissimum
1303 484 1382 530 con·

346 547 471 614 tralrsrn
487 569 655 628 summam,
673 548 748 614 hine
887 572 959 616 cere
980 549 1131 633 poteritis,
1147 571 1206 614 nos
1228 571 1292 614 non
1315 570 1383 614 esse

347 633 547 700 deserendos.
593 635 676 700 Cum
690 636 776 700 enirn
824 637 914 700 necis
925 648 988 702 tres
998 635 1061 700 sint
1074 634 1189 700 classes
1204 649 1380 700 memoratu

346 720 464 806 dignae,
480 733 593 796 vestra,
609 734 640 785 et
662 737 779 798 nostra,
795 735 827 786 et
842 720 1101 796 Corinthiorum
1123 721 1148 788 ai
1170 719 1285 785 harum
1302 721 1382 786 dues

347 827 406 890 per
427 817 563 871 vestram
588 807 811 894 negligentiam
839 809 873 870 in
895 827 993 872 unum
1017 805 1103 870 coire
1124 806 1336 890 permiseritis,
1351 820 1382 871 et

349 891 508 956 Corinthii
529 914 587 955 nos
607 892 874 978 proeoecupsrint,
887 913 960 960 cunr
977 892 1156 976 Corcyraeis
1174 905 1207 955 et
1223 889 1382 974 Pelopon·

347 976 442 1040 nesiis
456 975 549 1040 simul
569 978 678 1042 nauale
693 977 810 1042 bellum
833 978 958 1064 geretis.
1004 977 1066 1042 Sed
1089 977 1237 1040 sinesin
1252 987 1381 1044 vestram

347 1064 519 1128 societater
539 1064 729 1148 receperitis,
749 1063 869 1148 majore
891 1075 1065 1128 vestrarum
1088 1063 1214 1128 navium
1240 1083 1381 1138 numero,

348 1150 460 1214 mstris
474 1151 519 1212 od
531 1159 646 1218 uestras
660 1151 788 1226 additis,
802 1169 876 1213 cum
892 1149 967 1234 ipsis
985 1150 1216 1230 Peloponnesiis
1232 1146 1383 1213 dimicare

347 1233 524 1318 poteritis.”
568 1235 676 1319 Atque
691 1234 849 1321 Corcyroei
867 1236 996 1320 quidem
1019 1232 1091 1298 haec
1111 1233 1272 1298 dixerunt.
1317 1232 1382 1298 Co·

347 1317 458 1384 rinthii
471 1341 546 1383 vero
563 1333 632 1404 post
646 1342 699 1384 eos
715 1321 784 1384 lraee
797 1320 1048 1404 valefecerunt.
1371 1377 1374 1384 .

392 1412 443 1473 37·
467 1411 490 1446 “
505 1403 682 1480 Quoniam
699 1406 749 1470 isti
765 1404 927 1491 Corcyraei
943 1426 1008 1470 non
1018 1403 1121 1469 solum
1133 1403 1175 1468 de
1188 1426 1221 1468 ee
1235 1405 1268 1468 in
1284 1406 1382 1468 socle-

350 1501 446 1554 tatem
461 1489 649 1574 recipiendis
666 1491 761 1556 verba
775 1490 936 1555 leceruntr
958 1489 1013 1554 sed
1035 1491 1128 1554 etiem
1144 1512 1178 1554 se
1191 1511 1212 1552 a
1226 1489 1318 1554 nobis
1334 1491 1381 1552 in·

342 1575 461 1660 jurism
488 1575 653 1660 accepisse,
669 1589 701 1640 ct
723 1575 833 1661 iniquo
855 1575 939 1643 bello
961 1579 1072 1659 premi,
1095 1595 1220 1640 necesse
1240 1586 1297 1650 est,
1320 1595 1381 1639 nos

348 1682 476 1747 quoque
491 1674 623 1747 utraque
636 1659 678 1725 de
693 1685 727 1726 re
747 1682 850 1745 pauca
894 1663 1009 1725 timum
1028 1681 1213 1738 memorare,
1228 1673 1323 1745 etque
1338 1659 1383 1724 sic

349 1745 388 1810 ad
416 1745 567 1831 reliqusnr
590 1747 765 1812 orationem
792 1769 847 1812 acc
888 1768 951 1825 ere,
977 1762 1012 1810 ut
1037 1759 1069 1811 et
1093 1758 1200 1810 nostra
1225 1748 1384 1830 postulata

348 1832 435 1897 rebus
448 1835 556 1896 uestris
569 1833 688 1898 tutiora
709 1848 832 1897 mature
850 1833 1061 1918 cognoscetis,
1076 1846 1107 1896 et
1120 1833 1252 1896 istorum
1269 1832 1275 1870 ¹
1290 1853 1383 1896 usum

348 1939 386 1982 ea
406 1921 578 1982 societatem
593 1939 657 1982 non
673 1919 740 1982 sine
754 1933 849 1982 causa
863 1917 1046 2002 repudietis.
1092 1919 1193 1982 Aiunt
1208 1929 1313 1982 sutem
1330 1920 1385 1982 isti

348 2025 381 2066 se
401 2003 563 2067 modestiae
585 2003 692 2068 studio
712 2003 830 2068 nullius
855 2005 1035 2068 societatem
1060 2024 1102 2066 un
1128 2023 1198 2066 uam
1221 2003 1385 2084 recepisse.
1429 2017 1431 2022 '

349 2086 401 2152 llli
416 2110 491 2152 vero
506 2088 568 2154 hoe
589 2088 766 2154 institutum
783 2089 906 2175 sequuti
926 2103 1009 2166 sunt,
1026 2025 1170 2152 maleieii
1189 2109 1253 2152 non
1274 2101 1380 2152 eutem

347 2173 471 2238 virtutis
485 2174 600 2248 studio,
615 2175 691 2259 quie
711 2173 833 2238 nullum
848 2197 967 2240 suorum
988 2174 1140 2238 scelernm
1163 2173 1295 2250 socium,
1312 2175 1384 2240 nul·

347 2256 477 2343 lamque
502 2272 610 2324 testem
635 2259 761 2336 habere,
782 2281 885 2345 neque
907 2263 1038 2324 aliorum
1065 2281 1148 2342 opem
1174 2258 1382 2342 implorantes

347 2344 531 2408 erubescere
557 2345 737 2409 voluerunt.
783 2344 884 2409 Simul
910 2345 1004 2410 etiarn
1028 2346 1169 2430 ipsorum
1199 2348 1282 2420 urbs,
1309 2368 1382 2431 quoe

346 2429 406 2492 situ
429 2442 476 2493 est
498 2433 541 2492 ud
561 2433 710 2512 scalptae
731 2433 970 2496 committendum
990 2431 1150 2516 apposito,
1163 2429 1249 2514 ipsos
1271 2433 1383 2530 injuri-

346 2535 449 2592 arum,
474 2537 551 2598 quas
581 2516 741 2580 nonnullis
767 2515 895 2592 faciunt,
920 2516 1043 2602 judiees
1067 2517 1172 2600 potius
1205 2517 1380 2594 constrtuit,

346 2621 443 2685 quam
459 2612 494 2664 ut
508 2623 549 2664 ex
563 2601 783 2685 pactojudices
797 2602 837 2666 ab
851 2605 927 2666 aliis
940 2601 1036 2677 fiant3
1059 2602 1144 2687 quod
1168 2601 1208 2664 ad
1224 2601 1302 2666 alios
1319 2605 1383 2685 ipsi

345 2685 504 2750 rarissime
525 2687 684 2771 navigent,
699 2687 777 2750 alios
801 2710 876 2752 vero
896 2690 1078 2752 necessitate
1100 2690 1174 2750 illuc
1188 2688 1381 2772 appellentes

345 2770 517 2853 sepissime
529 2771 697 2856 excipient.
743 2773 850 2857 Atque
864 2772 924 2836 hac
939 2773 971 2836 in
984 2795 1019 2838 re
1029 2773 1122 2837 situm
1134 2785 1181 2836 est
1193 2773 1271 2836 illud
1286 2773 1380 2838 deco·

345 2877 429 2933 rum,
445 2856 533 2940 quod
558 2858 770 2940 praetendant,
792 2881 827 2922 se
841 2859 882 2922 ab
897 2859 1032 2922 aliorum
1056 2859 1204 2923 societate
1226 2857 1381 2925 abhorru-

345 2942 422 3016 i'sse;
446 2963 509 3004 non
529 2956 563 3006 ut
577 2943 712 3007 aliorum
729 2945 760 3006 in
783 2944 952 3009 sceleribus
968 2944 1185 3028 perpetrandis
1199 2944 1380 3010 societatem

345 3025 501 3112 fugerent,
517 3027 570 3091 sed
590 3040 624 3092 ut
645 3027 702 3092 soli
726 3028 843 3094 scelera
857 3043 1093 3114 perpetrarent;
1117 3043 1223 3114 utque,
1240 3029 1295 3093 ubi
1311 3032 1381 3116 qui·

345 3109 418 3176 dem
443 3113 638 3196 potentiores
652 3125 767 3191 essent,
790 3118 865 3180 aliis
879 3116 942 3178 vim
956 3114 1111 3191 facerent,
1135 3115 1188 3178 ubi
1205 3137 1279 3179 vero
1303 3116 1382 3182 late·

345 3212 427 3275 rent,
442 3196 515 3282 plue
529 3201 718 3264 emolumenti
742 3198 908 3264 haberent:
931 3215 964 3266 et
978 3201 1004 3264 si
1020 3200 1096 3287 quid
1121 3213 1271 3284 praeterea
1286 3225 1381 3286 cape-

346 3295 426 3359 rent,
457 3285 493 3348 id
519 3284 721 3368 impudenter
749 3301 911 3372 negarent
957 3287 1020 3352 Sed
1049 3288 1075 3350 si
1099 3287 1380 3371 (quemadmodum

344 3368 534 3452 praedicant)
551 3370 609 3433 viri
620 3381 723 3434 essent
736 3371 823 3450 boni,
840 3394 904 3458 quo
919 3372 1023 3436 minus
1034 3372 1169 3437 aliorum
1185 3374 1381 3439 criminatio-

343 3453 438 3518 nibus
452 3453 585 3518 obnoxii
604 3468 705 3532 erant,
720 3456 796 3540 ipsis
818 3479 857 3522 eo
880 3457 980 3544 magis
1002 3479 1087 3523 suam
1102 3458 1249 3524 virtutem
1272 3473 1380 3528 usten-

343 3537 420 3602 dere
431 3538 555 3617 licebat,
567 3540 640 3624 jure
653 3563 718 3606 crcnr
729 3545 804 3608 alias
817 3543 1034 3628 disceptando.

388 3633 440 3690 88.
465 3633 488 3666 “
502 3623 567 3689 Sed
578 3648 765 3714 nequeerga
773 3626 862 3706 elios,
873 3650 975 3715 neque
986 3651 1063 3716 erga
1073 3651 1130 3694 nos
1141 3629 1218 3694 tales
1229 3630 1378 3696 existunt.
1405 3641 1411 3648 '

344 3711 430 3773 Nam
450 3732 524 3775 curn
547 3714 648 3776 nostri
667 3712 731 3776 sint
753 3713 870 3793 coloni,
890 3725 992 3780 tamen
1017 3737 1089 3780 cum
1114 3737 1237 3799 semper
1262 3731 1337 3782 ante
1359 3742 1380 3782 a

343 3795 429 3860 nohis
443 3794 633 3872 defecerunt,
651 3809 717 3862 tum
741 3799 835 3863 etiam
858 3821 945 3864 nunc
961 3801 1077 3866 bellum
1092 3800 1223 3878 faciunt,
1239 3801 1380 3868 dicentes

343 3901 385 3956 se,
401 3900 466 3945 non
490 3894 527 3947 ut
549 3881 708 3948 meleficiis
730 3885 940 3963 afficerentur,
964 3887 1102 3950 emissos.
1150 3887 1216 3951 Nos
1230 3893 1306 3952 vero
1328 3912 1379 3954 ra-

342 3966 547 4050 spondemus,
563 3990 622 4033 nee
636 3992 694 4034 nos
713 3971 858 4056 equidem
873 3971 994 4036 idcirco
1017 3974 1157 4056 ipsorum
1172 3973 1329 4038 coloniam
1346 3980 1381 4039 in

342 4053 444 4118 insula
460 4055 595 4140 Corcyra
612 4055 791 4138 collocasse,
808 4073 843 4122 ut
864 4057 905 4121 ab
927 4058 1002 4142 ipsis
1024 4059 1217 4128 contumelia
1238 4059 1378 4127 efficere·

663 4237 854 4306 ilndiqerrtiam.
879 4244 939 4292 Alii·
975 4245 1062 4295 liuns.
