2982 4786
389 309 632 392 Hlslnltlffi
656 319 745 390 ΗΒ.
770 325 828 390 IV.
1064 333 1127 396 22'!

103 481 395 572 rebantur,'minima
411 496 592 579 placebant,
608 509 640 562 et
659 495 778 561 bellum
793 495 940 562 alacriter
953 495 1036 563 ierre
1048 516 1125 564 con·
1158 506 1218 560 nat

98 584 267 659 stituerunt,
283 593 315 646 et
331 579 498 647 Brasidam
518 603 592 647 cum
607 581 676 647 aliis
697 584 792 648 rebus
806 582 982 648 honorifice
994 603 1124 670 accepe-
1148 575 1229 686 ’²¹⁰3

98 681 173 744 runt
188 679 253 732 turn
269 667 362 732 etiam
376 667 505 754 publice
518 667 647 754 quidem
662 689 756 734 aurea
771 687 891 733 corona
900 668 1119 745 redimierunt,
1138 653 1237 766 (22³2,ss

97 767 129 816 tn
139 754 267 818 Grmciaa
281 754 493 831 liberatorem,
503 755 654 840 privatim
669 777 743 818 reso
754 754 857 820 taeniis
871 755 1079 833 coronabant,
1090 769 1123 822 as
1150 768 1190 816 aa
1203 767 1226 832 q.

94 836 235 921 adipsum
251 852 287 905 ut
301 839 342 904 ad
357 840 508 907 athletam
524 843 666 906 victorem
681 839 777 928 ‹fficii
789 861 896 905 samso
918 841 1120 908 accedebant.
1148 831 1181 942 3·
1194 835 1221 880 ⁰·

94 921 148 987 illa
168 945 239 990 vero
267 926 447 1008 ooniemim,
468 925 609 1027 quodam
635 947 697 989 non
719 947 832 1010 magno
856 928 1007 1012 praesidio
1033 927 1120 1012 apud
1156 907 1223 1021 ἐξ
1263 965 1266 972 ·
1356 965 1360 974 -

94 1007 169 1092 ipsos
190 1011 309 1090 relicto,
326 1026 412 1078 retro
433 1011 520 1078 abrit
567 1011 638 1077 Nec
653 1011 753 1075 multo
768 1023 841 1096 post
858 1014 1032 1078 exercitum
1052 1035 1130 1078 ma·-

88 1094 180 1178 jurem
192 1119 227 1161 ea
239 1097 372 1184 trajecit,
388 1097 475 1184 quod
486 1097 632 1164 Menden
643 1109 675 1161 et
686 1097 862 1178 Potidaeam
872 1118 946 1162 oum
957 1099 1038 1181 ipsis
1052 1113 1121 1164 ten·
1142 1123 1146 1132 ’

93 1192 155 1245 tare
168 1182 273 1251 vellat:
298 1184 484 1264 existimans
498 1197 530 1249 et
542 1182 751 1249 Athenienses
766 1183 807 1248 ad
818 1184 1002 1270 opem-ipsis
1016 1185 1120 1249 seren*

93 1264 158 1330 dam
174 1280 331 1348 venturos,
345 1271 464 1355 quippe
478 1269 563 1354 quod
579 1268 715 1334 insulam
728 1269 915 1347 incurissent,
931 1291 1048 1355 eosque
1061 1285 1119 1334 an*

93 1365 230 1419 terestere
244 1357 387 1440 cupiens.
425 1355 513 1430 Quin
530 1356 624 1420 etiam
640 1353 811 1420 nonnullos
826 1355 857 1418 in
874 1355 924 1419 his
939 1355 1118 1422 civitatibus

91 1435 349 1522 adproditionem
371 1441 559 1506 solicitabat.
602 1445 709 1526 Atque
734 1439 788 1505 ille
810 1440 938 1525 quidem
961 1440 1018 1507 bas
1041 1443 1117 1507 ciri·

89 1537 467 1680 mliiigsrddsihlhiehrhd
483 1587 555 1678 esim
571 1614 704 1679 veniunt
718 1635 790 1678 cum
806 1614 939 1692 triremi,
952 1616 1007 1702 qui
1021 1616 1116 1680 indu·

88 1715 144 1760 aras
163 1700 390 1780 renuntiarent,
405 1721 447 1765 ex
464 1699 724 1781 Atheniensibus,
741 1700 973 1787 Aristonymus,
995 1723 1035 1765 ex
1050 1699 1116 1766 La·

89 1781 290 1867 adamantis,
307 1785 494 1851 Athenaeus.
539 1790 648 1872 Atque
670 1786 828 1850 exercitus
854 1786 982 1871 quidem
1009 1787 1115 1852 Toro-

88 1885 153 1931 nam
173 1890 317 1937 resersus
337 1885 396 1939 est.
440 1873 553 1960 Legati
569 1893 645 1936 raro
659 1883 814 1936 convema
830 1871 975 1936 Brasidas
997 1889 1114 1938 renun-

87 1952 208 2020 tiarunt.
253 1957 405 2024 Universi
427 1969 533 2025 autem
549 1957 867 2023 Lsoedamonioram
892 1957 980 2034 socii,
1002 1960 1057 2045 qui
1081 1960 1113 2023 in

87 2033 214 2108 Thracia
244 2059 346 2121 erant,
373 2065 422 2108 res
453 2055 556 2132 gestas
585 2043 845 2128 comprobarunt.
889 2043 1113 2130 Aristonymus
1179 2105 1181 2110 .

86 2138 179 2190 artem
200 2131 324 2195 caeteris
346 2129 473 2215 quidem
494 2130 722 2195 assentiebatur
729 2152 738 2204 ς
763 2128 818 2192 sed
842 2128 1017 2208 Scionreos,
1032 2151 1113 2215 quos

85 2230 119 2273 ex
131 2211 249 2279 dierum
265 2216 491 2300 supputatione
503 2228 576 2301 post
590 2215 683 2279 initas
694 2214 836 2279 inducias
847 2213 996 2279 deiecisse
1010 2216 1113 2299 anim-

84 2295 266 2380 advertebat,
294 2299 424 2366 foederis
458 2301 627 2388 participes
663 2301 732 2364 sore
767 2301 915 2388 negabat.
962 2301 1112 2364 Brasidas
1214 2349 1230 2357 -

86 2399 154 2448 raro
166 2401 280 2452 eontra
296 2387 403 2452 multis
423 2386 527 2451 verbis
551 2385 738 2466 affirmabat,
753 2387 888 2450 Scionem
903 2386 992 2469 prius
1012 2389 1112 2471 ddec-

82 2469 183 2536 lionem
190 2474 321 2557 secisse,
339 2496 396 2539 nec
417 2473 530 2539 urbem
551 2474 711 2537 dimittere
724 2469 860 2536 nolebat.
906 2471 990 2535 Cum
1004 2485 1112 2536 autern

84 2550 301 2646 Aristonymus
322 2561 387 2624 bac
406 2560 448 2624 de
466 2559 543 2645 ipsis
563 2559 711 2623 Scianaeis
726 2556 868 2621 Athenas
891 2557 1111 2635 renunciasset,

81 2639 284 2710 Athenienses
298 2645 338 2710 ad
353 2645 471 2711 bellum
482 2645 610 2710 Seionae
618 2641 781 2708 confestim
791 2641 988 2706 inserendum
999 2645 1114 2708 animis

82 2742 163 2793 erant
186 2732 303 2816 parati.
347 2731 583 2798 Lacedaemonii
609 2751 694 2806 vero,
716 2729 828 2817 legatis
850 2730 895 2790 ad
911 2729 1114 2794 Athenienses

81 2813 183 2892 missis,
198 2817 350 2882 dicebant
371 2817 455 2902 ipsos
467 2817 589 2882 foedera
603 2817 785 2892 violaturos,
801 2817 830 2879 si
843 2815 950 2878 hellam
965 2815 1114 2879 Menaeis

80 2897 364 3058 annisu
389 2926 429 3055 Ὺ
442 2899 1111 3071 translimitanas,ts

78 3072 213 3140 uadum.
252 3075 309 3140 Illi
319 3097 394 3139 vero
400 3010 524 3161 jridicio
533 3074 661 3159 quidem
670 3009 905 3138 coisnoaersiam
914 3074 1107 3148 committere,

77 3165 105 3220 a
121 3181 182 3224 reta
201 3163 236 3226 in
251 3162 416 3226 discrimen
438 3161 600 3237 adducere,
622 3179 659 3222 oc
680 3157 850 3242 periclitari
875 3155 1035 3232 nolebant,
1054 3157 1110 3221 sed

77 3244 174 3340 primo
194 3269 328 3334 qnoque
352 3259 496 3348 tempore
520 3243 640 3310 bellum
665 3243 783 3308 Seiana
808 3241 925 3304 inferre
949 3242 1109 3306 wlebantr

75 3331 152 3480 gagi,
167 3334 257 3482 quod
274 3335 344 3419 jara
359 3331 409 3396 rel
422 3331 602 3494 ffiulmfi
614 3327 810 3480 imm
817 3324 1109 3477 1qliqfeotiouegstsequqi

129 3439 166 3481 en
190 3441 245 3483 ans
269 3439 422 3483 oenseren
477 3437 562 3482 erres
576 3437 603 3478 rr
798 3434 816 3475 o
875 3434 944 3477 rum
1089 3434 1111 3476 a

75 3499 146 3565 nihil
163 3507 243 3587 ipsis
258 3506 296 3569 in
311 3503 398 3568 redas
411 3504 576 3568 maritimis
588 3499 757 3588 profutura
771 3497 853 3563 freti.
899 3497 943 3582 Et
958 3434 1108 3584 [holcetm

74 3589 152 3672 quod
168 3592 209 3656 de
223 3590 406 3656 defectione
419 3589 595 3665 dicebatur,
611 3588 714 3673 magis
729 3605 838 3650 verum
854 3598 933 3664 erat,
971 3603 1045 3648 uam
1060 3582 1110 3650 rel

76 3671 83 3688 '
118 3675 364 3741 iAtbenienses
389 3685 562 3740 censerent.
608 3673 693 3737 Nam
721 3671 861 3738 Scionoei
887 3607 1012 3736 duohus
1037 3682 1111 3754 post

62 3692 167 3840 xatas
192 3765 341 3827 inducias
363 3760 474 3826 diebus
497 3757 686 3825 desanaus
741 3756 916 3822 Confestim
946 3769 1052 3821 autem
1076 3757 1109 3818 in
1139 3779 1213 3825 nrm.

74 3843 196 3912 Cleonis
205 3846 400 3914 sententiam
416 3847 579 3912 decretum
593 3844 737 3910 iecerunt
747 3842 787 3907 de
798 3843 1016 3929 expugnandis
1027 3842 1157 3905 occi-ru
1170 3841 1229 3888 ⁸³⁰¹

73 3927 244 4022 dandisque
254 3934 432 4013 Sdonteis5
447 3946 479 3998 et
493 3929 740 3996 'acaeterishelli
748 3929 895 4012 partibus
905 3927 1108 4003 abstinentes,
1161 3907 1185 3954 ⁸

70 4020 110 4081 ad
121 4021 311 4086 berrennam
324 4041 357 4084 se
366 4027 585 4094 convertamur,
598 4027 628 4082 et
643 4015 757 4080 adhoc
768 4015 1017 4099 peragendamae
1027 4031 1111 4094 prse-

69 4121 178 4188 parare
192 4116 376 4194 coeperuut.

326 4311 639 4360 i(irritarisonsittentesetc.
667 4307 739 4354 Valla.
771 4305 858 4352 liuns.

585 4393 605 4434 Τ
