2994 4788
410 321 655 394 Htssrotttm
677 321 766 393 LlB.
790 321 842 388 ll'
1077 333 1141 394 sos

103 491 214 644 gendo
227 491 421 562 celeritatem
439 493 663 568 adhibuerunt.
707 495 942 564 Lacedaemonii
956 517 1032 562 varo
1052 520 1087 564 se
1098 498 1139 564 ad
1171 519 1232 567 seu

127 579 190 648 lios
205 578 268 644 loci
291 580 500 646 munitionem
523 595 608 648 terra
628 583 772 669 marique
788 583 1034 671 oppugnandam
1050 605 1139 668 para·
1162 582 1246 646 Μῦν·

1 703 2 712 1
104 666 193 742 bant,
209 665 297 752 quod
312 689 392 752 opus
406 681 613 754 properanter
626 668 755 749 lactum,
770 683 802 734 et
817 671 849 734 in
864 693 928 756 quo
950 670 1043 756 pauci
1066 692 1138 756 pro·
1154 649 1251 774 0⁸¹}ss

6 757 8 768 “
103 765 297 838 pugnatores
320 767 431 832 essent,
458 777 478 818 a
500 777 533 820 se
555 753 646 819 facile
667 767 880 844 expugnatum
906 756 945 820 iri
967 770 1138 842 sperareotr
1166 776 1244 826 aaa

1 865 3 912 ;
106 835 280 916 ceterum,
300 860 371 905 cum
388 840 567 905 Atticarum
591 841 719 906 narium
741 839 940 926 eZaoyntho
961 841 1077 908 auxilia
1098 845 1142 908 ad
1168 841 1238 889 Μ·

105 924 337 989 Demosthenem
358 925 444 990 brevi
466 937 594 994 ventura
615 939 843 1011 exspectarent,
858 929 891 992 in
914 928 1021 992 animo
1043 926 1140 994 habe·
1167 904 1241 1018 ζρᾛ·

104 1009 194 1086 bant
211 1011 270 1074 nisi
283 1008 367 1076 forte
404 1011 469 1076 rius
482 1014 677 1078 munitionem
693 1026 935 1097 expugnassent,
946 1013 1032 1099 ipsas
1045 1013 1141 1078 etiarn

104 1108 219 1246 portus
233 1095 339 1161 fauces
361 1033 537 1178 obstruere,
552 1119 594 1162 ne
609 1097 855 1180 Atheniensibus
876 1098 917 1162 ad
928 1121 1010 1165 venrn
1033 1099 1141 1186 appel·

117 1203 171 1246 ere
185 1180 303 1247 liceret.
324 1247 326 1252 ,
348 1181 458 1250 Insula
471 1183 556 1246 enirn
579 1184 707 1250 nornine
723 1182 911 1269 Sphacteria
924 1198 997 1250 ante
1011 1197 1140 1270 portum

104 1280 263 1368 porrecta,
284 1278 316 1332 et
338 1289 441 1354 prope
463 1267 618 1354 adjacens,
643 1268 739 1335 efficit
765 1283 797 1334 et
820 1281 948 1355 portum
976 1283 1079 1335 tutum
1110 1282 1142 1335 et

104 1356 255 1419 introitus
276 1367 444 1441 angustos3
468 1366 503 1419 nt
525 1353 585 1419 hac
601 1355 739 1440 quidem,
755 1377 816 1442 qne
840 1355 882 1422 ad
900 1355 1140 1422 Atheniensium

103 1439 314 1505 munitionem
330 1451 362 1504 et
377 1439 492 1527 Pylum
508 1441 620 1528 vergit,
634 1441 710 1506 bina
722 1442 866 1529 navigia3
888 1440 962 1506 illoc
977 1464 1061 1520 vero,
1077 1465 1142 1529 qua

104 1525 208 1612 vergit
221 1524 263 1591 ad
279 1525 431 1611 reliquam
447 1526 673 1604 continentem,
688 1539 804 1594 octona
822 1549 1008 1676 novenaque
1015 1530 1142 1613 fronti·

103 1612 159 1676 bas
183 1633 212 1686 ‚cr
287 1613 314 1676 is
338 1613 429 1678 simul
452 1612 585 1676 transire
611 1613 741 1696 possint.
771 1624 806 1678 to
861 1634 901 1678 ue
922 1635 957 1700 sy
970 1614 1089 1695 vestris,
1110 1626 1142 1680 et

103 1709 238 1784 propter
259 1697 461 1762 solitudinem
484 1698 579 1778 invia,
598 1712 629 1763 et
643 1698 834 1783 quindecim,
859 1722 946 1764 erme
966 1700 1140 1765 stadiorum

104 1806 135 1846 m
204 1782 326 1848 itudine
339 1795 417 1848 erat.
463 1783 579 1862 Portus
600 1785 697 1872 igitur
719 1786 800 1849 ostia
820 1785 953 1850 navibus
974 1784 1140 1849 confertim

101 1869 155 1940 ‚col
169 1869 277 1946 ocatis,
292 1869 338 1936 ita
359 1882 394 1934 ut
419 1891 530 1954 proras
552 1873 647 1934 altum
670 1891 771 1934 versus
791 1880 822 1933 et
842 1871 975 1934 hostibus
995 1872 1141 1936 adversas

100 1955 268 2030 haberent,
289 1955 455 2020 obstruere
476 1968 661 2025 statuerant.
682 1955 856 2042 quinetiam
880 1956 912 2019 in
937 1958 1017 2020 hanc
1039 1957 1141 2040 ipsam

102 2040 251 2120 insulam,
268 2042 422 2120 timentes,
436 2063 480 2112 ne
493 2063 534 2106 ex
547 2063 585 2106 ea
598 2041 715 2108 bellum
732 2041 791 2106 sibi
806 2041 954 2122 lacerent,
969 2043 1074 2129 gravis
1089 2063 1140 2106 ar-

103 2139 240 2194 maturae
255 2127 368 2200 milites
383 2139 650 2215 transportarunt,
666 2145 698 2194 et
719 2127 797 2193 alios
819 2128 853 2192 in
875 2132 1056 2193 continente
1075 2129 1141 2194 col·

101 2213 262 2288 locarunt.
307 2213 358 2278 lta
375 2215 459 2279 enim
482 2216 707 2293 existimabant,
725 2227 757 2281 et
769 2215 871 2299 ipsam
892 2214 1027 2280 insulam
1041 2214 1141 2280 Athe·

102 2299 269 2364 nienaibus
293 2298 415 2364 hostem
442 2299 519 2378 fore,
540 2313 635 2388 atque
657 2302 750 2367 etiam
777 2301 1002 2378 continentem,
1030 2313 1142 2387 utpote

103 2407 178 2472 quae
200 2385 325 2450 nullum
348 2385 478 2452 haberet
498 2386 615 2464 locum,
631 2387 663 2452 in
679 2410 773 2474 quem
789 2387 998 2453 Athenienses
1019 2409 1037 2450 e
1052 2388 1140 2452 navi·

102 2471 164 2536 bus
187 2494 372 2538 exscensum
402 2471 553 2538 facerent.
598 2472 682 2546 Nam
713 2472 798 2536 illam
826 2473 930 2558 ipsius.
948 2472 1019 2556 Pyli
1040 2493 1140 2550 oram,

103 2579 179 2644 quoe
203 2573 295 2623 extra
318 2575 428 2642 portus
453 2559 567 2624 ostium
592 2571 669 2636 erat,
692 2572 725 2624 et
768 2580 818 2632 uae
843 2558 941 2622 altum
967 2557 1141 2642 spectabat,

125 2643 192 2710 uod
206 2659 287 2708 esset
301 2645 507 2730 importuosa,
523 2643 659 2710 sciebant
673 2665 738 2710 non
783 2644 950 2722 abituram,
966 2642 1052 2708 unde
1065 2664 1142 2729 pro-

101 2667 321 2795 brissei-entur
342 2729 383 2795 ad
405 2752 477 2794 suos
499 2729 710 2815 adjuvandos:
734 2752 767 2794 se
782 2743 917 2810 vero„et
939 2730 1006 2794 sine
1027 2730 1141 2815 proelio

99 2815 222 2898 navali,
237 2831 269 2880 et
282 2817 350 2881 sine
371 2815 512 2902 periculo
529 2815 635 2882 locum
658 2829 894 2904 expugnaturos
915 2815 1090 2899 sperabant,
1107 2829 1142 2882 ut

101 2914 173 2967 erat
186 2900 370 2976 verisimile;
395 2916 462 2968 tum
485 2901 571 2988 quod
593 2902 698 2967 nullus
718 2903 753 2966 in
775 2925 814 2967 eo
835 2914 1028 2984 commeatus
1049 2915 1139 2980 esset,

102 3001 173 3054 tum
196 2989 291 3053 etiam
318 2988 402 3074 quod
431 2989 472 3052 ab
500 2989 619 3074 exiguo
647 3001 801 3073 apparatu
827 2997 1002 3073 occupatus
1023 2988 1139 3053 fnisset.

102 3075 191 3140 Cum
217 3085 334 3158 antem·
351 3072 435 3138 hanc
459 3074 648 3140 sententiam
672 3074 940 3158 comprobassent,
962 3074 1078 3140 milites
1106 3076 1140 3138 in

99 3159 239 3224 insulam
266 3171 532 3246 transportarunt,
563 3183 602 3225 ex
631 3160 778 3224 omnibus
807 3159 991 3224 cohortibus
1019 3160 1138 3224 sortiti:

99 3245 223 3333 aliique
244 3246 343 3330 prius,
359 3245 493 3311 subinde
506 3267 565 3330 per
579 3247 663 3310 vicos
684 3267 719 3310 eo
741 3247 937 3331 trajecerunt.
983 3245 1140 3310 Postremi

99 3353 191 3407 vero,
206 3331 262 3418 qui
283 3332 379 3396 etiam
403 3331 467 3396 illic
488 3331 590 3398 relicti
605 3329 742 3408 fuerunt,
758 3342 847 3396 erant
861 3330 1084 3418 quadringenti
1108 3343 1140 3396 ct

99 3417 228 3506 viginti,
257 3431 375 3504 praeter
404 3417 553 3498 Helotas,
582 3418 635 3504 qui
665 3418 784 3484 circum
815 3418 898 3502 ipsos
926 3431 1027 3480 erant.
1071 3417 1140 3481 Illis

98 3517 209 3570 autern
224 3519 362 3589 praeerat
378 3503 531 3588 Epitsdas
547 3503 795 3587 Molobrifilius.

145 3599 178 3656 9.
202 3589 433 3655 Demosthenes
448 3611 533 3668 vero,
549 3611 681 3654 cernens
705 3587 965 3654 Lacedaemonios
987 3610 1060 3654 cum
1082 3609 1139 3653 na-

99 3675 227 3741 valibus
248 3675 342 3741 simul
364 3689 396 3740 et
410 3675 607 3762 pedestribus
629 3675 729 3761 copiis
750 3697 964 3762 aggressuros,
978 3675 1045 3826 ipse
1059 3697 1138 3763 qno-

100 3785 165 3849 que
186 3783 220 3824 se
242 3761 452 3845 preparabat,
467 3776 499 3827 et
513 3765 645 3846 quinque
659 3783 763 3837 naves,
779 3782 851 3847 qum
872 3761 883 3825 i
907 3763 933 3826 si
954 3783 988 3826 re
1003 3763 1073 3826 ictas
1088 3764 1139 3825 fn-

99 3861 205 3924 erant,
221 3846 401 3925 'subduxit,
422 3869 536 3933 easque
559 3859 752 3932 transversas
773 3868 867 3932 prov
901 3849 930 3910 Ιο
953 3863 1026 3912 ante
1047 3849 1140 3932 oppi-

99 3933 180 3999 dum
193 3933 371 4014 collocavit,
383 3946 414 3999 et
425 3943 534 3998 earum
546 3944 658 3997 nautas
674 3933 768 3998 scutis
782 3933 927 4010 infirmis,
940 3947 972 3998 et
981 3933 1139 4020 plerisque

132 4171 145 4211 f
155 4179 277 4228 Subduelt
287 4181 317 4226 ad
328 4181 484 4233 munitiones,
492 4181 639 4241 clathrlsque
649 4180 764 4240 praefigit,
773 4185 798 4226 et
807 4191 890 4226 eorum
899 4183 986 4230 nautas
996 4183 1041 4224 eto.
1064 4177 1138 4224 Vallo.

94 4245 224 4358 gugnqptc
243 4241 642 4306 castet10‚ancorisjactis,rectas
660 4246 795 4300 constituit,
812 4249 946 4311 nautasque
957 4249 1004 4290 etc.
1030 4240 1141 4292 Acoetes,

630 4392 649 4434 P
