2996 4782
365 311 408 387 '5'8
728 317 1035 390 THUCYDlDlS

360 499 453 570 r'unt3
476 506 508 558 et
522 493 674 579 praesidio
688 495 734 558 iti
747 494 859 559 relicto
873 493 1097 560 discesserunt.
1142 491 1284 571 Quidam
1298 507 1403 563 sutem

359 599 399 645 ex
418 580 532 646 Samiis
547 581 708 664 (nonnulli
727 581 812 646 enirn
836 595 938 660 erent,
954 581 1010 669 qui
1031 582 1114 646 ferre
1135 602 1200 646 non
1222 594 1402 666 potuerant,

359 666 414 730 sed
430 667 462 731 in
479 668 694 732 continentem
709 666 870 754 fugerent)
888 689 961 732 com
984 668 1210 754 potentissimis
1247 668 1403 757 uibusque
1489 690 1491 694 ’

358 753 489 830 civibus,
506 755 561 840 qui
583 754 671 818 Semi
693 754 863 842 degebant,
887 768 919 819 et
942 777 1014 819 cum
1034 753 1207 821 Piesuthne
1268 757 1402 842 ystespie

349 841 432 924 filio,
449 841 503 928 qui
526 853 603 904 tunc
627 839 782 906 Sardibus
804 853 950 927 praeerat,
967 841 1049 906 inite
1070 841 1232 918 societate,
1248 839 1402 907 collectis-

381 949 420 990 ue
434 927 643 1013 septingentis
657 925 755 991 ferme
776 927 955 992 auxiliariis
970 927 1133 1003 militibus,
1151 929 1211 992 suh
1226 941 1353 994 noctem
1368 929 1402 994 in

358 949 491 1078 hamum
507 1015 710 1098 trajecerunt.
756 1013 800 1078 Et
814 1014 953 1098 primurn
968 1013 1098 1116 quidem
1113 1013 1283 1080 factionem
1300 1035 1402 1102 popu·

357 1099 455 1163 lo'r'em
472 1101 612 1186 aggressi
629 1115 712 1177 sunt,
726 1113 759 1164 et
772 1100 948 1166 maximum
963 1123 1031 1186 eJus
1042 1111 1166 1185 partem
1178 1100 1212 1164 in
1227 1121 1316 1166 suern
1329 1112 1402 1188 pot-

356 1200 488 1251 estatem
504 1185 580 1250 rede
603 1199 713 1253 erunt:
736 1185 853 1252 deinde
863 1208 949 1266 vero,
962 1188 1026 1252 suis
1040 1186 1204 1252 obsidibus
1214 1209 1260 1255 ex
1275 1186 1401 1254 Lemno

355 1275 520 1360 surreptis,
535 1209 734 1350 deiecerunm
757 1279 793 1338 et'
805 1273 1045 1340 Atheniensium
1061 1271 1258 1359 presidium,
1270 1287 1302 1338 et
1318 1295 1402 1359 pree·

355 1357 464 1438 lectos,
488 1381 569 1446 quos
597 1381 694 1446 penes
723 1381 756 1424 se
780 1359 952 1437 hebebant,
982 1359 1163 1426 Pissuthnoe
1189 1359 1400 1427 tradiderunt.

356 1445 606 1532 Expeditionem
622 1447 717 1511 etism
740 1447 774 1508 in
792 1445 942 1510 Miletum
965 1446 1072 1512 stetim
1117 1459 1399 1533 amre-coeperunt.

356 1533 440 1597 Cum
457 1533 519 1597 illis
535 1545 639 1597 sutem
655 1546 687 1598 et
705 1533 852 1618 Byzantii
866 1531 1077 1598 defectionem
1093 1469 1247 1600 lbcerunt.

400 1628 474 1685 116.
498 1619 705 1684 Athenienses
720 1641 796 1684 vero
818 1618 867 1683 bis
889 1619 1016 1698 auditis,
1032 1641 1110 1686 cum.
1128 1618 1290 1708 sexaginta
1310 1621 1400 1686 navi·

354 1705 413 1770 bus
439 1705 591 1790 aduersus
616 1707 747 1772 Samum
771 1705 922 1792 prolecti3
945 1705 1060 1770 harum
1083 1704 1212 1789 quidem
1235 1705 1397 1772 sexdecim

352 1792 487 1856 navibus
507 1813 573 1857 non
595 1806 669 1857 sunt
693 1793 757 1856 usi:
784 1791 868 1874 (olioe
893 1793 978 1857 eninr
1001 1793 1032 1856 io
1050 1791 1179 1858 Ceriem
1205 1791 1339 1871 iverant,
1364 1805 1400 1860 ut

354 1877 545 1944 Phoenicum
569 1899 665 1945 naves
689 1878 947 1964 specularentur3
971 1878 1133 1944 elicerem
1152 1878 1186 1942 in
1211 1876 1343 1957 Chium,
1366 1892 1398 1948 et

352 1964 504 2043 Lesbum,
523 1979 558 2032 ut
579 1965 700 2030 auxilie
723 1964 798 2029 iude
819 1967 1002 2046 evocarent)
1017 1979 1157 2052 quatuor
1172 1985 1247 2030 vero
1268 1977 1300 2030 et
1318 1987 1399 2053 qua·

351 2051 498 2140 draginta
524 2052 669 2129 novibus,
695 2051 817 2116 Pericle
841 2051 934 2128 duce,
957 2072 1030 2116 cum
1054 2071 1167 2116 novem
1190 2049 1333 2138 collegis,
1355 2053 1399 2118 ed

351 2139 488 2204 insulam
504 2137 658 2227 Tregiam
674 2159 747 2203 eum
771 2138 951 2204 Samiorum
967 2137 1168 2224 septuaginta
1186 2136 1331 2216 naribus,
1351 2141 1398 2220 (iu

350 2247 485 2310 quarum
501 2247 637 2290 numero
650 2236 741 2289 erant
752 2224 874 2310 viginti,
887 2233 962 2312 q'uae
977 2223 1093 2290 milites
1106 2221 1273 2301 vehebant,
1284 2245 1399 2292 omnes

351 2326 457 2374 nutem
484 2311 600 2377 Mileto
618 2311 798 2392 veniebant)
818 2323 1005 2399 pugnarunt
1012 2333 1021 2386 ;
1044 2325 1077 2374 et
1095 2309 1308 2376 Athenienses
1333 2313 1397 2378 vie·

248 2395 253 2400 ’
349 2409 433 2462 tores
454 2398 593 2462 fuerunt.
642 2397 757 2462 Postea
770 2419 848 2462 vero
871 2396 1030 2462 auxilium
1053 2397 1129 2481 ipsis
1152 2395 1295 2461 tulerunt
1317 2418 1398 2482 qua·

347 2481 405 2548 dra
431 2486 498 2549 iore
512 2507 605 2550 naves
617 2483 753 2549 Athenis
767 2483 929 2569 prosectae,
940 2495 973 2568 et
985 2483 1141 2548 Chiorum
1154 2503 1192 2546 ec
1203 2481 1397 2550 Lesbiorum

348 2569 383 2635 X
425 2571 465 2636 V.
512 2569 555 2636 Et
570 2591 720 2636 exscensu
736 2593 754 2634 e
773 2570 906 2634 navibus
920 2571 953 2634 in
977 2580 1094 2633 terrant
1109 2568 1204 2645 laeto,
1220 2590 1397 2656 pugneque

346 2657 485 2742 pedestri
503 2658 648 2735 victores,
665 2656 777 2721 urbem
800 2656 902 2721 tribus
924 2656 1157 2720 munitionibus
1177 2653 1273 2720 simul
1295 2658 1395 2722 etiarn

346 2766 363 2807 a
384 2746 461 2807 mari
473 2744 675 2808 obsederunt.
721 2741 858 2808 Pericles
870 2763 945 2806 vero
956 2743 1068 2808 sumtis
1082 2744 1247 2828 sexaginte
1258 2743 1396 2808 nasibus

346 2851 385 2892 ex
400 2829 448 2906 iis,
467 2847 538 2916 quae
553 2843 643 2894 erant
660 2831 692 2892 in
708 2829 853 2906 erutione,
868 2827 1017 2894 Caunum
1031 2849 1148 2905 versus,
1165 2841 1197 2894 et
1211 2827 1245 2894 in
1261 2827 1394 2894 Cariam

346 2936 442 3001 quem
462 2916 626 2980 celerrime
649 2914 826 2992 contendit,
842 2916 918 3001 quia
936 2915 1083 2980 nuntium
1100 2927 1276 3000 acceperet,
1294 2915 1396 2982 Phoe·

344 3001 453 3066 uicum
470 3003 692 3068 nevescontre
711 3001 918 3089 senavignne.
963 3001 1035 3066 ,lem
1053 3001 1140 3066 enim
1159 3002 1243 3066 etSt
1321 3024 1394 3068 oras

347 3089 445 3176 Semo
459 3089 580 3154 abierat
595 3111 667 3154 curn
683 3088 825 3177 quinque
841 3087 986 3168 novibus,
1002 3099 1034 3152 et
1053 3085 1106 3152 elii
1122 3086 1274 3152 adversus
1322 3089 1395 3156 bm-

346 3176 454 3241 nicum
470 3178 613 3242 classem.

388 3269 462 3333 117.
492 3263 621 3330 Interea
642 3284 718 3327 vero
742 3261 851 3340 Samii,
875 3259 1041 3346 repentine
1062 3260 1232 3346 eruptione
1253 3262 1393 3328 navibus

342 3345 436 3428 fecto,
453 3364 621 3436 castraque
634 3349 730 3412 nullis
746 3349 977 3414 munitionibus
1000 3361 1089 3433 septa
1110 3345 1261 3434 aggressi,
1282 3369 1392 3428 neves,

343 3457 415 3522 quoe
430 3458 490 3522 pro
505 3436 616 3501 cestris
631 3433 802 3500 manebant
816 3435 849 3498 in
865 3433 1011 3512 statione,
1028 3433 1256 3520 profligaruot3
1279 3449 1312 3500 et
1329 3457 1393 3502 ete·

341 3535 437 3600 teres,
450 3545 523 3609 quoe
537 3536 648 3587 contro
664 3543 696 3586 se
707 3523 737 3584 in
754 3520 855 3586 eciern
866 3519 990 3586 eductee
1004 3519 1141 3596 fuerant,
1153 3519 1270 3604 proelio
1283 3521 1392 3588 naveli

341 3624 549 3694 supererunt3
572 3621 604 3673 et
620 3629 705 3672 mare
720 3607 837 3671 finibus
848 3608 912 3672 suis
925 3607 1105 3692 proximum
1118 3627 1177 3692 per
1191 3608 1390 3692 quatuorde-

341 3692 403 3756 cim
418 3693 518 3759 ferme
533 3694 600 3760 dies
614 3695 646 3758 in
663 3715 720 3758 sue
730 3706 887 3778 potestate
911 3706 1099 3769 tenuerunt;
1125 3706 1162 3758 'et
1183 3715 1390 3780 quaecunque

340 3775 522 3862 noluerunt,
536 3781 762 3863 importarunt,
774 3792 806 3844 et
820 3793 1043 3868 exportarent.
1090 3780 1165 3859 Sed,
1181 3798 1309 3846 reverso
1326 3781 1390 3846 Pe·

341 3863 426 3944 ricle,
440 3867 573 3932 neribus
584 3868 699 3932 iterum
711 3865 852 3932 conclusi
863 3865 1000 3931 luerunt.
1035 3864 1149 3932 Postes
1162 3885 1236 3930 vero
1249 3865 1388 3934 Athenis

340 3964 373 4016 et
394 3951 467 4016 aliae
490 3953 702 4040 quodraginta
723 3975 819 4018 naves
841 3973 913 4020 curn
938 3951 1140 4038 Thucydide,
1174 3955 1324 4038 Agnone,
1354 3968 1388 4023 et

342 4036 547 4119 Phormione,
564 4041 628 4106 suis
643 4039 787 4104 subsidio
798 4053 967 4115 veneront3
986 4051 1017 4102 et
1027 4038 1137 4123 viginti
1153 4059 1226 4102 oum
1237 4039 1266 4104 's
1267 4038 1386 4124 lepole-

341 4145 394 4188 mo
406 4139 437 4191 et
449 4127 586 4203 Anticle‚
599 4143 630 4191 et
645 4147 686 4190 ex
702 4127 788 4192 Chio
802 4149 840 4190 sc
853 4125 960 4214 Lesbo
975 4125 1116 4213 triginta.
1162 4125 1262 4192 Semii
1276 4140 1385 4192 autern

340 4213 499 4296 quendam
516 4215 643 4300 quidem
659 4213 801 4277 navalem
817 4233 949 4296 perram
973 4232 1114 4299 pugnem
1136 4211 1383 4284 commiserunt:

340 4297 404 4378 sed,
418 4321 490 4366 cum
504 4301 647 4369 resistere
657 4305 722 4365 non
734 4311 880 4386 possent,
890 4319 977 4366 nono
987 4316 1094 4364 meuse
1108 4299 1286 4386 expugnati
1295 4311 1382 4378 sunt,
