3004 4768
353 247 418 314 stt
662 283 665 296 .
724 233 1030 303 THUCYDlDlS

258 427 320 480 een.
356 469 364 492 ,
397 417 449 476 65.
474 405 581 474 Nicias
596 407 704 493 igitur,
720 406 769 471 his
783 429 851 472 suos
873 407 1068 484 adhortatus,
1085 408 1190 472 stetim
1213 404 1396 492 imperavit,

251 491 335 554 &¹⁰¹³
354 508 390 563 ut
411 515 506 564 nette
528 493 786 560 conscenderent.
833 493 977 580 Gylippo
998 508 1104 558 eutem
1126 507 1158 558 et
1174 492 1399 578 Syracusanis,

240 572 280 673 ‘5¹1¹‘
295 557 340 672 ¹⁹]
354 581 472 667 quippe
497 580 583 664 quod
607 580 711 663 ipsum
735 580 830 644 etiam
853 582 982 647 bostiam
1004 594 1191 665 eppei-etum
1214 589 1396 653 cernerent,

242 636 332 801 θ’
354 667 538 768 praesentire
559 667 688 816 quidseerp
713 665 837 765 licebat,
865 667 1074 816 Afpbepiensee
1099 663 1398 814 upsaledprpelium

253 786 328 933 ζῇ·
353 767 604 923 ilbllibotiaetlirb’s
627 764 1212 930 navilitllullililereclleitllllarillmllt
1237 769 1399 899 punprrtpp

264 940 267 948 '
353 947 461 991 versus
482 935 597 1001 enters
611 925 720 988 omnia
741 925 863 988 illerum
885 926 1019 1006 inuento,
1036 937 1103 988 tum
1125 923 1221 988 etiam
1244 923 1400 986 adversus

353 1010 426 1086 hoc,
442 1010 581 1078 remella
596 1010 774 1097 excogitata
791 1023 1023 1092 prmpararunt.
1069 1010 1154 1073 Nem
1169 1029 1285 1093 proras
1300 1021 1334 1072 et
1347 1029 1399 1072 en·

353 1097 495 1182 periuret
515 1095 644 1160 ensium
668 1107 772 1180 partes
795 1096 890 1159 curiis
915 1095 1011 1182 longe
1034 1095 1159 1181 lateque
1173 1105 1399 1168 contexerunt,

356 1195 392 1249 ut
414 1195 527 1249 manus
550 1182 662 1267 injectu
687 1181 856 1256 laberetur,
873 1199 932 1245 nec
953 1183 1123 1266 quicquam
1148 1182 1398 1254 nancisceretur,

354 1267 441 1354 quod
456 1265 718 1353 apprehenderet.
766 1266 938 1352 Postquam
960 1281 1065 1331 eutem
1086 1267 1194 1330 omnis
1216 1277 1402 1350 prosperata

355 1355 495 1428 luerunt,
511 1352 607 1418 duces
631 1363 731 1417 eorum
753 1373 791 1416 ae
813 1351 973 1439 Gylippus
995 1375 1050 1418 eos
1074 1351 1234 1418 adhortati
1258 1365 1348 1434 sunt,
1369 1361 1402 1415 et

355 1439 629 1506 humectationem
645 1439 733 1521 opud
744 1459 795 1504 eos
809 1437 1000 1504 babuerunt.

399 1534 451 1592 66.
476 1533 498 1564 “
510 1526 612 1594 Quor>
627 1523 793 1610 praeelarae
808 1525 872 1588 sint
887 1547 935 1588 res
949 1547 972 1588 a·
986 1525 1074 1589 noble
1087 1537 1161 1588 ente
1175 1535 1286 1610 gestes,
1300 1522 1404 1608 quod·

357 1633 419 1697 que
433 1610 474 1674 de
487 1609 649 1694 praeclaris
664 1609 758 1674 rebus
780 1631 853 1675 mox
872 1611 966 1675 etiem
981 1623 1142 1675 certamen
1157 1610 1244 1676 nobis
1257 1609 1300 1673 sit
1314 1607 1403 1672 futu·

357 1713 439 1772 rum,
459 1697 694 1780 Syraernaniet
715 1697 803 1774 socii,
827 1696 971 1783 plerique
992 1697 1084 1762 nobis
1105 1715 1300 1784 cognoscere
1313 1694 1402 1759 ride·

356 1783 455 1858 mini3
480 1787 507 1866 (¹
517 1803 577 1848 nec
590 1783 676 1846 enim
691 1795 782 1847 tanto
795 1783 906 1848 studio
914 1803 969 1848 -res
992 1783 1060 1848 illas
1074 1782 1230 1870 gerendas
1244 1781 1404 1866 suscepis-

357 1868 465 1949 setim)
488 1869 516 1932 si
541 1869 613 1954 quis
638 1881 754 1945 tamen,
771 1881 926 1954 quantum
953 1871 1029 1954 satis
1054 1883 1112 1949 est,
1134 1868 1198 1934 non
1225 1868 1404 1968 cognoscit,

358 1975 413 2018 nos
426 1955 481 2020 lrou
495 1955 557 2038 ipsi
570 1953 810 2020 declarabimus.
855 1955 1067 2020 Athenienses
1079 1955 1177 2033 enim,
1193 1954 1245 2040 qui
1269 1975 1302 2018 rn
1319 1953 1406 2016 hene

359 2039 522 2128 regionem
543 2053 709 2117 venerunt,
725 2041 864 2124 primum
886 2041 1028 2128 quidem,
1049 2052 1085 2106 ut
1106 2040 1247 2106 Siciliam
1274 2039 1406 2125 subige·

360 2139 440 2202 rent,
456 2121 573 2190 deinde
595 2148 680 2202 vero,
696 2125 722 2190 si
744 2147 812 2190 rem
835 2125 968 2191 feliciter
988 2126 1165 2214 gessissent,
1182 2138 1219 2190 ut
1242 2125 1407 2210 Pelopon·

360 2233 475 2280 besum
493 2211 591 2278 etism
615 2220 828 2298 caeteramque
847 2213 1019 2290 Graeciam,
1035 2227 1069 2276 et
1091 2215 1145 2298 qui
1168 2213 1314 2275 omnium
1339 2226 1407 2275 tam

360 2297 534 2381 superioria
556 2320 652 2382 quarn
682 2311 801 2361 nostrae
825 2298 987 2363 memoriae
1014 2301 1202 2363 Graecorum
1232 2298 1407 2382 imperinm

356 2381 547 2469 jampridem
566 2383 741 2448 maximum
764 2383 919 2463 obtinent,
936 2405 992 2448 sos
1013 2385 1194 2449 mortalium
1217 2383 1316 2468 primi
1339 2405 1409 2447 sns-

362 2469 499 2537 tinuistis‘
521 2469 708 2555 classeque
730 2469 781 2534 illi
801 2481 918 2534 cuneta
939 2470 1157 2551 obtinuerunt,
1180 2483 1212 2536 et
1235 2490 1311 2532 eum
1336 2469 1409 2532 aliis

359 2553 527 2623 nevelibes
548 2555 668 2640 proeliis
682 2555 756 2638 jum
777 2557 958 2639 superastis,
974 2569 1042 2620 tum
1065 2557 1160 2620 etiam
1184 2555 1255 2632 boe,
1272 2567 1310 2618 ut
1322 2555 1409 2618 veri-

360 2640 464 2706 simile
486 2641 623 2722 viderer,
640 2661 725 2704 nunc
746 2639 884 2705 vincetis.
932 2641 1092 2708 Homines
1117 2643 1211 2718 enim,
1236 2654 1411 2726 postquem

360 2747 474 2791 eorum
486 2727 566 2790 vires
581 2728 614 2790 in
629 2749 668 2790 ee
681 2747 726 2802 re,
733 2745 799 2810 qua
814 2747 848 2790 se
862 2727 984 2790 eoeteris
994 2737 1149 2809 prestare
1163 2740 1287 2810 putant,
1297 2725 1411 2790 fracte

359 2809 491 2887 ¹fuerint,
507 2810 611 2876 multo
625 2814 779 2876 minorem
797 2811 829 2874 in
852 2825 1014 2896 posterum
1029 2813 1070 2876 de
1085 2837 1117 2876 se
1132 2815 1206 2898 ipsis
1222 2813 1409 2896 opinionem

365 2896 560 2980 concipiunt,
576 2919 672 2984 quem
693 2899 720 2959 si
743 2919 907 2983 nunquam
935 2911 1028 2962 antea
1049 2901 1209 2983 quiequam
1231 2901 1326 2963 dese
1348 2901 1412 2961 tole

364 2983 552 3052 sensissem:
573 2984 779 3068 etopinione
803 3005 869 3062 sue,
885 2997 1017 3068 propter
1039 3007 1135 3070 quam
1159 2984 1287 3048 animos
1311 2983 1410 3050 elatos

366 3067 537 3147 hebebant,
552 3082 668 3153 prseter
683 3089 771 3152 spem
793 3067 942 3146 frustrati,
958 3071 1073 3134 retiam
1095 3069 1179 3134 infra
1193 3071 1278 3133 vires
1293 3070 1411 3134 virtute

365 3154 589 3306 zugfiumbupt.
634 3155 685 3235 Id,
701 3153 787 3240 quod
808 3155 1052 3240 Atheniensibus
1072 3177 1159 3220 nune
1172 3155 1330 3222 eccidisse
1345 3177 1409 3222 cre·

390 3241 401 3302 i
425 3241 537 3306 ’eest

409 3333 464 3394 67.
487 3325 624 3402 “Quod
640 3347 714 3388 vero
727 3325 770 3389 ed
784 3347 843 3390 nos
858 3326 981 3405 attinet,
995 3338 1064 3392 tum
1080 3327 1155 3412 quie
1176 3327 1316 3412 pristina
1335 3349 1409 3392 nos·

365 3423 416 3481 lue
429 3413 538 3487 virtus,
555 3416 642 3497 (qua,
659 3411 731 3476 lieet
745 3433 846 3474 rerum
869 3416 1062 3477 nauticarum
1077 3413 1182 3477 adhuc
1197 3435 1339 3478 essemus
1354 3415 1410 3476 im·

364 3497 471 3596 pepiti,
487 3497 562 3562 belli
584 3497 744 3561 fortunam
767 3498 971 3580 tentavimus)
987 3521 1073 3562 nunc
1093 3495 1228 3562 validior
1249 3513 1310 3577 est,
1325 3505 1409 3563 'tum

409 3604 442 3648 ra
450 3605 585 3648 summae
596 3584 721 3646 virtutis
732 3583 842 3666 opinio
846 3583 918 3666 jam
933 3585 973 3648 ad
989 3607 1057 3647 earn
1074 3585 1214 3662 accessit,
1225 3585 1317 3670 quod
1331 3587 1410 3649 visos

379 3668 556 3734 artissimos
580 3668 758 3743 vicerimus,
782 3689 852 3753 spes
877 3671 1123 3756 uniuscujusque
1148 3679 1288 3734 nostrum
1314 3669 1411 3755 duplo

366 3753 469 3838 major
490 3777 552 3820 esse
565 3755 661 3820 dehet.
707 3755 902 3840 Plerumque
920 3769 1035 3833 eutem,
1052 3757 1195 3822 maxima
1216 3778 1291 3840 spes
1312 3757 1410 3822 mui-

400 3909 413 3949 ῑ
430 3905 554 3958 Quonim
567 3907 626 3952 alies
637 3913 688 3952 tem
700 3913 795 3966 promte
807 3908 982 3966 capesseretiei
1010 3906 1121 3956 Amne.

401 3967 414 4006 l
430 3969 462 4016 Id
471 3975 518 4018 ert.-
537 3971 620 4016 minus
632 3972 729 4016 virtutis
740 3985 768 4017 ac
784 3972 934 4017 fortitudinis
948 3979 1074 4031 praestent,
1086 3987 1160 4032 quarn
1173 3981 1281 4034 possent.
1300 3973 1330 4018 F.
1345 3973 1409 4018 Pert-

370 4037 399 4082 ln
410 4035 450 4090 iis,
461 4049 517 4094 quae
528 4036 566 4081 vel
577 4035 640 4080 infra
652 4036 715 4081 vires
726 4041 794 4093 sunt,
805 4037 976 4088 succumbunt.
992 4035 1072 4096 Steplr.
1106 4037 1190 4086 Etiam
1207 4039 1273 4084 infra
1285 4039 1351 4084 rim
1361 4038 1409 4084 ani·

369 4110 423 4145 mos
433 4099 574 4146 demittunt·
600 4098 711 4145 Aeacius.
1015 4111 1016 4116 ’

400 4153 409 4192 ¹
428 4163 472 4208 llla
490 4164 589 4222 insuper
608 4163 721 4221 opinione
740 4166 876 4218 accedente,
894 4179 937 4210 nos
957 4165 1117 4212 validissimos
1134 4181 1196 4225 esse,
1211 4168 1233 4213 si
1251 4167 1407 4216 validissimos

370 4227 499 4272 vicerimus
509 4234 554 4273 etc.
584 4227 671 4275 liuns.
