2994 4788
410 311 657 389 HtsToRIAE
679 323 764 388 nin.
788 321 847 388 tv,
1094 331 1154 391 aar

121 495 227 560 verbis
241 493 381 570 adducti,
397 495 481 559 inter
495 518 527 560 se
541 509 768 561 consenserunt
785 495 845 560 hac
859 495 1052 576 conditione,
1069 507 1105 561 ut
1119 499 1159 562 ab
1192 511 1253 559 aen

119 581 221 645 'armis
236 579 460 658 discederetur,
475 593 507 646 et
523 604 580 647 sua
595 583 712 667 quique
727 583 908 663 retinerent,
923 585 1072 670 quaejam
1088 605 1160 670 poe-
1182 577 1264 686 ”⁶¹⁰5

120 666 290 746 sidebant3
314 667 523 732 Camarinaeis
549 689 625 732 vero
649 668 858 754 Morgantina
878 668 1113 746 concederetur,
1134 672 1159 734 sl
1173 653 1271 768 {simp

121 767 241 818 certam
264 753 409 838 pecuniae
430 775 586 818 summam
605 754 810 842 Syracusanis
830 754 1015 840 penderent.
1060 755 1159 822 Athe·
1183 767 1261 817 aas.

121 839 281 904 niensium
298 859 380 905 nero
400 841 486 917 socii,
502 842 682 906 convocatis
703 839 830 906 illorum
850 840 994 917 ducibus,
1010 841 1161 909 dixerunt
1188 833 1216 880 υ·
1229 833 1256 879 ⁰·

120 947 155 990 ae
181 947 309 1011 quoque
333 947 445 1010 pacem
471 925 622 1004 facturos,
647 939 679 992 et
703 926 825 991 foedera
850 948 923 991 curn
949 928 1010 992 illis
1035 951 1161 1034 quoque
1189 899 1259 1011 yffi

121 1013 307 1076 communia
320 1011 398 1076 fore.
443 1010 541 1089 Quod
556 1034 628 1078 curn
643 1012 689 1076 illi
707 1013 944 1098 approbassent,
959 1016 1161 1098 compositio-

121 1119 196 1161 nem
206 1097 360 1162 fecerunt.
385 1099 495 1163 Postea
503 1121 579 1164 vero
587 1099 1159 1167 Atheniensiumnaresdiscesserunt.

43 1179 47 1190 '
124 1184 246 1248 Earum
262 1197 365 1248 autem
380 1184 479 1248 duces
493 1185 625 1250 domurn
648 1207 788 1250 reversos
805 1186 943 1271 populus
958 1185 1161 1255 Atheniensis

121 1269 299 1348 mulctavit,
323 1269 435 1334 exsilio
457 1269 585 1351 quidem
608 1271 700 1352 duos,
725 1271 956 1358 Pythodornm,
979 1285 1013 1338 et
1035 1274 1160 1359 Sopho-

122 1356 226 1432 clem3
244 1357 382 1442 pecnnia
396 1377 482 1436 vero,
497 1357 636 1436 tertium,
654 1357 943 1443 Eurymedontem:
984 1360 1050 1424 uasi
1064 1381 1161 1446 penes

122 1465 177 1506 eos
203 1441 312 1508 fuisset
334 1463 385 1506 res
407 1442 530 1508 Siculas
552 1445 584 1508 in
607 1465 695 1508 suam
719 1458 906 1530 potestatem
928 1467 946 1510 r
986 1445 1082 1534 igere,
1105 1448 1160 1512 sed

122 1530 310 1592 muneribus
325 1528 454 1593 adducti
468 1528 690 1595 discessissent.
735 1531 828 1595 Adeo
850 1529 921 1595 freti
943 1533 1093 1616 praeaenti
1111 1555 1161 1598 re·

122 1635 194 1679 rum
217 1635 373 1692 successu,
394 1613 472 1678 nihil
499 1616 559 1680 sibi
585 1630 701 1700 praeter
726 1616 823 1680 animi
846 1618 1032 1683 sententiam
1055 1641 1162 1686 sncce-

121 1699 220 1779 dere;
243 1700 298 1764 sed
320 1723 411 1787 oeque
432 1700 614 1767 difficillima
639 1714 734 1788 atque
757 1702 914 1778 facillima,
931 1705 996 1768 sive
1018 1725 1161 1790 magnos,

120 1787 189 1850 sire
202 1806 317 1872 parvos
331 1800 502 1873 apparatus
524 1789 686 1868 haberent,
696 1787 819 1936 pariter
833 1788 989 1855 conficere
1003 1791 1161 1858 volebant.

124 1871 227 1958 Cujus
241 1874 287 1938 rei
309 1895 403 1938 causa
424 1887 492 1938 erat
511 1874 674 1958 inopinata
707 1874 837 1952 elicitas,
853 1897 927 1960 qnae
947 1876 979 1938 in
1004 1877 1163 1962 plerisque

122 1959 220 2024 rebus
235 1960 310 2044 ipsis
325 1960 511 2046 contigerat,
527 1983 599 2047 quse
614 1961 680 2046 spei
694 1961 775 2024 vires
790 1961 863 2046 ipsis
877 1961 1146 2029 subministrabat.

164 2054 221 2110 66.
239 2045 359 2110 Eadem
372 2059 490 2122 aestate,
502 2049 712 2134 Megarenses,
724 2047 779 2132 qui
793 2049 825 2111 in
840 2046 918 2111 urbe
931 2061 1032 2131 erant,
1041 2069 1112 2114 curn
1129 2059 1162 2114 et
1194 2059 1259 2107 ³2¹¹·

122 2131 166 2196 ab
177 2130 427 2196 Atheniensibus
439 2132 523 2196 bello
534 2155 658 2219 semper
670 2146 898 2220 premerentur,
907 2136 982 2222 quia
993 2137 1161 2220 quotannis
1186 2124 1270 2236 mg·

120 2239 199 2282 cnm
213 2216 433 2304 frequentibus
444 2220 542 2305 copiis
556 2220 764 2307 irruptionem
780 2222 813 2285 in
829 2219 969 2306 ipsorum
986 2243 1098 2310 agrum
1114 2223 1162 2288 bis
1176 2205 1274 2316 (iffi,

121 2303 294 2386 faciebant,
309 2317 340 2370 et
354 2328 373 2368 a
388 2308 451 2369 suis
465 2305 639 2384 exsulibus,
655 2308 710 2392 qui
725 2329 765 2371 ex
782 2307 1033 2395 Pegis,propter
1047 2309 1162 2378 civium
1189 2319 1230 2368 8⁹·
1243 2317 1266 2364 1.

122 2391 314 2454 seditionem
338 2415 358 2455 a
380 2391 499 2476 populo
520 2393 655 2478 expulsi,
671 2393 845 2458 latrociniis
865 2393 1004 2458 urbanos
1025 2397 1165 2481 graviter
1190 2385 1261 2495 Ψ·

122 2475 326 2552 infestabant,
342 2477 375 2540 in
398 2477 594 2562 colloquium
609 2493 772 2553 venerunt,
788 2480 820 2542 in
837 2501 901 2566 quo
923 2480 1093 2547 censebant
1106 2505 1164 2549 ex·
1198 2461 1265 2561 sih?

122 2562 210 2627 eules
233 2563 440 2649 recipiendos,
461 2585 503 2627 ne
525 2566 673 2652 utrinque
693 2565 850 2630 civitatem
872 2566 1052 2651 perderent.
1097 2568 1165 2634 Ex·
1193 2577 1253 2624 rost

122 2649 231 2714 sulum
257 2671 333 2715 vero
358 2650 462 2727 aurici,
486 2670 559 2716 cum
588 2652 682 2716 istum
712 2673 873 2717 rumorem
899 2653 1078 2732 sensissent,
1102 2655 1164 2742 ipsi
1177 2641 1275 2690 ΜΠ·

121 2755 254 2823 quoque
276 2747 348 2801 tunc
367 2739 517 2821 apertius,
539 2759 632 2824 quarn
659 2749 741 2815 ante,
765 2737 924 2823 postulare
945 2755 1107 2825 ceperunt,
1128 2757 1166 2808 ut

121 2825 176 2888 sai
197 2825 329 2888 sinesin
351 2823 411 2888 isto
433 2822 591 2910 colloquio
612 2836 858 2910 perseverarent.
881 2824 935 2889 sed
959 2849 1032 2892 cum
1054 2829 1165 2914 populi

122 2908 287 2994 principes
300 2909 601 2988 animadvertissent,
614 2909 767 2996 populum
785 2911 875 2977 malis
889 2911 1040 2978 afflictum
1056 2936 1164 2980 secum

122 2993 218 3059 nullo
240 2994 337 3059 modo
362 3017 452 3080 posse
474 2997 618 3074 tolerare,
637 3011 725 3062 metu
750 2997 917 3083 compulsi,
937 3021 1011 3064 cunr
1034 2999 1165 3086 Hippo-

122 3093 214 3144 crate
235 3080 437 3166 Ariphronis,
458 3097 490 3147 et
511 3081 729 3149 Demosthene
750 3083 1038 3168 Alcisthenisfilrb,
1062 3087 1164 3152 Athe·

121 3165 285 3231 niensium
309 3167 454 3246 ducibus,
481 3170 515 3232 in
540 3169 733 3256 colloquium
761 3183 924 3248 venerunt,
951 3173 1025 3256 quia
1050 3173 1162 3237 urbem

121 3252 246 3318 dedere
271 3253 429 3331 volebant,
456 3267 488 3320 et
512 3256 741 3332 existimabant,
768 3257 871 3320 minus
900 3257 1076 3342 periculum
1104 3260 1163 3323 sibi

122 3342 172 3405 sie
193 3339 387 3424 impendere,
410 3363 505 3427 quarn
532 3339 558 3402 si
582 3342 638 3417 illi,
662 3343 716 3426 qui
742 3342 783 3405 ab
811 3341 885 3427 ipsis
912 3343 1000 3429 ejecti
1026 3343 1162 3423 fuerant,

121 3425 306 3490 rediissent.
334 3427 489 3491 lnter-eos
503 3440 609 3492 autern
623 3428 667 3493 ita
682 3429 822 3513 primunr
838 3430 994 3506 convenit,
1011 3444 1046 3494 ut
1062 3429 1164 3496 Athe-

123 3510 254 3576 nienses
276 3528 425 3598 caperent
451 3534 559 3577 muros
585 3514 708 3601 longos,
731 3518 813 3598 (erat
837 3528 941 3580 autem
968 3531 1041 3581 octo
1066 3516 1164 3581 ferme

120 3597 302 3663 stadiorum
319 3599 361 3662 ab
375 3598 455 3664 urbe
469 3599 510 3664 ad
525 3599 665 3664 Nisaeam
682 3602 820 3685 ipsorum
830 3604 983 3750 portum)
998 3625 1039 3668 ne
1054 3605 1166 3690 Mega·

122 3685 267 3748 rensibus
283 3683 505 3768 Peloponnesii
528 3708 621 3771 opem
645 3708 685 3749 ex
703 3687 810 3752 lema
843 3701 958 3764 errent,
975 3690 1007 3753 in
1024 3713 1085 3777 qun
1105 3691 1167 3775 ipsi

123 3769 186 3834 soli
209 3771 404 3854 praesidium
433 3771 603 3848 habebant,
631 3784 665 3836 ut
695 3771 829 3859 Megara
861 3773 983 3838 firmius
1013 3789 1166 3841 tenerent.

122 3855 246 3938 deinde
261 3871 382 3922 vernet
397 3858 484 3922 urbis
499 3880 603 3922 arcem
626 3859 659 3921 in
677 3859 748 3923 loco
763 3859 848 3922 edito
863 3859 954 3924 sitam
970 3861 1169 3945 Megarenses

122 3943 367 4008 Atheniensibus
381 3945 496 4010 dedere
511 3955 711 4009 conarentur.
734 3946 758 4008 si
775 3946 857 4008 enim
873 3946 936 4009 hoc
954 3945 1070 4011 fectum
1093 3946 1167 4010 suis·

122 4041 186 4106 set,
199 4031 266 4114 jam
282 4027 404 4097 facilius
420 4033 617 4114 Megarenses
631 4031 823 4096 deditionem
839 4030 994 4096 fecissent.

172 4123 229 4184 67.
253 4115 462 4182 Athenienses
476 4116 584 4203 igitur,
595 4130 761 4202 postquam
777 4117 886 4181 omnia
900 4131 931 4180 et
947 4117 1070 4181 factast
1083 4117 1170 4183 dicta

126 4203 283 4288 utrinque
306 4201 445 4284 fuerunt,
468 4224 541 4288 quae
567 4203 607 4267 ad
634 4203 796 4286 negotium
823 4202 1056 4268 conficiendum
1080 4214 1171 4269 erant

126 4289 318 4368 necessaria,
335 4287 428 4355 rebus
442 4285 589 4362 omuibus
604 4291 671 4374 jain
687 4289 815 4374 paratis,
830 4288 892 4354 sub
907 4301 1032 4354 noctem
1046 4288 1088 4354 ad
1104 4287 1171 4354 Mi·

641 4395 663 4437 n
