2996 4782
336 271 380 328 so
558 351 563 361 Ι
705 259 1032 328 τιιυοιιιιιιιιε,

336 433 526 520 potirentur,
564 433 814 500 manifestissime
843 438 893 515 (ut
928 433 1132 512 arbitramur)
1167 431 1375 512 declararent,

338 541 433 608 quam
461 517 602 584 modeste
625 541 685 587 nos
707 521 740 584 in
763 541 798 584 eo
816 540 973 607 geramus.
1018 519 1222 602 Quamquam
1247 539 1290 585 ex
1316 519 1377 584 bac

340 617 448 671 nostra
463 605 616 670 modestia
630 605 701 692 plus
717 604 965 691 vituperationis,
979 625 1074 690 quam
1090 603 1201 682 laudis,
1218 605 1377 670 immerito

397 703 550 756 ortamus.
1348 717 1360 730 ³

339 713 436 846 mpii.
452 783 475 819 ‘⁶
488 775 643 852 Quamvis
657 777 740 840 enim
757 778 789 840 in
807 775 936 861 judiciis
950 777 991 840 de
1005 787 1179 853 contractu,
1195 797 1268 840 cum
1283 777 1378 841 sociis

339 863 562 948 disceptantes,
576 861 618 927 de
640 863 708 926 'ure
722 873 830 926 nostro
844 861 1044 938 decedamus,
1059 863 1204 948 quemvis
1217 863 1312 926 etiam
1324 862 1379 926 iis·

340 951 412 1014 dem
435 949 573 1034 judiciis,
590 950 610 1011 ii
650 969 764 1034 emque
784 947 919 1035 iegibus,
934 947 1049 1033 quibus
1069 962 1101 1012 et
1130 969 1189 1011 nos
1209 948 1270 1032 ipsi
1292 949 1379 1032 epud

339 1059 398 1100 nos
414 1036 542 1112 utimur,
550 1036 686 1118 parique
696 1036 871 1098 conditione
883 1055 948 1096 cum
963 1035 1029 1098 iliis
1042 1032 1263 1118 disceptemus,
1275 1043 1379 1097 tomen

339 1121 470 1208 litigiosi
485 1141 550 1184 osse
565 1119 726 1183 videmur:
750 1131 906 1182 eteorum
922 1139 1018 1183 nemo
1031 1119 1223 1196 considerat,
1239 1139 1297 1184 cur
1317 1119 1380 1183 hoc

341 1209 444 1292 ipsum
460 1205 580 1270 crimen
595 1227 669 1270 cum
686 1204 936 1288 exprobratione
952 1227 1017 1268 non
1031 1204 1200 1290 objicietur
1216 1204 1255 1269 iis
1271 1205 1378 1281 aiam,

341 1295 395 1378 qui
410 1313 545 1378 usquam
560 1291 636 1356 aiibi
653 1291 823 1375 imperium
837 1290 967 1368 habent,
982 1304 1013 1355 et
1033 1291 1136 1376 quiin
1156 1289 1298 1355 subditos
1317 1291 1379 1354 mi-

340 1399 401 1444 nus
418 1377 557 1442 modeste
573 1399 606 1440 se
618 1389 745 1463 gerunt,
762 1398 858 1463 quam
874 1398 951 1442 nos..
998 1376 1065 1440 iliis
1080 1377 1175 1452 enirn,
1191 1377 1247 1462 qui
1262 1376 1308 1439 rei
1320 1397 1380 1461 per

341 1465 405 1528 vim
449 1463 577 1527 erendae
598 1476 784 1547 potestatem
808 1461 936 1539 habent,
954 1461 1049 1527 nullis
1066 1463 1196 1548 judiciis
1217 1475 1264 1526 est
1285 1483 1378 1546 opus.

342 1552 388 1614 At
402 1487 449 1613 ili
463 1551 562 1612 nostri
575 1551 660 1626 socii,
677 1550 789 1613 assueti
800 1549 868 1632 jem
886 1571 977 1698 aequq
986 1550 1061 1633 jure
1074 1547 1239 1612 nobiscum
1254 1547 1379 1650 discep3

341 1649 418 1712 tare,
441 1635 466 1698 si
489 1633 568 1720 quid
590 1633 653 1698 iilis
675 1633 724 1696 vel
747 1648 857 1697 nostro
877 1635 914 1720 ju
940 1655 1010 1710 icio,
1030 1633 1079 1697 vel
1101 1646 1232 1718 propter
1252 1635 1379 1719 imperit
1470 1682 1474 1690 .

339 1721 527 1808 potentiam,
554 1719 601 1784 vei
629 1719 725 1782 etiem
750 1721 1047 1806 quomodocumque
1071 1719 1165 1783 suerit
1190 1722 1378 1798 detractum,

362 1806 426 1873 uod
436 1806 496 1891 ipsi
507 1805 566 1870 sibi
580 1826 643 1868 non
650 1804 882 1870 detrahendum
891 1806 1113 1890 putarint,non
1123 1804 1382 1894 hebentgretiam

340 1830 383 1958 iie
396 1891 540 1978 pluribus
556 1913 619 1956 non
636 1892 768 1976 ereptis3
794 1891 848 1954 sed
874 1890 1034 1955 modicum
1050 1891 1140 1966 illud,
1157 1891 1242 1978 quod
1255 1893 1380 1956 detrac-

341 1993 411 2043 tum
426 1991 482 2058 est,
494 1978 622 2063 gravius
637 1979 753 2053 ierunt,
767 1999 860 2062 quam
886 1978 911 2040 si
934 1978 1038 2040 stntim
1061 1980 1102 2042 sb
1116 1978 1219 2054 initio,
1234 1978 1381 2063 deposito

337 2065 419 2150 juris
445 2066 600 2140 instituto,
623 2076 732 2147 aperte
757 2063 819 2127 vim
843 2061 1031 2128 fecissemus.
1086 2063 1148 2126 Illo
1173 2064 1256 2127 enirn
1282 2066 1381 2130 modo

342 2172 383 2214 ne
397 2151 457 2236 ipsi
472 2149 600 2235 quidem
616 2160 729 2212 contra
748 2169 805 2212 nos
822 2149 929 2212 dicere
946 2151 1133 2233 potuissent,
1149 2171 1213 2214 non
1233 2165 1381 2234 oportere

343 2235 523 2300 inferiorem
539 2234 693 2318 superiori
709 2233 832 2299 cedere.
878 2233 1038 2300 Homines
1053 2236 1148 2312 enirn,
1165 2240 1215 2319 (ut
1238 2249 1284 2300 est
1297 2238 1381 2301 veri·

341 2321 455 2403 simile)
479 2341 578 2406 quum
595 2321 710 2404 injuria
724 2319 916 2400 efficiuntur,
931 2343 983 2384 ms
1006 2321 1033 2384 is
1048 2321 1265 2408 indignantur,
1282 2345 1378 2408 quam

341 2430 441 2494 quum
459 2405 522 2469 vim
538 2405 714 2490 patiuntur.
770 2405 852 2469 Nam
869 2406 955 2492 quod
974 2343 1016 2472 ai)
1031 2429 1069 2471 eo
1083 2407 1307 2492 proficiscitur,
1324 2407 1380 2494 qui

341 2505 387 2558 est
410 2493 482 2577 pari
495 2491 688 2569 conditione,
704 2490 736 2554 id
753 2505 884 2576 propter
905 2491 1005 2577 pluris
1020 2493 1159 2558 habendi
1174 2493 1380 2580 cupiditatem

340 2591 453 2643 contra
470 2577 552 2663 juris
567 2577 814 2662 aequabilitatem
830 2576 898 2641 fieri
914 2578 1050 2643 videtur.
1104 2579 1203 2656 Quod
1220 2601 1294 2644 vero
1308 2579 1380 2645 fite

341 2664 531 2746 potentiore,
546 2661 609 2727 hoc
623 2664 664 2726 nb
688 2662 861 2728 inevitabili
877 2665 1063 2728 necessitate
1078 2665 1234 2749 proficisci
1249 2669 1380 2738 videtur.

343 2749 469 2812 Idcirco
484 2749 577 2812 etiarn
593 2751 693 2812 nostri
714 2751 801 2827 socii,
818 2751 960 2833 quamvis
975 2751 1109 2835 injurios
1122 2751 1172 2815 his
1185 2753 1348 2840 graviores
1362 2777 1382 2818 a

340 2833 440 2900 Medo
454 2843 647 2919 paterentur,
661 2843 764 2899 tamen
777 2834 965 2900 tolerabant.
989 2839 1043 2908 ¹At
1053 2853 1197 2902 nostrum
1213 2839 1383 2924 imperium

339 2921 457 2986 durum
479 2941 546 2984 esse
567 2919 701 2997 videtur,
724 2941 783 2984 nec
806 2922 980 2986 immerito:
1013 2945 1087 2987 nem
1111 2945 1250 3008 praesens
1273 2945 1380 2990 rerum

340 3016 440 3072 status
455 3005 588 3071 subditis
604 3021 652 3071 est
663 3025 787 3090 semper
801 3007 919 3109 gravis.
965 3008 1030 3073 Sed
1040 3031 1105 3087 vos,
1118 3011 1143 3073 si
1158 3033 1266 3076 everso
1276 3012 1382 3076 domi·

307 3146 308 3150 ,
341 3104 418 3159 natu
441 3104 550 3157 nostro
570 3091 826 3171 dominaremini,
844 3091 977 3158 fortasse
1000 3094 1264 3176 benevolentiam,
1282 3119 1379 3184 qrram

342 3189 472 3263 propter
487 3179 590 3244 nostri
604 3189 723 3242 metum
738 3179 926 3263 suscepistis,
939 3183 1122 3260 mutaretis3
1145 3181 1170 3246 si
1186 3181 1283 3248 modo
1293 3205 1382 3248 nunc

342 3287 468 3351 quoque
488 3264 562 3328 talis
582 3262 724 3327 facinora
742 3263 830 3328 vobis
847 3263 992 3334 iacienda
1009 3268 1187 3346 censeretis,
1228 3269 1312 3334 ualia
1331 3269 1381 3336 vei

342 3361 420 3414 tnnc
441 3350 559 3436 exiguo
580 3349 637 3412 illo
658 3351 981 3433 temporecdidistisr
1016 3373 1091 3438 qno,
1106 3354 1140 3418 in
1163 3291 1246 3419 beiio
1267 3367 1383 3422 eontra

343 3435 477 3499 Medum
498 3433 651 3520 gerendo,
667 3435 851 3518 proefuistis.
904 3436 1018 3503 Vestra
1038 3440 1123 3503 enim
1144 3441 1289 3506 instituta
1306 3463 1381 3507 curn

341 3520 437 3585 nuliis
452 3520 522 3584 eliis
536 3520 719 3584 communie
734 3519 873 3586 bebetis:
899 3533 1069 3608 propterea
1081 3547 1181 3612 quum
1196 3548 1279 3591 unus
1293 3530 1382 3615 quis·

342 3629 405 3694 que
418 3609 456 3669 de
480 3605 563 3670 vohis
577 3626 710 3692 peregre
723 3606 952 3691 proficiscitur:
986 3629 1088 3695 neque
1104 3611 1151 3675 bis
1165 3617 1274 3678 uestris
1288 3617 1381 3682 insti-

342 3693 417 3756 tutis
430 3691 543 3770 utitur,
557 3711 660 3777 neque
673 3689 746 3769 illis,
762 3692 879 3777 quibus
895 3691 1018 3782 reliqua
1032 3697 1159 3761 Graecia
1173 3697 1253 3764 solet
1266 3700 1326 3766 uti.

386 3783 438 3844 78.
462 3775 604 3852 “Quare
623 3777 775 3843 maturius
791 3778 988 3856 consultetis,
1003 3803 1024 3845 ιι
1083 3794 1115 3847 te
1136 3782 1177 3848 de
1196 3786 1291 3850 rebus
1312 3807 1380 3852 non

341 3862 470 3948 patries
493 3882 596 3947 neque
614 3862 753 3928 consiliis
773 3876 806 3929 et
825 3864 1037 3932 criminationi
1063 3889 1098 3932 us
1114 3869 1225 3933 alienis
1244 3871 1380 3952 inducti,

343 3948 483 4012 laborem
498 3948 664 4032 propriam
680 3962 797 4032 praeter
816 3950 993 4036 superiores
1007 3953 1091 4020 vobis
1104 3977 1183 4019 nunc
1197 3956 1380 4042 imponatis.

347 4034 488 4097 Incertus
509 4049 612 4098 antem
640 4033 714 4099 beili
740 4049 878 4111 eventus,
909 4059 1085 4125 eorumque
1113 4043 1378 4127 magnitudinem,
1490 4061 1491 4066 ’

345 4133 512 4206 autequam
538 4120 571 4182 in
598 4121 667 4204 ipso
691 4121 869 4198 versemini,
899 4124 1007 4189 animo
1036 4127 1207 4212 praecipite.
1251 4130 1377 4200 Bellum
