2982 4786
318 325 382 382 340
679 311 983 381 THUCYDlDlS
1056 323 1062 377 .’

220 501 283 552 nul.
317 485 424 552 caeteri
449 501 524 550 vero
550 483 684 569 Thapso
705 484 843 571 expulsi,
867 485 951 552 duce
972 483 1127 572 Hybloue
1147 505 1223 573 rege
1247 481 1370 559 Siculo,

211 567 297 628 Ροιο1)·
319 571 375 658 qui
389 569 551 659 regionem
574 570 771 655 prodideret,
795 570 942 660 Megara,
958 593 1030 656 quoe
1053 569 1198 657 Hyhlaea
1212 571 1374 636 vocaban-

205 631 304 756 iffi,
319 672 382 738 tur,
398 655 622 722 condiderunt.
668 655 799 722 Etcum
817 657 894 722 hanc
908 657 1009 722 urbem
1021 657 1175 722 ducentos
1189 669 1222 722 et
1233 655 1374 742 quodra-

216 757 295 869 Η
319 744 411 834 ginta
432 743 573 830 quinque
597 763 698 806 annos
719 741 924 842 habiteseent
952 765 972 806 a
996 742 1120 808 Gelone
1140 744 1373 828 Syracusarum

220 887 292 1000 teu·
321 827 1098 1003 tittfittssthtt‘ttttl?hitterii
1112 841 1376 999 tetthen]

323 999 533 1077 Selinuntem,
551 999 711 1065 Psmmilo
733 1001 807 1064 illese
827 1001 935 1078 misso,
959 997 1180 1066 condiderunt.
1228 999 1305 1100 Hic.
1318 1021 1374 1062 su·

323 1099 387 1154 tem
403 1108 422 1152 e
437 1085 581 1173 Megaris
596 1086 739 1172 ipsorum
755 1087 925 1174 metropoli
941 1108 977 1150 eo
987 1084 1159 1172 profectus,
1170 1086 1273 1150 urbem
1290 1086 1375 1149 cllum

324 1194 398 1238 curu
412 1173 535 1238 caeteris
556 1174 649 1238 sociis
672 1171 827 1239 condidit.
874 1171 991 1238 Gelem
1017 1193 1091 1234 vero
1119 1171 1336 1256 Antiphemus
1358 1193 1377 1233 e

326 1257 457 1337 Rhodo,
472 1273 504 1324 et
518 1258 667 1324 Eutimus
681 1280 723 1334 ex
750 1257 859 1335 Creta,
876 1279 964 1322 suam
986 1269 1119 1344 uterque
1141 1257 1301 1322 coloniam
1316 1257 1376 1321 dn·

324 1358 441 1424 centes,
453 1343 665 1408 communiter
676 1341 901 1422 condiderunt,
913 1365 999 1408 anno
1010 1342 1252 1431 quadragesimo
1263 1343 1380 1428 quinto

325 1442 398 1518 post
413 1430 585 1516 Syramses
600 1427 737 1494 habitari
757 1444 887 1514 coeptas.
933 1431 964 1494 A
1002 1451 1040 1494 ue
1054 1427 1130 1494 huic
1151 1429 1280 1515 quidem
1306 1428 1379 1492 urbi

326 1540 347 1581 a
372 1513 454 1582 Gela
479 1515 610 1580 flumine
635 1536 752 1579 nomen
778 1514 962 1600 impositum
1022 1515 1062 1578 it:
1097 1514 1185 1580 locus
1208 1535 1294 1591 vero,
1323 1515 1377 1577 nbi

327 1599 500 1753 illidi
514 1600 758 1752 titiant?
797 1601 897 1752 ‘itt
912 1621 1006 1750 ”3⁰32
1023 1599 1379 1754 tiltttfltlltll

329 1775 428 1838 Anno
442 1785 548 1838 autern
563 1771 796 1858 propemodum
819 1708 993 1838 centesiiho
1014 1784 1126 1838 octavo
1151 1771 1193 1837 ab
1218 1771 1299 1836 urbe
1322 1795 1379 1838 sua

328 1858 468 1937 condite,
499 1857 593 1924 Geloi
622 1860 839 1946 Acragantem
869 1858 1094 1937 condiderunt,
1125 1858 1303 1944 urbemque
1340 1857 1381 1922 sb

329 1948 513 2032 Acraganto
540 1943 639 2010 fluvio
667 1945 883 2024 nominarunt,
913 1956 946 2009 et
971 1943 1105 2009 coloniae
1128 1943 1327 2010 deducendas
1349 1957 1381 2008 et

329 2029 526 2098 collocandae
540 2029 636 2096 duces
650 2030 709 2096 eibi
726 2029 915 2118 delegerunt
930 2030 1139 2099 Aristononm
1162 2043 1194 2096 et
1210 2029 1381 2116 Pystilum,

330 2139 450 2206 suaque
459 2118 535 2203 jura
549 2119 658 2182 incolis
669 2115 833 2182 dederunt.
881 2115 999 2182 ancle
1013 2137 1089 2182 vero
1104 2117 1194 2181 initio
1208 2115 1338 2203 quidem
1361 2139 1383 2178 a

330 2202 518 2280 latronibus,
535 2203 616 2288 quie
632 2201 752 2281 Cumis,
765 2202 845 2267 urbe
858 2201 1042 2268 Chalcidice
1055 2202 1089 2266 in
1100 2225 1180 2290 agro
1190 2202 1294 2288 Opico
1309 2203 1380 2276 sita,

330 2301 494 2364 renerent,
521 2285 650 2352 condita
672 2287 744 2352 fuit.
789 2287 906 2355 Postea
928 2311 1005 2354 vero
1030 2287 1211 2366 multitudo,
1240 2309 1312 2374 quae
1335 2307 1381 2352 ex

334 2373 490 2440 Chalcide
502 2385 534 2438 et
548 2395 589 2437 ex
606 2373 727 2459 relique
742 2373 867 2438 Euhoeu
881 2386 1019 2451 venerat,
1034 2395 1148 2461 agrum
1167 2374 1385 2454 cummuniter

356 2460 481 2526 ossedit.
526 2456 667 2545 Ejusque
681 2459 816 2525 coloniae
830 2459 906 2526 illuc
919 2459 1067 2526 deductae
1088 2460 1196 2546 ibique
1216 2458 1387 2525 collocate

332 2483 432 2612 duces
444 2545 575 2612 fuerunt
591 2545 733 2610 Perieres
747 2558 844 2632 atquo
867 2545 1093 2624 Cratoemenes,
1109 2567 1244 2634 quorum
1258 2546 1346 2611 alter
1367 2569 1389 2610 e

335 2632 459 2708 Cumis,
474 2631 553 2696 alter
572 2654 590 2695 e
606 2629 760 2696 Chalcide
772 2642 908 2696 uernat.
954 2630 1041 2697 Haec
1062 2645 1167 2698 autem
1185 2631 1257 2697 urba
1273 2633 1389 2717 primo

335 2717 463 2804 quidem
483 2729 506 2782 'a
529 2718 644 2782 Siculis
667 2717 785 2782 Zancle
799 2731 911 2784 vocata
933 2717 1001 2795 luit,
1018 2717 1105 2804 quod
1126 2719 1214 2784 locus
1234 2717 1290 2783 ille
1312 2741 1389 2803 epe-

335 2803 417 2868 ciem
430 2800 518 2866 falcis
533 2801 667 2867 hebeat:
690 2801 801 2866 falcem
818 2814 922 2868 nutem
940 2803 1039 2868 Siculi
1060 2803 1192 2870 zenolon
1208 2803 1387 2889 appellunt.

338 2888 453 2954 Postea
467 2908 542 2952 vero
556 2887 616 2973 ipsi
651 2886 757 2952 uident
773 2911 793 2952 e
808 2890 922 2954 Samiis
937 2903 969 2954 et
987 2889 1056 2956 eliis
1071 2891 1212 2968 Ionibus,
1234 2892 1291 2977 qui
1307 2889 1389 2956 Me·

336 2972 426 3042 dost
466 2973 562 3038 lentes
576 2909 774 3040 sd‘Siciliem
790 2975 991 3061 appulerant,
1005 2975 1133 3062 expulsi
1145 2975 1284 3042 fuerunt.

381 3069 412 3127 5.
468 3059 588 3124 naxilas
604 3081 687 3138 vero,
702 3061 923 3148 Rheginorum
938 3075 1101 3150 tyrannus,
1113 3083 1179 3128 non
1194 3061 1297 3127 multo
1311 3078 1394 3148 post

338 3145 452 3214 Samiis
467 3147 556 3212 illinc
570 3147 686 3232 ejectis,
700 3147 811 3214 urbem
828 3148 1021 3226 hominibus,
1037 3168 1202 3235 quoscum
1217 3149 1294 3234 ipsis
1309 3151 1395 3216 uris-

338 3233 415 3312 cuit,
438 3231 635 3320 frequentem
651 3231 798 3311 reddidit,
822 3245 854 3298 et
875 3235 1005 3313 nomine
1027 3247 1148 3300 mento
1171 3235 1349 3300 Messenen
1373 3259 1396 3302 e

338 3341 395 3385 sua
416 3319 547 3406 antique
571 3318 677 3404 patria
697 3319 883 3400 nominavit,
908 3342 974 3386 cum
988 3332 1061 3386 crue
1075 3323 1192 3386 Zancle
1213 3333 1396 3388 uocemue.

340 3405 419 3472 Post
434 3403 573 3470 Zanclen
588 3418 694 3470 eutem
709 3408 874 3483 conditam,
892 3405 1029 3472 Himera
1043 3406 1085 3472 ab
1101 3407 1235 3472 Euclide
1248 3418 1282 3472 ct
1295 3407 1396 3473 Simo

338 3504 371 3557 et
386 3493 509 3556 Secone
523 3491 651 3556 condite
665 3490 734 3557 huit.
780 3489 823 3556 Et
839 3491 1064 3558 Chalcidenses
1078 3493 1223 3579 plerique
1241 3494 1275 3556 in
1291 3493 1397 3560 istam

340 3575 497 3650 colonium
512 3589 678 3656 venerunt,
694 3590 813 3642 etcum
828 3577 903 3663 ipsis
917 3577 1140 3646 habitaverunt
1150 3581 1216 3646 etS
1230 3583 1398 3646 ·racusani

341 3659 475 3736 exsules,
492 3685 511 3725 c
526 3665 687 3728 contrarie
701 3663 836 3730 factione
849 3667 999 3750 superati,
1015 3666 1070 3752 qui
1086 3603 1255 3751 Myletidae
1270 3687 1401 3732 coonu-

342 3761 403 3816 tur.
449 3745 493 3812 Et
510 3747 553 3810 lin
600 3749 761 3836 equidem
778 3753 901 3816 leonem
912 3763 965 3820 est
986 3751 1127 3816 medium
1149 3749 1312 3838 quoddam

341 3855 401 3898 nue
416 3853 456 3896 ex
479 3831 663 3900 Chacidica
678 3853 710 3900 et
732 3837 852 3900 Dorice
875 3838 1021 3916 mixtum,
1048 3837 1133 3924 leges
1157 3851 1234 3904 vero
1254 3836 1310 3905 Ch
1348 3842 1402 3906 ci·

341 3919 453 3984 dentes
467 3917 684 3986 obtinuerunt.
730 3924 826 3984 Acroe
839 3945 913 3986 vero
927 3935 958 3987 et
972 3923 1138 3988 Casmenae
1149 3945 1168 3986 a
1180 3925 1402 4008 Syracusanis

341 4005 479 4070 condite
494 4005 634 4070 fuerunt.
679 4005 722 4072 Et
736 4007 980 4093 Acroelquidem,
994 4010 1196 4109 septuaginta
1209 4011 1302 4074 annia
1316 4027 1405 4094 post

341 4093 515 4178 Syracusas
535 4093 695 4165 conditas,
725 4089 892 4158 Casmenae
906 4116 992 4171 vero,
1015 4095 1128 4182 viginti
1149 4095 1276 4160 circiter
1297 4104 1406 4164 cums

341 4191 413 4263 post
428 4180 527 4242 Acras
542 4180 691 4242 conditos.
737 4177 780 4242 Et
796 4178 966 4245 Camarina
979 4181 1129 4265 primum,
1144 4203 1164 4245 e
1180 4182 1405 4267 Syracusanis

342 4262 470 4326 condito
484 4261 554 4340 luit,
570 4262 669 4326 ferme
691 4276 818 4327 centum
835 4278 866 4328 et
889 4267 1018 4353 triginta
1040 4267 1181 4354 quinque
1202 4269 1295 4332 annis
1317 4283 1409 4352 poet

346 4350 514 4432 Syracusus
537 4348 691 4415 conditas.
736 4350 841 4435 Ipsius
862 4373 938 4422 vero
959 4353 1137 4420 conditores
1152 4353 1285 4422 fuerunt
1301 4353 1404 4421 Dee-
