2982 4786
343 303 406 362 8⁰8
714 281 1019 354 THUCYDlDIS

248 485 310 534 asu
343 486 395 542 ue,
410 464 437 528 si
451 461 493 527 ad
507 457 755 546 populum'hsec
769 462 840 543 ipso
853 457 1043 533 retulissent,
1066 455 1191 541 plebem
1211 453 1387 531 allicerent,

236 551 323 610 P2¹⁰ts
344 563 377 615 et
391 549 582 637 Argivorum
598 545 731 610 societas
747 556 957 636 respueretur.
1003 542 1067 608 Sed
1084 539 1266 606 Alcibiades
1277 539 1387 625 hujus-

232 613 331 738 3¹}ss
346 635 434 700 modi
448 632 590 698 fraudem
606 632 754 696 adversus
769 632 854 714 ipsos
867 627 1077 694 machinatur.
1123 626 1388 702 Lacedaemoniis,

252 739 318 804 εει,
346 721 411 786 fide
425 720 500 804 ipsis
523 718 607 793 data,
631 715 809 801 persuadet,
830 737 871 779 ne
893 735 1000 779 coram
1024 713 1145 798 populo
1166 711 1337 786 fateantur,
1358 733 1392 774 se

247 793 321 892 ffi'c,
347 827 420 870 cum
442 825 566 868 summa
579 814 735 888 potestate
750 801 879 877 venisse,
904 801 988 886 quod
1012 801 1038 863 si
1064 798 1206 874 fecerint,
1221 819 1254 860 se
1272 797 1403 887 Pylum

245 904 320 954 vm.
348 892 438 976 ipsis
452 889 662 964 redditurum,
694 891 740 970 (se
768 887 852 950 enim
885 887 944 949 lroc
975 883 1221 950 Atheniensibus
1261 904 1390 966 persua-

247 979 310 1072 oef·
347 999 468 1054 surum,
485 971 752 1062 quemadmodum
768 983 799 1036 et
813 983 890 1035 tunc
913 993 946 1035 sc
963 971 1207 1034 lacedemoniis
1228 967 1391 1032 adversari

347 1063 485 1142 dicebat)
511 1071 544 1124 et
572 1073 702 1125 ceteras
738 1055 967 1121 controversias
996 1055 1256 1140 compositurum.
1305 1053 1389 1118 Haec

346 1161 454 1214 autem
468 1168 506 1212 eo
519 1145 653 1211 consilio
666 1141 791 1229 egebat,
805 1159 841 1206 ut
859 1142 1099 1206 Lacedaemonios
1118 1163 1138 1204 a
1160 1139 1256 1204 Nicia
1271 1139 1387 1204 aliena-

347 1247 407 1311 ret,
424 1245 522 1318 utque
536 1230 622 1315 apud
680 1227 791 1312 pulum
815 1228 901 1312 ipsos
915 1226 1110 1306 criminatus,
1147 1225 1210 1290 uod
1231 1221 1311 1289 nihil
1329 1226 1389 1289 sin·

348 1321 412 1384 ceri
427 1320 461 1382 in
477 1318 584 1381 animo
594 1314 635 1377 ha
678 1326 758 1389 rent,
773 1335 833 1377 nec
843 1313 953 1377 eadem
970 1333 1110 1396 uuquam
1124 1247 1279 1388 dicerent,
1293 1311 1389 1394 Argi-

349 1425 461 1468 vorum
476 1414 508 1465 et
523 1401 675 1464 Eleorum
690 1412 722 1462 et
737 1397 977 1464 Mantineorum
1000 1396 1179 1462 societatem
1196 1396 1389 1461 conciliaret.

350 1489 394 1554 Et
407 1490 453 1552 ita
466 1485 579 1551 evenit.
623 1484 708 1549 Nam
723 1505 796 1548 cum
811 1487 912 1570 legati
928 1482 968 1547 ad
983 1483 1139 1568 populum
1152 1483 1388 1566 processissent,

348 1588 381 1640 et
395 1571 582 1657 interrogati
596 1591 662 1634 non
684 1568 838 1633 dixissent
854 1575 903 1652 (ut
925 1569 958 1632 in
973 1571 1097 1648 senatu)
1120 1591 1154 1632 se
1168 1589 1241 1632 cum
1265 1589 1388 1632 summe

348 1671 505 1746 potestate
519 1658 648 1732 venisse,
664 1667 743 1719 tunc
757 1677 832 1720 vero
847 1653 1059 1720 Athenienses
1070 1653 1155 1718 baud
1170 1654 1310 1738 amplius
1324 1656 1389 1717 illo·

348 1768 415 1810 rum
430 1743 665 1809 inconstantiam
679 1739 832 1806 tulerunt.
878 1739 941 1806 Sed
957 1739 1156 1804 Alcibiadem
1179 1738 1284 1804 multo
1298 1740 1389 1804 rebe·

350 1831 568 1906 mentioribus,
589 1849 684 1914 quam
701 1840 785 1902 ante,
801 1825 991 1890 clamoribus
1008 1825 1268 1890 Lacedaemonios
1292 1827 1388 1888 insec-

350 1929 471 1982 tantem
486 1915 669 1990 audiebant,
685 1913 861 1998 animisque
883 1913 1047 1997 propensis
1061 1923 1162 1988 erant,
1179 1911 1308 1996 Argivis
1323 1910 1388 1975 illo·

351 2025 487 2090 rumque
508 2001 678 2066 comitibus
692 2000 723 2062 in
746 2001 916 2062 concionem
931 1997 1129 2073 introductis,
1146 1995 1187 2060 ad
1208 1997 1387 2062 societatem

352 2111 425 2156 cum
440 2088 515 2174 ipsis
531 2089 637 2152 statim
656 2083 840 2148 ineundam.
886 2083 947 2148 Sed
964 2081 1047 2148 facto
1061 2097 1156 2146 terrae
1171 2094 1272 2160 motu,
1289 2083 1389 2168 prius-

351 2197 447 2263 quam
486 2173 630 2258 uicquam
645 2170 898 2245 constitueretur,
915 2167 985 2233 haec
999 2169 1112 2234 concio
1125 2168 1224 2233 dilata
1237 2183 1295 2234 est.

394 2269 450 2326 46.
462 2195 512 2322 (in
527 2258 683 2322 concione
696 2277 781 2332 vero,
798 2277 870 2342 quae
885 2255 1036 2339 postridie
1055 2268 1232 2320 convocata
1244 2253 1317 2333 fuit,
1334 2254 1390 2320 Ni·

351 2347 426 2422 cias,
442 2341 585 2430 quamvis
607 2341 666 2427 ipsi
682 2340 920 2406 Lacedaemonii
943 2341 982 2406 ub
996 2341 1156 2406 Alcibiade
1177 2340 1303 2425 decepti
1317 2339 1390 2404 fuir·

352 2444 433 2510 sent,
457 2429 600 2515 quamvis
623 2426 719 2492 etiam
745 2425 813 2510 ipse
836 2449 962 2512 quoque
989 2426 1139 2511 deceptus
1161 2423 1284 2507 fuisset,
1305 2424 1389 2576 quod

352 2528 530 2604 negassent,
557 2535 590 2577 sc
613 2535 685 2578 cum
708 2533 831 2577 summa
853 2523 1007 2597 potestate
1020 2513 1154 2589 venisse,
1179 2527 1285 2578 temen

351 2615 500 2688 oportere
514 2600 711 2665 Athenienses
723 2619 797 2662 cum
819 2596 1072 2662 Lacedaemoniis
1092 2599 1209 2683 potius,
1224 2619 1315 2682 quarn
1330 2619 1393 2663 oon

351 2689 495 2772 Argivis,
519 2685 699 2748 societatem
732 2683 823 2763 inire,
848 2699 881 2747 et
908 2683 1007 2748 dilato
1033 2683 1225 2770 Argivorum
1251 2686 1392 2769 negotio,

351 2777 472 2858 legatos
485 2769 526 2834 ad
540 2769 625 2855 ipsos
633 2770 882 2834 Lucedaernmu'os
893 2769 1006 2834 iterum
1022 2771 1155 2843 mittere,
1171 2781 1202 2834 et
1212 2770 1391 2852 explorare,

352 2857 505 3006 qp‘idnap‘q
521 2855 555 2917 in
569 2853 855 3004 ἓιιξιωοὲιαβςῇςηῐ.
904 2854 998 3004 [panc
1012 2854 1096 3003 enifm
1112 2854 1186 3004 hilm
1206 2853 1394 3004 pilatiopem

352 2964 414 3093 :tt
427 2961 557 3114 {litt
577 2961 1046 3110 tttmtztttttttttt
1061 2962 1130 3110 ,ii
1152 2953 1317 3110 liniis,
1330 2964 1397 3092 tt

353 3127 465 3178 tunam
487 3111 570 3177 hanc
583 3111 748 3176 florentem
770 3131 864 3196 quem
888 3110 1064 3178 diutissime
1084 3132 1280 3176 conservare.
1327 3112 1398 3178 Illis

352 3201 477 3266 veroin
498 3197 614 3262 afflicta
628 3195 756 3260 fortuna
770 3197 977 3272 versantibus,
1000 3196 1071 3261 loco
1092 3197 1171 3261 lucri
1187 3196 1263 3275 fore,
1287 3200 1398 3282 primo

352 3280 1148 3453 ttttlttttttffltbgttzttttttn
1164 3283 1399 3456 {illidii

672 3412 683 3444 9

353 3478 490 3543 quorum
505 3475 639 3520 numero
657 3465 691 3516 et
704 3455 772 3535 ipse
785 3457 866 3533 erat)
882 3453 937 3537 qui
956 3451 1105 3537 juberent
1121 3452 1400 3538 Lacedaemonios,

214 3609 216 3614 ·
352 3539 788 3708 {iaqui‘issi‘iiililll
802 3535 966 3689 ltlt‘t
992 3538 1166 3690 pilii?
1191 3552 1332 3642 ΜΨ
1361 3565 1400 3608 ‘¹⁶

399 3651 416 3690 e
895 3647 916 3688 u
952 3646 1026 3701 e3e
1153 3647 1244 3690 orum
1261 3645 1401 3694 societa-

353 3648 561 3776 temgmisssm
576 3707 687 3786 lacere,
702 3645 771 3772 idei
786 3708 906 3774 foedera
920 3731 1016 3774 seortm
1038 3711 1118 3774 inire
1133 3711 1258 3789 vellent,
1282 3735 1402 3800 quem·

353 3795 526 3860 admodum
549 3807 677 3860 canuam
691 3794 804 3871 suerat,
829 3807 865 3860 ut
886 3796 991 3860 neutri
1013 3795 1081 3862 sinc
1103 3812 1217 3862 mutuo
1237 3820 1404 3868 consensu

353 3903 427 3948 cum
449 3880 516 3946 ullo
529 3880 773 3966 paciscerentur.
819 3880 1021 3965 Imperarunt
1045 3882 1151 3962 etiam,
1176 3896 1211 3947 ut
1236 3885 1403 3966 dicerent,

353 3989 546 4055 aequoque,
573 3967 599 4030 si
622 3966 768 4052 injuriam
788 3963 891 4030 facere
911 3966 1093 4048 voluisseut,
1116 3968 1297 4036 societatem
1322 3996 1406 4040 carm

1331 2512 1392 2577 init

353 4053 483 4140 Argivis
499 4054 567 4138 jam
589 4049 728 4116 facturos
742 4049 853 4116 fuisse:
877 4053 961 4200 quod
986 4053 1044 4137 ipsi
1060 4055 1168 4139 Argiui
1187 4054 1248 4120 hac
1261 4056 1340 4140 ipsa
1364 4061 1409 4126 de

353 4161 449 4204 causa
463 4139 616 4203 adessent.
661 4134 705 4200 Et
724 4136 843 4221 siquid
865 4137 952 4202 aiud
967 4138 1092 4202 crimini
1113 4139 1242 4218 dabant,
1266 4141 1407 4212 Niciam

354 4225 484 4310 ejusque
495 4223 632 4310 collegas
641 4243 713 4288 cum
728 4223 882 4290 mandatis
896 4221 938 4290 de
948 4225 1097 4292 omnibus
1110 4226 1274 4292 miserunt.
1309 4230 1407 4300 Cum
