2996 4782
400 804 587 888 LIBER
631 801 895 886 Pltlttus„

547 1091 745 1135 -0—

124 1335 360 1419 Tuocruroas
385 1349 589 1416 Atheniensis
606 1350 723 1414 bellom
742 1349 1046 1436 Peloponnesiorum
1064 1349 1164 1415 Athe-
1276 1345 1280 1350 ’

7 1445 8 1450 ’
125 1440 357 1525 niensiumque,
372 1435 459 1525 quod
475 1437 558 1502 inter
581 1460 614 1500 se
628 1449 803 1524 gesserunt,
819 1437 1016 1521 conscripsit,
1032 1457 1166 1502 exorsus

7 1541 9 1552 ’
126 1525 230 1591 statim
246 1526 346 1590 abeo
362 1537 460 1602 moto,
477 1545 607 1608 sperans
624 1524 720 1586 etium
738 1519 807 1587 iore
822 1545 895 1587 curn
917 1545 1080 1610 magnum,
1096 1535 1165 1588 turn

124 1611 342 1697 superioribus
353 1610 449 1699 longe
461 1609 716 1673 memorabilius:
740 1608 789 1672 his
798 1609 989 1696 conjecturis
1000 1608 1164 1686 adductus,

7 1707 9 1764 l
148 1697 211 1762 uod
226 1709 259 1762 et
274 1698 400 1784 utrique
413 1695 502 1760 omni
517 1695 631 1760 bellico
645 1709 802 1780 apparatu
816 1695 975 1774 florerent,
989 1710 1020 1760 et
1035 1708 1167 1760 caeteros

126 1720 259 1848 llraeeos
274 1805 348 1848 cum
365 1782 526 1850 alterutris
543 1803 576 1845 se
594 1781 789 1870 conjungere
805 1781 938 1858 videret,
953 1784 1070 1867 purtim
1094 1781 1166 1868 qui·

128 1867 203 1931 deut
217 1871 331 1945 statim,
347 1868 464 1954 partim
480 1888 556 1931 vero
570 1868 666 1932 etiam
680 1868 831 1930 inanimo
846 1867 973 1945 habere,
987 1881 1084 1954 atque
1100 1889 1168 1932 mo-

127 1951 189 2018 liri.
213 1951 282 2018 Hic
295 1955 381 2018 enim
397 1965 501 2017 motus
515 1952 660 2038 profecto
673 1951 835 2016 maximus
849 1953 934 2017 inter
949 1955 1082 2018 Graecos
1098 1953 1167 2031 fuit,

128 2039 207 2125 quin
229 2039 324 2104 etiam
347 2040 381 2103 in
403 2041 539 2125 quadam
563 2037 782 2115 barbarormn,
802 2061 840 2104 ac
861 2039 1096 2126 propemodum
1120 2045 1170 2122 (ut

129 2125 174 2189 ita
188 2125 315 2212 loquar)
326 2125 360 2189 in
374 2125 515 2190 maxima
530 2135 703 2190 emensum
717 2124 900 2190 mortalium
917 2137 1007 2211 parte
1021 2127 1171 2190 monimus

127 2212 251 2276 exstitit.
297 2211 381 2300 Num
400 2213 590 2297 superiores,
608 2225 640 2274 et
658 2209 707 2274 his
726 2211 822 2296 longe
841 2213 1034 2300 antiquiores
1053 2225 1169 2287 motus,

128 2297 171 2361 ob
191 2309 372 2382 temporum
395 2309 580 2362 vetustatem
603 2298 697 2382 plane
719 2297 875 2383 comperti
897 2321 964 2363 esse
986 2317 1052 2362 non
1076 2309 1170 2382 potn-

129 2395 233 2448 erunt.
294 2383 357 2448 Sed
379 2385 569 2469 conjecturis
590 2383 683 2448 nixus
705 2389 797 2469 (quas
821 2383 898 2447 mihi
929 2383 1170 2448 remotissimam

129 2491 148 2532 a
161 2469 255 2534 nobis
270 2470 492 2555 antiquitatem
508 2470 663 2555 spectanti
679 2467 837 2556 contingit
851 2469 982 2536 credere
994 2490 1081 2535 veros
1097 2491 1169 2550 esse,

129 2556 193 2634 eos)
210 2575 271 2620 nec
284 2555 319 2619 iu
335 2554 463 2632 bellicis,
478 2577 538 2620 nec
555 2555 586 2618 in
605 2555 727 2620 ceeteris
741 2557 828 2620 rebus
842 2557 885 2619 ud
893 2577 1004 2638 pacem
1018 2555 1170 2638 pertinen·

132 2641 211 2704 tibus
223 2661 356 2730 magnos
375 2640 471 2706 luisse
485 2653 575 2726 puto.

165 2735 197 2790 2.
214 2726 351 2793 Constat
363 2729 449 2792 enirn
463 2748 544 2806 earn,
560 2747 632 2813 quae
648 2726 775 2792 Groeoia
788 2749 875 2792 nunc
890 2727 1076 2813 appellatur,
1093 2726 1169 2791 olim

130 2833 196 2877 nou
218 2823 401 2879 constanter
419 2813 594 2878 habitatam
612 2813 728 2878 luisse:
760 2813 815 2878 sed
835 2814 973 2900 primurn
992 2813 1172 2900 frequentes

131 2899 337 2988 migrationes
349 2902 422 2964 inde
435 2899 530 2963 fuisse
543 2898 652 2976 factas,
668 2911 700 2964 et
713 2898 806 2964 facile
821 2921 894 2964 suos
909 2898 1170 2987 quemquefines

129 2984 314 3063 deseruisse,
343 3005 469 3068 semper
495 2985 671 3070 abaliquo
700 2987 820 3072 majore
848 3007 983 3070 numero
1011 2998 1170 3052 coactum.

131 3069 217 3136 Nam
247 3093 321 3136 cum
347 3071 438 3137 nulla
462 3082 543 3136 esset
571 3071 757 3170 negotiatio,
786 3091 844 3136 nec
865 3071 950 3136 ullus
976 3072 1060 3137 inter
1085 3071 1171 3156 ipsos

130 3169 203 3222 tuto
223 3159 418 3224 commercio
435 3158 517 3224 citra
534 3155 736 3221 formidinem
755 3157 804 3221 rel
822 3171 906 3222 terra
922 3157 971 3222 vel
986 3157 1066 3222 mari
1080 3157 1170 3221 locus

131 3255 223 3321 eset,
242 3264 380 3344 curnque
397 3244 513 3330 singuli
531 3265 582 3307 res
605 3265 687 3322 suas
705 3254 736 3308 et
762 3263 856 3328 agros
873 3257 1002 3309 eatenus
1019 3242 1170 3322 colerent,

130 3341 288 3415 quatenus
313 3343 410 3394 rrtarn
430 3351 527 3415 parce
544 3342 686 3416 agerent,
702 3351 761 3394 nec
775 3351 924 3417 magnam
944 3330 1089 3416 pecuniae
1107 3330 1171 3392 vim

130 3414 298 3493 haberent,
312 3437 372 3480 nec
386 3415 519 3480 humum
534 3415 686 3480 arboribus
699 3429 902 3482 consererent
914 3418 1003 3504 (quia
1013 3417 1171 3480 incertum

7 3491 8 3498 ἵ
127 3513 210 3578 erat,
227 3501 359 3588 quando
374 3502 445 3588 quis
465 3501 544 3566 alius
564 3501 751 3567 incursione·
764 3503 930 3586 repentina
951 3503 1069 3567 labores
1087 3511 1171 3566 esset

130 3585 309 3666 ablaturus,
323 3586 419 3651 simul
441 3589 549 3663 etiam,
565 3587 640 3688 quia
656 3586 750 3651 nullis
767 3589 866 3651 muris
880 3601 972 3652 erunt
995 3587 1124 3670 muniti)
1140 3599 1172 3652 et

130 3671 356 3758 quotidianum
374 3695 412 3738 ac
433 3693 643 3738 necessarlum
665 3674 783 3738 rictum
805 3696 838 3738 se
858 3674 977 3761 ubique
997 3673 1171 3760 adepturos

129 3759 364 3836 existimarent,
376 3779 442 3823 non
456 3771 587 3848 gravate
599 3759 661 3824 urb
672 3761 793 3825 sedibus
807 3760 999 3848 migrabant.
1045 3759 1173 3826 Idcirco

129 3843 229 3909 etiam
245 3845 449 3910 neourbium
469 3845 702 3948 magnitudine,
719 3867 779 3910 nec
800 3845 863 3910 alio
882 3846 997 3912 bellico
1016 3859 1172 3933 apparatu

131 3930 293 3995 valebant.
339 3933 448 4017 Atque
472 3933 672 4017 potissimum
697 3933 837 4018 optimus
858 3934 992 4020 quisque
1017 3923 1103 4019 eger'
1122 3932 1172 3997 his

130 4015 311 4082 incolarum
332 4018 561 4083 mutationibus
584 4039 711 4103 semper
732 4031 801 4084 erat
822 4020 990 4097 obnoxius,
1013 4031 1101 4085 utet
1123 4040 1170 4096 ea,

133 4121 207 4189 quoe
227 4123 315 4168 nunc
337 4102 504 4169 Thessalia
528 4117 670 4185 vocatur,
693 4117 724 4170 et
740 4105 881 4186 Boeotis,
902 4118 933 4170 et
959 4105 1173 4191 Peloponnesi

135 4207 253 4278 magus
263 4211 352 4274 porr,
368 4203 484 4275 prater
506 4191 687 4268 Arcadiam,
703 4205 734 4256 et
755 4191 886 4278 relique
908 4191 1042 4257 Groeciae
1057 4202 1172 4273 partes,

134 4295 335 4363 quoecunque
355 4277 447 4342 e'rant
470 4277 649 4343 uberrimae.
692 4277 774 4342 Num
801 4278 884 4342 inter
904 4277 1075 4343 nonnullos
1098 4297 1173 4360 pro-

644 4383 666 4426 a
