3004 4768
337 325 399 383 tos
703 311 1008 383 THUCYDIDIS

240 509 303 560 nau.
335 486 389 552 alii
405 487 493 566 socii,
508 483 574 554 tu'rn
589 507 665 550 vero
681 487 843 574 praeeipue
861 485 1064 575 Syracusani,
1078 475 1371 571 comprobaverunt.

234 577 317 684 Ps¹⁰¹ta
337 573 449 639 Lichae
464 585 570 637 tamen
593 572 663 638 haec
684 573 903 660 displicebant,
919 589 951 640 et
964 575 1100 652 dicebat,
1115 584 1263 673 oportere
1274 568 1372 668 blite-

221 641 322 766 3ῗῶ
336 661 415 762 sios,
424 673 456 724 et
478 659 566 734 alios,
582 661 646 759 qui·
658 675 763 762 essent
777 661 810 723 in
828 661 925 748 Regis
945 659 1078 741 ditione,
1094 655 1301 742 Tissaphernr
1324 675 1373 717 rn-

229 769 307 882 tt·
335 743 859 898 tlt'tttttbttttttttttt
882 740 1374 914 ''tr‘’ltt‘t.t.“ttltt.‘titl

233 899 308 1012 *3⁸4¹*
334 918 421 994 bant,
438 929 556 982 etcum
572 917 616 982 ob
629 918 702 998 ista,
716 931 784 982 tum
799 917 843 983 ob
860 917 921 984 alia
935 917 1127 1004 hujusmodi,
1143 917 1247 999 ipsum
1263 925 1375 998 postea
1498 959 1499 962 =

280 961 302 1025 ι’
332 1003 447 1068 morbo
461 1001 648 1094 defunctum
670 1002 795 1069 humari
818 1025 883 1068 non
900 1001 1113 1088 permiserunt
1127 1005 1162 1067 in
1177 1023 1212 1066 eo
1227 1001 1302 1076 loco,
1319 996 1374 1063 ubi

333 1089 579 1166 lacedemonii,
592 1090 646 1175 qui
660 1103 832 1175 praesentes
845 1089 988 1168 aderant,
1000 1109 1065 1153 eum
1075 1091 1199 1152 humori
1213 1085 1374 1150 volebant.

377 1184 431 1242 85.
456 1174 539 1240 Cum
556 1175 654 1262 igitur
668 1175 726 1260 ipsi
744 1177 965 1260 Peloponnesii
978 1197 1027 1241 res
1049 1175 1082 1238 in
1097 1172 1281 1258 hujusmodi
1297 1191 1377 1234 cou-
1498 1241 1499 1252 q

333 1259 486 1326 troversia
510 1259 661 1326 adversus
692 1261 889 1344 Astyochum
919 1274 951 1328 et
980 1259 1227 1345 Tissaphernem
1258 1269 1376 1321 exorta
1498 1287 1499 1320 t

332 1347 517 1412 constitutas
540 1341 704 1427 haberent,
729 1345 900 1412 Mindarua
924 1345 1077 1434 Astyocbi
1099 1342 1281 1411 navarchiae
1302 1363 1375 1406 suc·

331 1454 437 1498 coesor
451 1431 684 1497 Lacedaemone
705 1433 895 1518 supervenit,
908 1455 945 1498 ac
961 1433 1128 1518 imperium
1144 1430 1276 1514 aceepit.
1310 1432 1372 1493 Aa·

331 1517 465 1602 tyochus
493 1539 569 1582 vero
599 1517 750 1585 discessit.
796 1519 878 1584 Cum
909 1521 918 1582 i
1005 1531 1110 1584 autem
1140 1507 1372 1601 Tissaphernes

353 1601 500 1668 uemdam
522 1625 563 1668 ex
579 1603 628 1683 iis,
644 1625 724 1690 quos
745 1625 852 1670 secum
875 1605 918 1669 ha
999 1618 1022 1681 t,
1040 1601 1209 1670 Gauletem
1229 1601 1373 1680 nomine,

362 1709 427 1766 ara,
456 1689 469 1752 l
530 1701 597 1753 turn
635 1691 730 1766 misit,
765 1691 929 1778 utriusque
965 1691 1083 1777 linguas
1118 1709 1267 1776 gnarum,
1298 1707 1372 1752 cum

332 1773 474 1838 Milesion
510 1771 672 1839 ecastello
686 1791 916 1855 accusaturum,
932 1790 999 1840 tum
1022 1776 1116 1840 etiarn
1138 1773 1231 1838 simul
1245 1795 1280 1836 se
1294 1793 1373 1857 pur-

329 1871 490 1947 gaturum.
535 1859 661 1925 Sciebat
675 1861 771 1938 enim,
790 1861 934 1926 Milesios
949 1864 1022 1925 illuc
1037 1859 1192 1942 proficisci
1215 1883 1254 1922 eo
1272 1858 1373 1943 potis·

330 1948 445 2010 simum
460 1944 578 2024 animo,
595 1946 676 2011 utin
693 1969 728 2011 se
740 1947 973 2024 inveherentur,
986 1959 1018 2012 et
1035 1947 1281 2012 Hermocratem
1297 1965 1372 2008 cum

330 2031 415 2116 ipsis,
438 2032 492 2116 qui
514 2031 788 2097 demonstraturus
809 2045 898 2113 esset,
915 2031 1161 2118 Tissaphernem
1185 2051 1258 2094 cum
1282 2031 1374 2094 Alci·=

330 2116 424 2181 binde
449 2138 498 2181 res
524 2116 828 2203 Peloponnesiorum
850 2117 1047 2196 labefactare,
1069 2131 1101 2182 et
1121 2115 1270 2202 ancipitis
1294 2113 1373 2179 fidei

329 2223 405 2266 esse.
450 2201 631 2268 Inimicitias
645 2203 730 2268 enirn
746 2204 805 2289 ipsi
827 2225 899 2269 cum
917 2203 972 2268 illo
992 2225 1116 2289 semper
1130 2200 1375 2266 intercedebant

353 2299 462 2370 ropter
497 2288 648 2373 stipendii
677 2288 880 2354 solutionem.
925 2289 1110 2365 Quinetiam
1135 2285 1275 2364 tandem,
1299 2307 1375 2351 cum

330 2309 561 2438 llermocrates
585 2373 749 2461 Syracusis
770 2375 938 2456 exsularet,
955 2375 1072 2462 aliique
1091 2374 1198 2452 duces,
1216 2372 1373 2450 Potamia,

329 2457 479 2543 Mysoou,
495 2472 528 2523 et
542 2459 754 2536 Demarchus,
771 2459 920 2526 Miletum
944 2461 983 2525 ad
1002 2462 1272 2548 Syracusanorum
1291 2457 1374 2522 clas-

328 2565 395 2608 sem
423 2544 590 2622 venissent,
620 2543 850 2631 Tissaphernes
882 2546 1084 2611 Hermocrati
1108 2546 1175 2630 jam
1205 2543 1371 2608 exsulanti

329 2628 431 2694 multo
444 2630 548 2694 acrius
560 2631 709 2709 instabat,
725 2632 847 2718 ipsique
868 2653 941 2696 curn
957 2633 1019 2698 alia
1035 2632 1158 2697 crimini
1173 2629 1284 2708 dabat,
1300 2644 1371 2694 tum

329 2737 414 2792 vero,
430 2718 526 2801 quod,
543 2738 615 2781 cum
636 2716 809 2818 aliquando
825 2719 991 2800 pecuniam
1007 2742 1027 2782 a
1041 2741 1073 2782 se
1095 2715 1295 2802 postulasset,
1311 2736 1374 2780 nec

328 2800 371 2864 im
396 2814 535 2878 errasset,
559 2799 739 2866 inimicitias
760 2825 866 2868 secum
889 2817 1021 2890 gereret.
1067 2799 1248 2888 Astyochus
1271 2801 1373 2884 igitur

328 2897 360 2949 et
417 2887 496 2949 ilesii
518 2900 550 2950 et
566 2886 793 2952 Hermocraten
809 2889 1072 2970 Lacedaemonem
1094 2887 1264 2974 petierunt.
1312 2886 1374 2951 At-

327 2970 467 3036 cibiadcs
481 2994 556 3036 vero
565 2973 632 3058 jam
648 2996 667 3038 a
682 2972 897 3059 Tissapherne
912 2976 1042 3039 Samum
1058 2975 1203 3037 redierat.

371 3066 426 3122 86.
448 3057 563 3144 Legati
584 3072 701 3135 autern,
717 3082 796 3145 quos
811 3059 1036 3145 quadringenti
1058 3073 1134 3123 tunc
1155 3058 1312 3122 miserant
1326 3059 1371 3122 ad

326 3140 526 3208 deliniendos
541 3158 572 3208 et
586 3159 733 3209 accurate
746 3147 904 3210 docendos
918 3167 982 3225 eos,
998 3146 1053 3230 qui
1070 3145 1156 3210 Sarni
1171 3159 1273 3217 erant,
1291 3145 1372 3208 dum

328 3227 511 3292 Alcibiades
526 3232 593 3294 illic
614 3228 748 3308 adesset,
764 3251 805 3296 ex
820 3229 908 3296 Delo
928 3231 1133 3295 advenerunt.
1178 3227 1233 3306 Et,
1256 3243 1373 3294 eoacta

325 3315 488 3391 concione,
504 3315 601 3380 verbs
614 3313 715 3380 facere
736 3315 943 3380 conabantur.
989 3315 1112 3380 Milites
1126 3335 1202 3380 vero
1224 3314 1373 3400 primum

325 3399 452 3484 quidem
468 3422 518 3464 eoa
538 3401 648 3467 audire
669 3400 836 3466 nolebant:
861 3401 915 3466 sed
938 3423 1001 3477 eos,
1017 3401 1072 3487 qui
1096 3400 1283 3485 popularem
1304 3415 1374 3466 sta-

325 3496 391 3548 tum
413 3485 618 3567 sustulissent,
640 3487 875 3552 interficiendos
897 3508 964 3552 esse
989 3486 1253 3551 vociferabantur.
1300 3487 1375 3552 De·

323 3570 397 3634 inde
412 3584 528 3649 tamen,
543 3593 630 3657 tegre
644 3571 753 3638 sedato
768 3573 915 3647 tumultu,
930 3581 982 3637 eos
996 3573 1178 3638 audierunt.
1221 3571 1275 3637 Illi
1289 3595 1372 3638 vero

322 3655 520 3734 nuntiarunt,
544 3655 627 3721 hanc
646 3669 744 3723 staua
764 3659 1014 3723 immutationem
1037 3680 1100 3722 non
1125 3659 1157 3722 in
1178 3658 1370 3742 reipublicae

322 3743 506 3824 perniciem,
523 3743 579 3806 sed
596 3743 731 3825 publica
751 3744 860 3808 salutis
882 3765 976 3808 causa
989 3743 1105 3808 luctam
1126 3743 1234 3820 fuisse,
1249 3765 1311 3808 nec
1331 3759 1369 3809 ut

321 3828 428 3892 civita
442 3825 584 3892 hostibus
598 3829 796 3913 proderetur.
843 3829 885 3894 Se
900 3830 995 3905 enirn,
1008 3852 1079 3894 curu
1093 3831 1189 3895 testes
1203 3833 1237 3893 in
1252 3851 1368 3915 agam

322 3911 458 3976 Atticum
473 3913 669 3996 irrupissent,
685 3913 718 3977 id
733 3913 836 3986 lacere
848 3915 999 4001 potuisse,
1011 3915 1099 4001 quod
1114 3914 1283 4000 imperium
1294 3915 1367 4000 jam

321 3995 510 4062 obtinerent.
558 3999 713 4063 Futurum
736 4015 852 4078 autem,
869 4015 914 4078 ut,
930 4014 1087 4088 quotquot
1101 4021 1120 4063 e
1134 4001 1275 4085 quinque
1292 3999 1367 4064 mil·

321 4081 398 4146 lium
415 4105 549 4148 numero
562 4099 675 4162 essem,
692 4107 750 4169 per
765 4085 847 4150 vices
862 4086 994 4170 qutsdem
1008 4088 1175 4170 dignitatis
1189 4085 1364 4170 participes

321 4181 435 4234 essent.
481 4169 513 4232 N
555 4191 594 4234 ue
608 4191 683 4234 vero
698 4173 892 4257 propinquos
908 4172 1047 4254 ipsorum
1064 4185 1119 4236 aut
1133 4170 1363 4236 contumeliam

322 4253 387 4334 pati
403 4257 529 4338 (quemn
585 4255 683 4320 odum
709 4257 860 4322 Chaereas
881 4256 1083 4322 criminando
1104 4257 1287 4336 retulisset),
1303 4269 1362 4322 aut
