2982 4786
415 297 663 373 uterorum
686 301 778 372 mn.
800 301 840 369 v.
1085 315 1152 382 em
1220 281 1224 295 '

991 387 995 419 i

17 529 23 540 ,
105 469 219 538 decime
240 471 453 572 conspexeris,
468 483 566 622 puppe
582 476 633 573 (ut
649 473 800 575 credibile
818 475 948 576 estisne
970 487 1152 562 terrentem,
1183 497 1246 548 tert

110 579 185 625 cum
211 569 285 637 turs,
309 571 341 621 et
356 559 521 644 Amphipo
535 572 636 638 rtsnrs,
660 562 792 646 uhrsque
816 583 920 640 socrus,
943 585 1022 650 quos
1047 581 1152 636 tecum
1175 563 1256 624 ¹²⁸¹0r·

5 711 10 720 ,
109 643 220 721 duces,
236 656 368 729 repente
381 647 483 729 portis
495 646 614 730 apertis
628 650 826 731 eruptionem
841 646 949 729 tacius,
962 672 1155 738 operumque
1168 628 1266 752 31ὲᾷ

110 730 180 812 des,
196 744 232 796 ut
246 752 341 817 quem
363 730 527 808 celerrime
542 732 675 816 proelios
690 733 827 798 intersis.
875 734 969 820 (Spes
990 739 1074 802 enim
1095 753 1152 818 est,
1178 755 1256 804 usu.

110 817 270 902 ipsossic
294 820 437 894 maxime
460 819 605 882 territum
633 817 683 880 iri.
727 819 793 890 Qui
812 821 898 884 enirn
912 843 1154 910 pugnoesuper.
1183 820 1255 870 M·

111 904 255 982 veniunt,
271 916 345 968 sunt
366 903 510 968 hostibus
529 902 807 982 formidabiliores,
824 928 920 989 quern
938 909 993 994 qui
1007 910 1080 994 jetur
1097 911 1154 978 sd-
1181 885 1251 998 Q·

111 1002 199 1072 sunt,
213 1003 245 1054 et
260 990 430 1077 pugnent.)
476 990 606 1055 Etcum
623 991 690 1075 ipse
707 1004 738 1055 te
752 991 856 1056 virum
871 992 985 1061 sortem
1002 1000 1153 1079 prebeas,

110 1076 205 1141 sicuti
222 1075 416 1162 Spartanum
432 1076 539 1152 decet3
563 1077 742 1142 tumetium
758 1099 813 1142 vos
827 1079 904 1144 socii
919 1081 1017 1162 r'psum
1029 1080 1156 1152 fortiter

109 1163 300 1249 sequemini,
314 1175 347 1228 et
360 1162 543 1228 existimetis
567 1163 642 1226 honi
660 1161 770 1228 militis
784 1181 862 1240 esse,
877 1164 966 1243 velle,
982 1179 1014 1232 et
1027 1169 1156 1236 erubet·

110 1269 195 1326 cere,
220 1262 251 1313 et
274 1248 410 1314 ducibus
435 1251 672 1333 obtemperare:
696 1262 792 1335 etque
815 1249 972 1316 hodierno
999 1251 1052 1318 die
1076 1254 1155 1336 fore,

113 1347 151 1400 nt
165 1346 219 1400 eut
241 1335 420 1400 libertatem
443 1335 647 1411 conservetis,
663 1335 688 1398 si
711 1358 779 1400 rem
795 1335 920 1402 sortiter
940 1340 1109 1425 gesseritis,
1125 1353 1157 1407 et

109 1421 192 1488 socii
222 1420 542 1488 Lacedaemoniorum
581 1420 796 1507 appellemini,
831 1435 887 1490 sut
915 1422 1157 1498 Atheniensium

110 1509 208 1584 servi,
223 1521 256 1572 et
270 1506 415 1594 quemvis
428 1509 550 1592 optime
561 1505 747 1572 conditione
758 1507 921 1574 vobiscum
933 1523 1038 1576 sctum
1051 1512 1156 1590 fuerit,

110 1593 158 1670 ite
179 1593 269 1658 utin
294 1593 478 1658 servitutem
500 1615 566 1658 non
590 1592 829 1671 ebstrshsmini,
851 1608 909 1660 eut
931 1598 1059 1682 capituli
1083 1621 1158 1685 sup·

110 1679 211 1766 plicio
233 1678 424 1757 efficiemini,
447 1679 628 1744 servitutem
651 1689 753 1746 tumen
771 1683 860 1766 louge
880 1680 1044 1749 duriorem
1066 1708 1158 1769 erpe-

110 1768 255 1844 rr'aminr',
281 1787 377 1854 quern
403 1779 478 1830 ente
503 1765 647 1842 tuleritis,
672 1765 858 1852 ceterisque
873 1767 997 1834 Groecis
1022 1770 1156 1856 impedi·

110 1865 222 1916 mento
237 1851 315 1928 sitis,
331 1872 396 1937 quo
416 1850 521 1916 minue
541 1851 574 1916 iu
595 1850 773 1916 libertatem
795 1870 987 1919 asserentur.
1032 1856 1156 1933 Quum·

113 1937 227 2003 obrem
242 1951 275 2002 et
289 1959 345 2002 vos
366 1959 433 2000 rem
455 1959 521 2002 non
541 1937 696 2025 ignaviter
714 1937 844 2025 geretis,
860 1939 1155 2021 animadvertentes,

111 2025 240 2111 quentis
255 2024 296 2090 de
310 2024 404 2088 rebus
417 2038 574 2088 certamen
591 2023 642 2088 sit.
687 2021 731 2088 Et
746 2046 807 2111 ego
826 2024 1003 2106 ostendum,
1017 2047 1069 2092 me
1082 2049 1156 2096 eum

111 2133 189 2188 esse,
198 2109 255 2197 qui
269 2131 335 2174 non
350 2111 452 2196 magis
465 2109 543 2174 ulios
558 2108 653 2176 officii
668 2109 717 2172 sui
731 2131 995 2196 moneremqusm
1009 2112 1077 2197 ipse
1092 2114 1157 2180 sec-

112 2199 153 2262 tis
168 2209 317 2281 praestem
332 2194 454 2274 eedem,
470 2195 512 2260 ed
526 2218 599 2282 quae
614 2195 718 2260 rerhis
733 2195 804 2260 ilios
816 2195 982 2262 adhortor.

158 2291 212 2348 10.
236 2280 384 2348 Bresides
398 2295 516 2358 sutem,
533 2303 607 2348 cum
622 2281 692 2346 haeo
707 2295 831 2347 tentum
846 2282 989 2362 dixisset,
1005 2297 1074 2352 turn
1089 2308 1155 2354 sese

112 2367 155 2436 nd
169 2367 370 2454 eruptionem
385 2390 458 2432 cnm
481 2367 546 2433 suis
564 2367 740 2434 taciendam
761 2368 897 2454 pererit,
911 2382 980 2434 turn
995 2372 1090 2436 etism
1104 2393 1156 2436 re·

111 2453 229 2542 liquos,
244 2453 301 2541 qui
321 2474 394 2520 curn
419 2453 569 2520 Cieuridu
589 2466 690 2531 erunt,
710 2453 751 2518 ad
773 2466 894 2539 portes,
911 2477 984 2541 quae
1007 2455 1157 2528 Thmcire

111 2553 279 2618 vocsnntr,
292 2540 469 2618 collocarit,
479 2553 527 2618 ut,
538 2539 810 2626 quemadmodum
821 2541 1027 2606 coustitutum
1042 2541 1157 2621 fueret,

111 2627 314 2713 eruptionem
337 2637 369 2692 et
390 2628 453 2709 ipsi
475 2624 626 2692 fecerent.
672 2625 793 2690 Verum
815 2647 888 2690 curu
914 2625 983 2712 ipse
1008 2629 1159 2697 Brasidus

112 2725 302 2798 conspectus
324 2711 442 2788 fnisset,
458 2711 534 2778 dum
554 2712 596 2778 de
614 2710 766 2796 Cerdylio
783 2711 999 2792 descenderet,
1014 2725 1047 2782 et
1067 2715 1158 2780 vieti·

112 2819 184 2862 mas
198 2797 378 2863 immolaret
392 2797 478 2864 circe
493 2796 631 2862 Palladis
653 2796 819 2899 tempium,
835 2799 922 2884 quod
937 2802 1051 2868 eratin
1067 2801 1157 2878 urhe,

112 2906 189 2970 quoe
211 2885 408 2949 extrinsecus
430 2882 596 2949 menifestc
617 2883 758 2969 conspici
780 2897 917 2968 poteret,
929 2899 962 2951 et
975 2889 1045 2952 dum
1067 2886 1158 2954 hoeo'

112 2982 235 3057 egeret,
253 2970 368 3035 Cleoni
388 2970 556 3036 nuntietur
570 2973 662 3053 (tunc
675 2969 761 3033 euim
775 2970 817 3034 sd
838 2973 899 3035 loci
917 2972 1158 3058 contemplatio·

112 3077 190 3122 nem
238 3059 425 3136 sucesserat)
447 3068 479 3122 et
501 3075 629 3120 omnem
654 3053 793 3120 hostium
817 3057 993 3122 exercitum
1020 3057 1053 3122 in
1081 3058 1159 3124 urbe

111 3143 202 3206 meni
216 3156 281 3206 este
295 3141 432 3227 perspici
446 3163 549 3226 posse,
566 3153 598 3206 et
611 3139 671 3206 sub
693 3141 793 3224 portis
815 3141 916 3208 mults
930 3164 1084 3228 equorum
1099 3143 1160 3208 ho·

112 3228 303 3314 mistumque
331 3241 483 3314 tunquam
512 3225 696 3291 exeuntium
727 3225 861 3312 vestigia
892 3249 1054 3376 apparere.
1099 3229 1161 3296 tlts

113 3335 203 3392 vero,
220 3335 292 3378 cum
315 3315 380 3378 Iraec
400 3311 549 3391 audisset,
565 3335 601 3381 eo
621 3311 773 3396 perrexit.
795 3326 891 3396 etque
911 3336 934 3378 u
957 3313 968 3376 i
989 3313 1159 3394 remudis,

110 3399 193 3486 quie
207 3399 325 3484 proelio
339 3399 510 3464 decernere
528 3397 657 3462 nolebat
678 3409 751 3462 ente
769 3398 962 3463 auxiliorum
976 3399 1159 3480 adrentum,

110 3487 261 3573 quumvis
276 3509 309 3549 se
322 3485 491 3552 abeuntem
504 3485 608 3556 ,visiun
624 3483 663 3548 iri
682 3495 819 3568 putaret,
833 3495 936 3550 tomen
950 3507 1018 3550 uno
1030 3487 1160 3552 eodem-

109 3593 180 3657 que
201 3585 344 3658 tempore
358 3582 389 3636 et
406 3571 532 3658 signum
556 3569 697 3654 receptui
711 3569 781 3633 duri
798 3570 901 3655 jussit,
917 3586 949 3637 et
970 3572 1160 3640 abeuntibus

108 3659 281 3744 praecepit,
297 3670 334 3722 ut
356 3659 402 3722 ite
422 3659 557 3733 obirent,
580 3668 616 3720 ut
636 3655 798 3720 sinistrum
822 3678 922 3722 comu
941 3659 1080 3744 praeiret,
1096 3682 1161 3746 qun

108 3747 187 3810 soie
207 3744 329 3809 rutione
353 3742 492 3808 Eionem
514 3763 622 3808 versus
649 3744 725 3825 ipsis
746 3763 809 3808 rese
834 3743 1010 3809 subducere
1034 3745 1161 3812 licebat.

112 3829 185 3898 sed
199 3851 273 3895 cum
289 3829 352 3894 hoc
365 3828 426 3914 ipsi
445 3827 562 3892 leutius
576 3827 646 3892 fieri
661 3827 830 3904 videretur,
849 3830 916 3914 ipse
930 3829 1044 3897 dextro
1058 3855 1161 3898 cornu

110 3938 284 3993 converso,
301 3929 333 3980 et
347 3914 469 3979 nndsto
482 3913 591 3992 latere,
607 3925 761 4000 tergoque
782 3914 927 3980 hostibus
941 3917 1027 3993 dato,
1040 3919 1162 3982 exerci-

108 4017 186 4070 tum
209 4001 370 4068 ebducere
391 4001 498 4085 erepit.
544 3999 761 4064 intereavero
777 3999 936 4077 Bresidss,
951 4024 1025 4068 cum
1043 4021 1161 4087 oppor-

109 4089 287 4156 tunitatem
305 4086 425 4165 edesse,
440 4097 472 4150 et
487 4084 729 4150 Atheniensium
751 4099 854 4150 cestre
876 4088 996 4153 moveri
1016 4087 1161 4154 animad-

410 4291 606 4347 hrrsmsctm
617 4291 756 4341 numeret.
788 4290 873 4340 rmus.
