2994 4788
350 399 355 414 .
411 300 660 370 HISTORIAE
682 303 772 368 L'lB.
797 301 861 369 111.
1104 316 1166 374 1⁸9

126 473 271 538 inimicos
285 470 479 550 invaderent,
495 475 606 539 deinde
620 497 691 540 uero
713 475 843 540 immani
857 475 1078 564 indignatione
1099 478 1168 544 lon-
1199 493 1261 542 neu

123 559 254 644 gissime
264 560 418 643 provecti,
434 560 605 626 crudeliter
619 581 678 639 eoa,
691 575 724 626 et
737 564 845 625 animo
859 562 1048 628 inexorabili
1057 561 1168 650 'perse-
1187 559 1271 620 ΜΨ

125 660 312 732 querentur.
357 649 440 712 Cum
470 661 575 712 autern
605 649 680 712 ritae
709 647 880 733 disciplina
911 663 988 713 tunc
1019 653 1168 736 temporis
1185 623 1282 748 yffi,

127 733 283 818 Corcyrae
304 731 415 800 luisset
433 735 629 818 perturbata,
645 734 714 818 ipss
734 756 862 820 quoque
881 734 1021 800 humana
1043 737 1167 815 natura,
1193 751 1269 800 aaa

126 840 201 903 quae
217 818 268 882 vel
282 832 399 904 praeter
414 819 509 906 leges,
526 820 639 904 injuste
660 817 763 884 fecere
785 822 956 898 consuevit,
974 822 1095 910 legibus
1117 847 1170 888 su·
1196 816 1225 862 υ·
1239 819 1268 863 ⁰·

125 905 256 990 peratis,
277 928 310 970 se
335 905 393 968 irae
412 905 540 991 quidem
563 907 780 990 impotentem,
801 920 833 971 at
850 906 924 992 jure
947 910 1168 992 potentiorem,
1195 879 1268 994 ξζῗ·

125 991 296 1077 omnisque
310 991 482 1076 superioris
496 991 660 1077 dignitatis
681 992 804 1057 hostem
824 1015 890 1056 esse
904 993 1050 1058 lubenter
1064 995 1169 1060 decla·
1232 1001 1234 1008 “

125 1079 220 1142 ravit.
267 1079 373 1143 Aliter
392 1079 476 1142 enim
486 1082 627 1163 profecto
641 1081 776 1144 homines
792 1079 902 1164 pietati
917 1080 1087 1145 vindictam
1104 1104 1167 1146 non

126 1165 390 1248 anteposuissent,
406 1187 510 1250 neque
531 1165 722 1229 innocentiae
737 1180 905 1249 quoestum,
920 1166 954 1228 in
970 1187 1034 1252 quo
1052 1167 1170 1232 invidia

126 1252 303 1334 potentiam
330 1273 395 1316 non
422 1265 589 1316 nocentem
615 1250 763 1316 habebat.
789 1252 908 1338 quippe
928 1251 1073 1316 homines
1094 1275 1167 1318 eum

126 1337 207 1402 alios
233 1336 435 1415 ulciscuntur,
452 1359 635 1402 communes
656 1337 742 1422 leges
764 1339 804 1401 de
825 1338 920 1402 rebus
942 1337 1003 1402 illis
1026 1338 1114 1416 latas,
1136 1342 1168 1403 in

126 1424 246 1509 quibus
260 1423 494 1509 spes'omnibus
508 1437 555 1488 est
576 1425 724 1509 reposita,
740 1438 777 1489 ut
796 1424 822 1487 si
843 1423 904 1508 ipsi
925 1425 956 1486 in
976 1423 1170 1489 calamitates

126 1510 251 1596 aliquas
264 1510 443 1588 inciderint,
461 1508 572 1575 saltem
588 1510 666 1594 ipsae
680 1513 761 1596 leges
780 1521 1014 1587 conserventur,
1030 1525 1170 1576 evertere

127 1611 254 1660 mature
273 1596 393 1674 volunt,
414 1619 473 1662 nec
495 1595 685 1681 relinquere,
703 1595 814 1682 siquis
834 1594 917 1660 forte
939 1595 970 1660 in
993 1597 1169 1680 periculum

127 1683 301 1759 adductus,
316 1682 423 1769 aliqua
437 1683 562 1748 illarum
579 1681 730 1785 indigeat.
814 1713 817 1722 ⁴

173 1776 227 1834 85.
253 1767 416 1855 Corcyraei
437 1769 545 1857 igitur,
569 1770 624 1854 qni
648 1791 680 1832 rn
697 1771 783 1834 ,urbe
801 1783 902 1847 erant,
920 1770 1013 1850 primi
1039 1773 1170 1835 ominium

127 1854 209 1919 tales
234 1855 295 1920 iras
320 1859 403 1923 inter
423 1879 456 1920 se
477 1866 549 1920 tunc
570 1867 792 1920 exercuerunt.
838 1854 882 1920 Et
902 1856 1122 1940 Eurymedon,
1139 1869 1171 1920 et

127 1941 339 2008 Athenienses
361 1964 432 2008 cum
459 1942 558 2008 classe
579 1943 669 2006 illinc
690 1941 910 2005 discesserunt.
956 1941 1072 2005 Postea
1096 1963 1170 2006 voro

129 2027 376 2114 Corcyraeorum
392 2029 520 2094 exsules
535 2034 624 2111 (nam
646 2028 687 2091 ad
702 2026 893 2115 quingentos
914 2026 1042 2092 illorum
1065 2048 1169 2091 evase'-

129 2116 216 2194 rent)
232 2117 393 2200 occupatis
405 2115 593 2200 quibusdam
606 2113 846 2189 munitionibus,
858 2135 931 2198 quae
944 2113 977 2176 in
989 2111 1170 2178 continente

127 2215 232 2281 erant,
247 2224 307 2266 suo
320 2203 471 2267 ulteriore
484 2225 561 2287 agro
582 2201 673 2288 potiti
689 2212 773 2278 sunt,
789 2213 884 2284 atque
897 2199 986 2262 illino
1001 2221 1169 2283 erumpen-

126 2299 187 2366 tes,
203 2288 474 2373 populabantura
514 2311 549 2352 os
571 2288 708 2364 illorum,
725 2287 885 2372 quierant
903 2285 1063 2362 ininsula,
1079 2303 1131 2349 ma
1156 2311 1170 2335 ι
1220 2311 1223 2318 ·

127 2375 243 2460 nisque
256 2375 453 2440 detrimentis
470 2310 540 2439 illos
555 2373 744 2438 afficiebant.
790 2371 834 2436 Et
850 2381 1019 2455 propterea
1033 2371 1067 2435 in
1091 2307 1171 2436 urba

127 2458 229 2524 fumes
242 2459 355 2548 ingens
375 2473 423 2526 est
443 2469 565 2526 exorte.
611 2459 712 2524 Iidem
728 2459 821 2523 etiarn
845 2456 966 2540 legatos
980 2457 1021 2521 de
1042 2459 1171 2522 suere*

120 2545 199 2612 ditn
231 2546 496 2612 Lacedaemonem
521 2559 553 2611 et
577 2545 772 2610 Corinthum
798 2542 961 2608 miserunt.
1007 2542 1071 2624 Sed
1097 2545 1169 2607 cum

129 2632 210 2698 nihil
226 2633 428 2719 proficerent,
444 2647 556 2718 postea
570 2630 689 2716 paratis
710 2628 845 2694 navibus
866 2642 897 2694 et
911 2627 1064 2694 militibus
1080 2631 1172 2692 auxi-

127 2717 242 2796 liariis,
268 2721 300 2784 in
327 2719 464 2784 insulam
491 2720 693 2804 trajecerunt,
720 2737 856 2781 numero
872 2715 1017 2780 universi
1045 2713 1172 2780 circiter

127 2807 283 2870 sexcenti.
306 2818 401 2892 atque
421 2806 554 2870 navibus
577 2805 722 2881 incensis,
738 2801 877 2867 utnulla
899 2824 970 2888 spes
991 2801 1055 2866 alia
1076 2803 1171 2866 relin-

128 2903 283 3042 queretur
297 2915 392 2979 quam
408 2893 477 2992 agri
496 2890 685 2976 occupandi,
703 2901 843 2954 montem
858 2889 998 2954 Istonem
1020 2909 1171 2952 conscen-

152 2991 258 3055 erunt,
271 2993 311 3056 et,
325 2980 502 3044 munitione
512 2977 579 3042 illic
593 2987 764 3051 exstructa,
780 2998 846 3056 eos,
858 2974 912 3060 qui
927 2975 960 3038 in
977 2973 1055 3038 urbe
1069 2988 1169 3053 eraut,

127 3065 317 3152 gravissime
332 3066 502 3142 vexabant,
519 3085 660 3152 agroque
675 3063 886 3146 potiebantur.
1071 3115 1073 3121 .

176 3157 231 3217 86.
255 3151 331 3216 Hac
363 3149 474 3216 eadem
503 3163 612 3215 aestate
642 3162 793 3223 extrema,
825 3146 1031 3212 Athenienses
1060 3146 1170 3232 viginti
1202 3161 1268 3208 Ante

128 3259 230 3302 naves
260 3241 293 3302 in
318 3238 458 3304 Siciliam
489 3237 653 3314 miserunt,
684 3248 715 3299 et
739 3233 912 3298 Lachetem
940 3231 1116 3315 Melanopi,
1141 3226 1235 3296 et⁰⁰²·
1252 3225 1291 3274 ¹⁷·

131 3323 351 3392 Charmadam
383 3323 546 3408 Euphileti
576 3321 688 3399 lilium,
719 3321 833 3384 harum
861 3317 1042 3403 praefectos.
1087 3317 1171 3380 Nam

131 3411 324 3496 Syracusani
344 3424 376 3475 et
392 3405 542 3474 Leontini
564 3408 680 3472 bellum
703 3408 787 3470 inter
812 3426 845 3468 se
866 3403 1030 3491 gerebant.
1076 3405 1172 3488 Syra-

129 3519 324 3564 cusanorum
336 3510 442 3562 autem
454 3497 547 3560 socioe
558 3508 658 3568 erant,
671 3491 809 3576 exceptis
819 3489 1035 3566 Camarinaeis,
1048 3505 1172 3555 caet'erae

129 3584 308 3650 Dorienses
330 3585 482 3658 civitates,
503 3603 576 3668 quae
597 3581 632 3644 in
652 3577 970 3644 Lacedaemoniorum
993 3577 1173 3640 societatem

130 3670 227 3756 hujus
238 3670 315 3735 belli
330 3672 420 3736 initio
435 3677 666 3742 concesserunt,
682 3689 736 3730 eos
757 3663 910 3730 tamenin
927 3661 1010 3727 bello
1032 3684 1097 3726 non
1115 3661 1172 3726 adss

124 3765 294 3848 juverant:
317 3757 550 3824 Leontinorum
571 3775 655 3830 vero,
674 3750 870 3817 Chalcidicae
887 3750 1039 3826 civitates,
1056 3761 1087 3813 et
1110 3748 1172 3814 Ca·

131 3845 269 3915 marina.
316 3844 380 3910 Sed
395 3867 433 3910 ex
451 3841 553 3919 Italia,
568 3839 663 3906 Locri
700 3838 818 3914 uidem,
832 3835 1058 3923 Syracusanis,
1084 3835 1171 3898 Rhe·

130 3935 201 4022 gini
212 3953 300 4010 vero,
311 3943 441 4018 propter
451 3914 674 4012 cogitationem
716 3920 1039 4021 eontinislavebann
1065 3920 1172 3984 Leon-

131 4025 276 4086 tinorum
303 4019 400 4106 igitur
423 4016 512 4093 socii,
533 4035 606 4079 curn
632 4023 764 4098 propter
788 4011 953 4095 antiquam
977 4017 1170 4082 muetatem,

133 4119 202 4172 tum
219 4105 315 4170 etiam
327 4105 412 4192 quod
425 4104 518 4169 Iones
532 4115 645 4177 essent,
662 4097 772 4185 legatis
784 4095 927 4162 Athenas
942 4093 1055 4169 missis,
1071 4091 1172 4156 Athe·

133 4191 299 4275 niensibus
314 4201 547 4278 persuaserunt,
564 4199 601 4252 ut
621 4207 714 4249 naves
736 4184 776 4248 ad
800 4205 834 4246 se
853 4181 1024 4244 mitterent.
1046 4199 1120 4242 nam
1141 4190 1173 4241 et

135 4294 229 4346 terrae
244 4291 278 4345 et
297 4279 393 4344 maris
415 4299 513 4342 nsua
538 4270 744 4360 Syracusanis
765 4265 1027 4356 prohibebantur.
1072 4261 1173 4328 Athe·
