2964 4786
401 317 649 388 russorum
672 319 759 421 nn:
780 319 839 384 vr.
1075 327 1140 394 sor

110 492 230 580 quievit.
276 491 341 559 Sed
424 493 519 559 itstus
541 513 635 556 cursu
657 490 822 558 confestim
836 490 877 557 nd
894 489 1046 578 Epipolas
1060 514 1138 560 con·
1169 511 1234 564 neu.

110 580 215 658 tendit,
231 591 263 644 ct
275 601 335 666 per
381 579 523 666 uryelum
539 579 613 643 illas
627 579 714 642 ocius
735 577 910 657 adscendit,
926 590 956 644 et
968 583 1135 664 componit,
1161 577 1241 640 ΜΨ

109 667 287 754 priusquam
306 668 497 752 Syracusani
512 687 531 729 e
545 678 647 750 prato,
664 664 718 730 ubi
734 668 875 748 recensio
888 663 994 743 fiebat,
1011 669 1138 756 cognita
1152 653 1194 754 3¹1²·
1209 641 1251 752 ω,

109 773 140 817 re
152 753 308 819 adessent.
353 754 573 817 Accurrerunt
589 764 695 816 autem
711 750 751 814 ad
767 773 860 837 opem
875 754 1023 837 Eps'pnlis
1036 757 1138 820 sereth
1162 719 1243 834 sirii

109 837 176 920 dam
191 861 264 904 cum
280 838 345 916 olii,
361 849 480 924 quanta
507 838 649 902 maxima
668 838 801 923 quisque
823 839 984 904 celeritate
1002 853 1137 925 poterat,
1167 835 1237 910 Μ’

107 935 170 990 mm
185 927 279 990 etiam
294 923 554 1012 ittinpsngenn,
570 923 686 1010 quus
701 923 864 988 Dromius
880 941 1026 1009 praerat.
1063 927 1140 993 ⁵11).
1167 897 1240 996 *¹¹:-

108 1012 271 1098 terjecebat
297 1025 402 1075 autern
422 1012 511 1075 inter
535 1023 674 1094 pratum,
690 1021 723 1078 et
743 1009 860 1086 locum,
877 1011 930 1074 ubi
953 1034 1026 1079 cnm
1049 1012 1141 1080 hoste
1175 977 1230 1036 ⁸⁴¹⁶

105 1117 214 1162 manus
228 1108 467 1178 conseruerunt,
477 1096 613 1181 spatium
630 1117 693 1159 uon
708 1096 814 1160 minus
827 1098 968 1184 quinque
981 1121 1019 1164 sc
1030 1101 1143 1184 viginti

106 1183 290 1248 stadiorum.v
334 1183 410 1248 Hoc
424 1183 522 1272 igitur
536 1183 640 1258 modo,
653 1182 845 1267 perturbetis
859 1184 1031 1262 ordinibus,
1046 1182 1141 1272 Syrn-

1 1325 4 1362 ,
105 1271 221 1347 cusani,
238 1270 447 1356 impressione
469 1271 502 1332 in
526 1271 610 1354 ipsos
634 1268 724 1345 facta,
739 1283 772 1332 et
793 1269 834 1333 ad
851 1270 1004 1356 Epipolas
1025 1271 1143 1356 proelio

0 1428 1 1443 χ
105 1357 186 1435 victi,
202 1358 236 1420 in
253 1356 363 1421 urbem
379 1355 559 1420 redierunt:
582 1367 697 1419 etcum
716 1355 887 1434 Diomilus,
899 1358 1082 1422 tumetium
1098 1381 1140 1424 err

1 1469 2 1472 ¹
103 1441 182 1522 allis,
195 1443 320 1507 circiter
331 1441 463 1506 trecenti
474 1440 664 1506 ceciderunt.
702 1440 819 1505 Postea
831 1465 905 1507 aero
917 1442 1139 1522 Athenienses,

0 1594 1 1615 χ
103 1549 174 1594 cum
191 1540 348 1615 tropaeum
365 1530 546 1607 erexissent,
562 1537 605 1607 et,
617 1526 681 1590 lide
692 1527 818 1610 publius
833 1529 1026 1614 interposita,
1044 1533 1067 1596 S
1090 1553 1141 1596 ra·

1 1675 2 1708 ,
105 1616 228 1681 cussnis
250 1629 393 1680 mortuos
411 1613 637 1689 reddidissent,
661 1613 813 1696 postridie
833 1615 879 1678 -ad
902 1618 1003 1699 ipsam
1028 1639 1048 1680 u
1089 1637 1140 1682 em

101 1701 351 1767 descenderunt:
375 1701 428 1764 sed
444 1721 517 1766 cum
535 1699 724 1785 &annosi
737 1699 887 1765 adversus
908 1723 962 1768 eos
983 1723 1050 1766 non
1063 1723 1140 1788 pro-

1 1851 2 1860 ,
101 1787 231 1867 dissent,
247 1787 363 1874 egressi
383 1786 545 1851 castellum
561 1788 599 1850 ad
617 1785 807 1864 stdslurn,
824 1786 857 1850 in
877 1809 1001 1854 summa
1016 1788 1140 1876 Epipo-

100 1874 205 1940 lsrum
230 1873 393 1959 crepidine
418 1871 554 1958 Megara
576 1891 685 1936 versun
708 1887 864 1956 spectans,
889 1875 1079 1953 excitarunt,
1101 1887 1140 1941 ut

1 1961 2 1968 ’
101 1960 182 2047 ipsis
197 1959 287 2025 locus
300 1975 389 2034 esset,
405 1960 438 2022 in
454 1981 518 2044 quo
531 1971 564 2022 et
577 1958 786 2022 instrumenta
799 1970 831 2023 et
845 1959 995 2044 pecunias
1006 1983 1141 2046 repone·

99 2059 184 2126 rent,
209 2047 456 2133 quotiescunque
478 2044 528 2108 vel
551 2044 591 2108 nd
619 2045 840 2130 pugnandum,
861 2045 974 2109 velud
1001 2046 1140 2134 aliquam

99 2133 314 2200 munitionem
328 2129 552 2196 exstruendam
592 2130 741 2194 rodircnt.

1 2219 2 2226 '
143 2218 293 2296 98.,Nec
311 2217 414 2282 multo
436 2229 508 2301 post
533 2239 551 2280 a
600 2217 684 2300 ipsos
700 2230 855 2282 venerunt
876 2237 950 2281 cum
966 2238 1007 2282 ex
1022 2217 1140 2302 Egesta

1 2371 2 2376 ,
98 2306 236 2372 trecenti
266 2307 390 2390 equites,
418 2315 485 2367 tum
513 2302 923 2381 Siculorum,⁴Naxiorum,
947 2315 980 2367 et
1002 2301 1139 2367 aliorum

123 2390 316 2466 uorundam,
333 2390 459 2455 circiter
480 2403 618 2452 centurn.
665 2388 905 2454 Atheniensium
923 2411 999 2454 vero
1013 2389 1142 2453 fuerunt

98 2413 234 2544 ducenti
250 2491 282 2542 et
296 2476 546 2564 quinquaginta3
569 2475 622 2560 qui
637 2476 752 2560 partim
768 2475 982 2562 ab-Egestteis
996 2488 1028 2539 et
1045 2476 1141 2539 Cata-

98 2566 184 2628 noeis
200 2583 299 2650 equos
318 2575 518 2647 acceperunt,
535 2561 650 2646 partim
666 2583 742 2625 vero
762 2571 959 2626 coemerunt.
1004 2561 1141 2643 Unirer-

96 2671 213 2715 sorum
229 2659 334 2714 autem
350 2649 506 2737 equitum,
523 2646 578 2734 qui
592 2646 713 2712 collecti
728 2647 868 2727 fuerunt,
884 2667 1008 2712 summa
1022 2646 1142 2712 exstitit

96 2747 331 2801 sexcentorum
354 2748 389 2800 et
414 2732 653 2821 quinquaginta.
697 2733 904 2800 Athenienses
933 2735 943 2797 i
968 2735 1043 2816 tur,
1066 2753 1141 2798 omn

94 2821 289 2909 presidium
315 2822 348 2885 in
364 2820 510 2886 Labdalo
535 2819 751 2898 collocassent,
776 2821 923 2886 adversus
963 2841 1055 2908 ynam
1076 2819 1142 2884 ire·

92 2919 197 2986 runt3
221 2908 275 2972 ubi
297 2906 496 2972 considentes
520 2927 684 2970 murorum
706 2907 860 2971 ambitum
881 2906 1025 2971 celeriter
1039 2903 1143 2969 ndid-

92 3005 228 3062 carunt.
274 2993 350 3060 Hac
368 3005 474 3059 eutem
497 2991 716 3058 aedificationis
737 2993 898 3058 celeritate
910 3004 1064 3058 terrorem
1081 2992 1142 3078 Sy·

92 3081 268 3148 ncusauis
284 3082 494 3145 incusserunt.
540 3075 757 3154 Quamobrem
773 3079 1050 3144 adversuslostem
1065 3091 1142 3163 pro·-

193 3168 216 3245 i,
232 3165 384 3252 proeliurn
399 3165 606 3243 committere,
622 3185 727 3252 neque
741 3185 803 3229 reru
818 3163 978 3252 negligere
989 3166 1021 3228 iu
1033 3163 1143 3230 animo

144 3253 279 3319 hebent.
326 3252 399 3329 Sed,
415 3273 488 3316 cum
504 3251 654 3338 utrinque
667 3251 749 3315 acies
764 3251 846 3316 inter
865 3271 901 3314 se
919 3249 1061 3315 adversae
1074 3251 1142 3336 jam

90 3339 349 3417 instruerentur,
389 3339 661 3428 Syracusanorum
700 3336 807 3414 duces,
848 3336 1143 3418 animadvertentes,

87 3449 199 3494 snum
221 3425 396 3492 exercitum
410 3447 478 3490 esso
491 3423 685 3509 dissipatum,
701 3444 761 3488 nec
776 3424 809 3488 in
828 3422 973 3487 ordinem
989 3422 1080 3488 facile
1093 3445 1143 3488 re·

89 3515 174 3602 dign·
196 3531 300 3598 posse,
320 3533 388 3578 eum
412 3511 445 3576 in
474 3509 583 3576 urbem
610 3511 816 3587 redumnt,
843 3521 983 3595 excepta
1005 3507 1143 3595 quadam

87 3600 252 3688 equitum
280 3611 382 3684 perte.
434 3597 490 3663 Isti
516 3597 601 3672 eninr
632 3607 859 3675 remanserunt,
889 3607 924 3661 ut
954 3595 1146 3682 impedirent

89 3685 386 3766 Atheniensesque
407 3681 528 3768 lapidei
550 3682 679 3763 ferrent,
693 3704 773 3753 neve
796 3683 922 3770 longius
943 3695 1145 3772 vagarentur.

88 3771 172 3840 sed
188 3770 434 3837 'Atheniensium
449 3791 515 3834 una
528 3769 634 3855 gravis
649 3781 819 3838 amaturae
833 3767 959 3846 cohors,
972 3785 1003 3833 et
1017 3789 1092 3833 cum
1108 3791 1147 3834 ea

86 3881 220 3926 omnes
244 3858 373 3945 equites,
390 3856 594 3942 impressione
616 3856 651 3919 in
673 3857 944 3942 Syracusanorum
971 3856 1147 4005 equitatum

83 3943 203 4023 facta,
219 3967 288 4010 eum
302 3945 336 4007 in
351 3942 460 4030 fugam
475 3953 653 4018 verterunt3
675 3956 707 4006 et
721 3941 894 4007 nonnullos
909 3943 991 4006 inter
1005 3953 1145 4018 ecernnt,

84 4033 270 4119 hujusque
283 4029 389 4116 proelii
404 4028 556 4114 equestris
571 4039 730 4114 tropaeum
747 4040 936 4095 statuerunt.

141 4125 207 4185 99.
231 4115 390 4181 Postridie
404 4135 480 4180 vero
500 4113 742 4182 Atheniensium
760 4115 815 4181 alii
836 4114 974 4202 quidem,
990 4112 1145 4180 ambitum

124 4331 144 4372 b
159 4329 216 4380 vn
224 4345 273 4382 aon
281 4329 365 4378 minus
374 4329 460 4392 viginti
471 4331 578 4393 quinque
587 4331 788 4398 stadiorumflerst,
798 4344 872 4391 quam
881 4343 911 4380 ex
920 4343 1006 4392 campo
1014 4331 1044 4378 ad
1053 4332 1146 4378 hostem

80 4399 231 4450 veninat.
256 4395 365 4446 scetus.
392 4393 480 4445 Hans.
