2982 4786
338 303 402 368 278
707 276 1015 358 THUCYDIDIS

244 477 307 539 nen.
341 467 476 534 editiore
495 463 568 531 loco
589 461 698 548 pulsis.
720 481 780 528 uec
801 461 932 528 ulterius
949 441 1074 529 mesos
1094 473 1170 528 sunt
1188 465 1383 551 persequuti,
1487 477 1488 532 ἒ

234 551 317 614 resp
344 576 424 641 quos
439 551 540 618 cosin
555 571 574 614 a
600 550 627 613 ri
640 551 734 614 amici
752 547 899 614 confiniis
915 549 982 636 jam
1005 571 1082 628 esse,
1096 561 1129 650 et
1150 549 1287 616 erasisse
1301 551 1384 617 arbi·

231 619 328 745 ὅῧῃξμ
344 651 516 706 trarentur.
593 635 712 700 residos
726 649 843 712 autem,
859 635 913 700 ubi
936 635 1007 700 loca
1021 657 1185 722 superlore
1198 651 1314 702 nactus
1328 653 1384 717 est,

242 754 283 802 go,
296 753 318 813 p,
344 729 405 791 iter
426 724 525 790 tutius
539 721 665 799 faciens,
679 722 791 786 eodem
806 719 859 788 die
872 721 1032 808 ⁰primum
1047 723 1191 807 pervenit
1207 725 1383 802 Amissum,
1487 725 1488 728 ’

239 817 316 928 iii?
346 807 1182 982 izizltttltltttt.,¹ttthltiit
1197 809 1386 962 tilieti

246 945 305 1009 ω’
345 985 429 1048 inter
450 981 602 1057 eundum,
618 979 666 1044 vel
687 979 830 1065 plaustra
851 979 962 1058 bourn,
980 1001 1051 1066 quse
1074 981 1115 1046 ad
1135 981 1221 1067 ipses
1244 983 1384 1068 pertine·

347 1073 433 1144 bant,
453 1065 503 1132 vel
526 1066 673 1142 sarcinas,
695 1067 720 1130 si
744 1087 817 1151 quae
838 1065 1031 1142 deciderant,
1047 1071 1097 1151 (ut
1117 1067 1149 1131 in
1171 1081 1333 1134 nocturno
1355 1083 1385 1134 et

346 1155 473 1240 pavoris
486 1153 584 1238 pleno
598 1165 728 1236 receptu
742 1149 910 1238 contigisse
925 1151 1074 1216 credibile
1090 1154 1172 1235 erat)
1187 1154 1243 1219 illa
1257 1151 1385 1242 quidem

346 1239 568 1314 concidebant,
591 1238 758 1312 solventes,
781 1235 852 1301 illas
873 1253 950 1300 vero
971 1237 1031 1302 sibi
1053 1237 1275 1306 vendicabant.
1328 1244 1386 1308 At-

347 1349 409 1414 que
424 1325 500 1389 hinc
515 1325 655 1410 primum
674 1321 840 1388 Perdiccas
855 1321 1021 1389 Brasidam
1037 1323 1158 1389 bostem
1170 1327 1343 1412 judicarit,
1357 1345 1387 1395 et

347 1413 380 1477 in
396 1422 558 1498 posterum
574 1410 683 1473 animo
697 1410 842 1494 concepit
862 1407 971 1474 odium
993 1410 1026 1473 in
1044 1409 1306 1498 Peloponnesios,
1323 1435 1388 1480 non

347 1511 534 1564 consuetum
551 1493 630 1559 illud
644 1493 783 1581 quidem,
795 1507 927 1579 propter
940 1494 1162 1576 Athenienses,
1174 1503 1386 1584 quosoderat:

348 1583 402 1650 sed
428 1593 559 1669 propter
581 1603 638 1646 sua
662 1580 839 1646 necessaria
861 1581 1031 1647 commoda
1055 1583 1198 1668 adepsit
1222 1586 1386 1666 alienatus,

347 1686 477 1754 operam
501 1667 608 1744 dabat,
634 1679 670 1731 ut
695 1689 826 1816 quospuo
849 1665 946 1732 modo
969 1670 1204 1754 quamprimum
1227 1695 1303 1738 cum
1327 1673 1386 1740 illis

348 1754 476 1844 quidem
492 1752 756 1839 compositionem
784 1765 898 1830 aceret,
916 1753 956 1818 nb
971 1751 1021 1856 his
1036 1777 1111 1820 vero
1126 1757 1363 1826 dissociaretur.

241 1883 325 2006 ..nt
348 1849 479 1994 ..itt
493 1838 1386 2016 tritt..run,discutiuntur

244 2024 286 2057 ⁸¹²·
298 2011 321 2056 ⁹·
349 2035 411 2100 que
431 2012 605 2090 subsidens,
621 2012 655 2076 in
672 2005 822 2076 Pallenen
845 2012 974 2098 quidem
995 2027 1127 2100 propter
1145 2016 1262 2082 virium
1289 2017 1387 2085 imbe-

234 2074 331 2198 ‘gfff
348 2099 510 2164 cillitatem
526 2097 567 2162 ad
583 2117 675 2184 opem
693 2097 818 2161 Mende
839 2095 1000 2163 ferendam
1025 2111 1100 2165 tuuc
1114 2111 1147 2166 se
1161 2103 1310 2190 trajicere
1324 2127 1386 2170 non

248 2202 320 2250 uc.
349 2207 441 2271 posse
469 2183 623 2249 ducebat:
655 2181 709 2247 sed
737 2181 889 2248 Toronen
940 2185 1066 2250 roesidio
1095 2187 1258 2256 tuebatur.
1305 2190 1387 2257 Nam

244 2265 317 2314 Van.
350 2271 411 2335 sub
430 2270 513 2333 idem
537 2282 672 2354 tempus,
688 2259 753 2354 quo
773 2291 823 2334 res
844 2205 936 2370 apud
955 2269 1102 2359 Lyncum
1125 2287 1224 2360 gcstae
1246 2273 1388 2356 luerunt,

255 2331 314 2441 ἓξὲξ
351 2355 563 2421 Athenienses
593 2356 734 2418 navalem
756 2353 990 2440 expedrtronem
1013 2357 1160 2424 adversus
1183 2361 1330 2428 Menden
1358 2378 1390 2431 et

236 2461 329 2519 epse.
350 2441 486 2507 Scionen
504 2453 721 2526 susceperunt,
736 2439 777 2504 ad
799 2461 894 2526 quam
913 2463 946 2506 se
968 2443 1056 2527 prius
1078 2447 1166 2509 acciu
1192 2445 1301 2532 ebant,
1317 2471 1388 2516 cum

227 2531 284 2634 ⁸¹2⁰
296 2526 579 2616 tequtnquaginrs
594 2527 736 2604 naribus,
753 2547 888 2614 quarum
908 2527 1016 2592 decem
1040 2543 1129 2596 erant
1201 2533 1252 2612 iae,
1268 2550 1388 2602 etcum

147 2665 153 2672 .
226 2601 338 2700 „1¹¹ng
347 2614 433 2678 mille
457 2615 562 2700 gravis
587 2625 757 2677 armaturoe
783 2611 934 2677 militibus
959 2614 1000 2680 de
1022 2617 1086 2680 suis
1111 2619 1335 2704 popularibus,
1360 2639 1391 2690 et

250 2716 314 2776 Sept
347 2701 503 2764 sexcentis
518 2699 698 2781 sagittariis,
711 2709 743 2763 et
759 2697 844 2762 mille
854 2695 1034 2767 Threcibus
1048 2705 1194 2770 mercede
1208 2707 1390 2788 conductis,

346 2784 479 2870 aliisque
507 2783 641 2866 peltatis,
670 2806 750 2871 quos
776 2782 863 2849 illinc
892 2805 931 2849 ex
961 2787 1026 2851 suis
1055 2789 1149 2854 sociis
1182 2791 1390 2882 collegerant.

347 2868 415 2934 Illis
437 2880 541 2933 autem
564 2884 703 2954 praeerat
726 2867 834 2935 Nicias
856 2869 1009 2951 Nicerati,
1024 2887 1057 2940 et
1081 2874 1283 2945 Nicostratus
1309 2881 1390 2948 Dio·

245 3011 249 3016 ,
346 2953 578 3040 trepbisfflt'ua.
619 2955 706 3020 'Cum
730 2967 836 3020 autern
858 2953 1040 3025 aPotidaea
1061 2982 1135 3028 curu
1156 2964 1256 3029 classe
1279 2967 1391 3034 solvis-

345 3053 424 3118 sent,
452 3053 485 3106 et
512 3039 554 3105 ad
583 3062 653 3105 eam
683 3055 805 3124 partem
836 3043 1043 3128 appulissent,
1068 3047 1123 3113 ubi
1148 3065 1216 3115 eret
1245 3051 1390 3140 Neptuni

345 3125 511 3211 templum,
535 3125 683 3192 adversus
708 3126 875 3192 Mendaeos
904 3134 1146 3198 contenderunt.
1190 3135 1260 3222 lpsi
1282 3155 1389 3206 etitem

345 3213 496 3290 Mendai,
512 3224 544 3277 et
560 3213 777 3277 Scionaeorum
794 3215 936 3293 trecenti,
952 3215 1008 3303 qui
1023 3219 1178 3287 Mendetis
1191 3243 1288 3308 opem
1312 3227 1389 3294 tule-

340 3313 428 3378 rant,
451 3310 483 3363 et
507 3297 812 3384 Peloponnesiorum
836 3299 997 3366 auxiliarii
1021 3303 1146 3386 milites,
1168 3309 1225 3393 qui
1252 3313 1387 3379 universi

285 3413 290 3420 ·
345 3397 436 3450 erant
450 3384 641 3472 septingenti
656 3387 760 3469 gravis
779 3397 951 3451 armaturae
973 3387 1096 3470 milites,
1112 3407 1144 3457 et
1160 3391 1386 3480 Polydamidas

338 3469 487 3556 'ipsorum
508 3470 587 3550 dux,
602 3483 693 3534 extro
715 3472 826 3536 urbem
848 3473 881 3535 in
903 3472 984 3538 colle
1006 3489 1121 3542 natura
1143 3481 1269 3547 munito
1286 3498 1385 3552 castra

339 3561 526 3642 posuerant.
570 3553 613 3621 Et
631 3554 740 3620 Nicias
755 3555 881 3642 quidem
906 3579 978 3623 cum
995 3577 1122 3628 centum
1137 3578 1169 3629 et
1182 3567 1298 3654 viginti
1314 3569 1385 3638 Me·

345 3640 481 3705 thunaeis
494 3640 605 3706 leviter
620 3642 759 3719 armatis,
776 3653 807 3705 et
828 3641 958 3713 delectis
980 3651 1148 3737 sexaginta
1160 3655 1268 3752 gravis
1283 3680 1384 3724 arma·

341 3730 427 3790 'turre
443 3725 595 3791 militibus
609 3727 871 3812 Atheniensibus,
882 3730 1095 3820 omnibusque
1109 3741 1295 3825 sagittariis,
1306 3757 1385 3831 ques

217 3873 225 3888 ,
346 3829 454 3876 secum
468 3810 615 3889 ducebat,
630 3836 688 3899 per
702 3815 861 3902 quendam
876 3815 966 3883 collis
982 3822 1126 3886 semitam
1141 3825 1181 3889 ad
1196 3825 1283 3912 ipsos
1298 3853 1384 3900 acce·
1487 3841 1488 3850 ’

345 3898 421 3962 dere
435 3912 576 3978 conatus,
593 3913 625 3964 et
639 3899 680 3964 ab
702 3900 776 3984 ipsis
792 3901 983 3984 vulneratus,
999 3905 1170 3976 deturbare
1184 3933 1249 3978 non
1267 3919 1384 4000 potuit.
1487 3937 1488 3996 ξ

346 3981 546 4050 Nicostratus
568 4007 655 4066 vero,
677 4008 750 4051 cum
775 3989 840 4053 alio
864 3989 985 4070 itinere,
1012 3994 1100 4081 quod
1124 3995 1221 4086 longo
1247 4003 1385 4071 distabat
1487 4009 1488 4080 i

345 4190 534 4302 „ggpm
548 4189 769 4254 munerans
786 4187 907 4245 taes·
925 4197 1183 4262 arsamum.
1201 4212 1247 4256 s..
1271 4205 1384 4258 ms...
1485 4163 1488 4254 l
