2996 4782
357 295 400 353 es
679 319 685 328 ·
738 274 1040 346 TflUcYfflDts

358 474 523 523 murorum
539 464 570 520 et
583 453 702 538 utpium
711 452 983 542 oppugnationem
996 453 1114 520 strenui
1126 470 1194 517 esse
1204 453 1402 523 viderentur.

359 544 444 610 Cum
460 543 558 630 igitur
568 541 645 626 ipsis
656 539 754 626 ionga
767 555 847 604 esset
856 537 993 618 obsidio,
1009 537 1071 604 heo
1083 559 1117 604 re
1130 559 1214 624 opus
1228 561 1297 605 esse
1312 541 1402 606 vide·

359 631 465 696 betur.
512 628 553 691 Vi
569 629 652 696 enim
668 626 773 692 locum
789 639 1033 714 expugnassent.
1080 622 1122 692 Et
1138 627 1182 690 ob
1202 621 1288 694 hanc
1302 647 1403 712 expe·

357 717 512 782 ditionem
533 713 686 780 dissensio
712 726 788 778 tnnc
808 713 949 798 primum
975 713 1060 776 inter
1082 711 1346 778 Lscedaemonios
1369 727 1403 778 et

358 801 569 870 Athenienses
580 798 911 902 apparuitmsniiiesta.
956 797 1196 866 Lacedaemonii
1210 799 1309 880 enim,
1325 821 1401 869 cuns

357 889 513 976 oppidum
528 909 587 974 per
602 889 750 950 vrm‘non
765 898 945 970 caperetur,
960 897 1136 950 metuentes
1152 886 1401 952 Atheniensium

356 977 535 1053 audaciam,
557 986 589 1039 et
611 974 773 1060 ingenium
794 971 835 1036 ed
858 993 907 1035 res
924 971 1087 1039 novandos
1110 985 1283 1058 promtum,
1305 973 1401 1037 simui

356 1065 454 1130 etism
470 1062 541 1130 illos
555 1060 747 1146 alienigenas
759 1079 828 1123 esse
842 1059 913 1135 rati,
930 1079 971 1122 ne
986 1058 1063 1143 quid
1075 1059 1163 1139 novi,
1178 1059 1205 1122 si
1221 1059 1340 1124 diutius
1355 1081 1402 1125 se-

356 1171 422 1216 cum
432 1149 630 1225 mansissent,
641 1145 770 1224 sbsiiia,
782 1147 837 1232 qui
851 1143 990 1210 lthomae
1000 1156 1100 1222 erent,
1111 1145 1239 1230 impulsi
1250 1139 1402 1212 moliren-

355 1251 420 1317 tur,
437 1236 522 1302 solos
537 1235 669 1299 omnium
684 1232 843 1297 sociorum
859 1230 1067 1306 dimiserunt:
1089 1253 1175 1297 mum
1211 1232 1316 1297 uidem
1332 1253 1402 1298 sus-

356 1323 518 1412 picionem
541 1341 605 1386 non
623 1317 834 1399 decimantes,
849 1317 902 1382 sed
925 1339 960 1381 se
974 1317 1104 1383 iliorum
1118 1253 1246 1383 suxiiiis
1256 1340 1322 1384 non
1332 1341 1401 1384 am-

358 1409 523 1498 pliusindi
567 1427 602 1471 re
616 1403 768 1470 dicentes.
814 1400 1026 1469 Athenienses
1040 1425 1118 1470 vero
1133 1427 1167 1470 se
1181 1425 1246 1470 non
1262 1407 1348 1472 bons
1362 1409 1402 1471 de

358 1519 465 1575 esuss,
576 1493 618 1558 eii
641 1515 682 1556 us
711 1490 891 1576 suspicione
921 1503 992 1555 orta
1021 1488 1139 1556 dimitti
1170 1505 1400 1578 cognoverunt.

359 1583 471 1661 Quare
484 1582 606 1647 fucinus
619 1515 691 1644 hoc
710 1590 804 1642 strox
818 1591 851 1642 et
865 1577 997 1642 minime
1018 1576 1183 1642 ferendum
1206 1579 1400 1680 judicantes,

357 1691 419 1736 nec
437 1670 482 1735 ite
502 1668 544 1733 de
559 1665 813 1731 Lacedaemoniis
833 1686 867 1728 se
885 1668 1016 1730 meritos
1031 1686 1100 1729 esse
1124 1664 1349 1742 existimantes,
1365 1682 1402 1732 ut

359 1756 443 1821 hsuc
457 1755 606 1842 injuriam
621 1752 663 1818 ab
678 1751 739 1816 illis
761 1751 952 1836 acciperent,
968 1752 1085 1828 statim,
1101 1751 1195 1816 simul
1215 1749 1400 1818 sodomum

359 1843 535 1923 redierunt,
548 1837 659 1908 relicte
673 1838 831 1915 societate,
847 1857 943 1926 quesn
966 1857 1039 1903 cum
1055 1837 1119 1902 iliis
1132 1851 1244 1903 contra
1263 1837 1402 1905 Medum

357 1939 598 2005 contruxerunt,
619 1945 735 1990 norem
763 1945 836 1990 cum
860 1927 890 1990 A
933 1925 991 1988 'vis
1012 1923 1141 1990 iliorum
1164 1923 1309 1989 hostibus
1323 1927 1402 1992 inie-

359 2029 448 2082 runt.
494 2012 597 2080 Simul
617 2014 711 2077 etism
727 2011 899 2098 utriquest
923 2010 1027 2076 hibito
1043 2012 1263 2098 jurejurando,
1290 2013 1401 2080 iisdem

360 2101 596 2169 conditionibus
610 2100 792 2164 societatem
804 2119 878 2162 oum
896 2095 1059 2163 Thessalis
1073 2097 1227 2164 fecerunt.

405 2198 479 2256 loe.
503 2187 556 2252 iili
570 2207 656 2263 vero,
673 2185 729 2270 qui
747 2183 881 2249 ithnmee
896 2197 998 2262 erant,
1013 2185 1140 2250 decimo
1153 2185 1283 2250 demum
1304 2205 1403 2264 anno,

359 2298 434 2342 cum
448 2277 530 2340 toste·
543 2271 665 2340 diutius
679 2271 822 2336 resistere
840 2290 904 2335 non
921 2287 1061 2356 possent,
1075 2272 1307 2356 compositione
1328 2293 1403 2337 cum

361 2359 616 2428 Laced-muniis
627 2357 719 2434 tacu,
736 2379 769 2422 se
779 2360 857 2441 ipsis
866 2356 1071 2436 dediderunt,
1087 2358 1137 2422 his
1153 2358 1401 2437 conditionibus,

360 2461 397 2515 ut
411 2448 476 2514 fide
489 2445 619 2534 publice
636 2444 708 2508 ii'eti
731 2465 772 2509 ex
796 2443 1020 2530 Peloponneso
1039 2445 1239 2526 excederent,
1255 2467 1316 2510 nee
1343 2467 1402 2510 un.

359 2557 457 2623 quem
480 2532 616 2631 emplius
631 2531 664 2594 in
688 2549 758 2631 esm
775 2543 1025 2632 reverterentum
1048 2531 1136 2632 quod
1159 2533 1184 2596 si
1200 2535 1271 2618 quis
1286 2536 1322 2606 itt,
1335 2555 1402 2623 enm

359 2631 1404 2790 mentiti„steht‘tftm‘mtttmttt

360 2805 435 2860 snte
457 2792 631 2872 redditum,
646 2811 705 2875 quo
718 2789 928 2868 monebuntun
945 2801 980 2856 ut
994 2789 1084 2855 Jovis
1100 2789 1266 2857 Ithomitae
1280 2794 1403 2879 snppii·

360 2901 429 2948 cem
441 2879 647 2945 dimitterent.
693 2875 852 2940 Exierunt
865 2889 970 2941 eutem
985 2876 1055 2962 ipsi,
1071 2890 1103 2942 et
1114 2877 1216 2954 liberi,
1232 2893 1264 2944 et
1275 2901 1403 2946 uxores.

361 2966 571 3034 Athenienses
585 2985 662 3028 vero
674 2963 761 3047 ipsos
772 2962 968 3047 excipientes
982 2975 1113 3049 propter
1126 2963 1247 3042 odium,
1264 2989 1329 3054 quo
1335 2969 1403 3054 jem

363 3051 627 3120 Lacedaemonios
672 3071 712 3133 pe
787 3047 953 3125 uehuntur,
994 3049 1154 3135 Naupacti
1184 3050 1404 3130 collocarunt3

383 3163 457 3206 uem
472 3141 573 3205 urbem
588 3158 609 3202 s
624 3136 736 3202 Locris
832 3134 870 3199 lis
891 3147 1079 3221 occupatam
1103 3158 1206 3222 nuper
1230 3155 1403 3225 ceperant:

361 3163 568 3317 hiegerenses
582 3223 690 3299 etiam,
705 3245 725 3286 a
741 3221 995 3286 Lacedaemoniis
1009 3222 1186 3288 defectione
1203 3224 1298 3304 facte,
1315 3227 1404 3314 quod

360 3332 416 3380 eos
432 3311 592 3378 Corinthii
603 3310 643 3374 de
658 3308 728 3392 agri
743 3306 862 3374 finibus
876 3309 1090 3376 contendentes
1110 3309 1196 3375 bello
1209 3327 1403 3400 premerent,

362 3399 606 3468 Atheniensium
620 3394 765 3481 pertibus
780 3415 847 3460 sese
856 3395 1080 3481 adjunxerunt,
1097 3410 1129 3461 et
1142 3398 1326 3463 societatem
1338 3423 1404 3466 cun

357 3487 441 3570 ipsis
453 3486 603 3552 inierunt.
649 3480 692 3548 Et
707 3478 918 3546 Athenienses
939 3495 1112 3548 tenuerunt
1129 3482 1276 3572 Megsre,
1292 3501 1325 3550 et
1342 3487 1405 3552 Pe·

358 3591 439 3659 gas:
463 3585 496 3636 et
516 3570 631 3656 longos
656 3587 765 3632 muros
785 3565 1031 3655 Megarensibus
1045 3571 1087 3634 ab
1100 3569 1181 3634 urbe
1202 3573 1241 3638 nd
1260 3572 1404 3639 Nisresm

360 3680 462 3744 usque
471 3656 681 3730 edificarunt,
696 3674 814 3740 eosque
827 3654 838 3717 i
878 3653 1077 3720 ituebentur.
1110 3657 1219 3743 Atque
1231 3657 1308 3723 hinc
1322 3681 1404 3743 prm·

360 3745 454 3896 cippo
471 3757 580 3808 natum
595 3753 644 3806 est
657 3737 740 3804 illud
753 3751 787 3805 et
800 3761 839 3805 se
880 3761 968 3806 mene
984 3741 1226 3808 Corinthiorum
1241 3744 1354 3811 odium
1371 3749 1403 3811 in

361 3833 391 3896 A
431 3830 584 3896 enienses.

338 3955 345 3960 -
406 3925 478 3983 104.
501 3918 614 3981 Inarus
625 3927 731 3980 autem
745 3912 967 3978 Psammetichi
968 3915 1072 3998 flius,
1085 3915 1170 3995 Afer,
1181 3938 1239 3982 rex
1250 3917 1404 3985 Afrorum
1494 3983 1495 3986 ,

363 4002 509 4091 AEgypto
521 4001 743 4079 finitimorum,
759 4021 799 4063 ex
817 4001 896 4063 urbs
917 3999 1043 4079 Merca,
1059 4023 1133 4088 quae
1147 4023 1244 4088 supra
1260 4005 1404 4072 Phemm

361 4103 409 4156 est
420 4091 491 4168 sita,
506 4088 675 4177 profectus,
693 4087 843 4173 majorem
856 4085 993 4186 AEgypti
1004 4099 1129 4172 purtem
1140 4091 1182 4156 sd
1193 4090 1403 4159 defectionem

361 4201 380 4242 e
404 4199 477 4265 rege
501 4179 681 4242 Artaxerxe
705 4171 883 4236 faciendum
908 4173 1046 4259 unp'uiit.
1091 4174 1135 4241 Et
1156 4175 1223 4262 ipse
1244 4182 1403 4262 copiam

360 4263 429 4329 dux
453 4278 576 4330 orestus
599 4259 809 4327 Athenienses
832 4261 877 4324 ad
895 4259 969 4326 belli
986 4263 1159 4328 societatem
1181 4264 1303 4330 accivit.
1350 4265 1404 4332 lili
1495 4293 1496 4300 ¹
