2996 4782
442 297 690 366 HISTORIAE
714 299 802 366 LlB.
828 299 855 364 1.
1148 309 1167 364 ³

128 475 216 538 nami
235 477 293 537 sais
312 471 455 550 ‘aanor
475 471 680 560 appellatione
701 471 857 538 nominati
876 469 1015 549 firmum,
1036 481 1168 555 propter

129 561 239 626 viriam
262 557 522 636 imbecillitatem,
544 571 577 624 ot
604 558 679 625 vita
707 579 809 645 genus
833 571 946 624 mutuo
976 557 1169 630 commercio

130 668 251 724 carens,
266 643 349 709 nihil
363 656 438 710 ante
452 644 598 730 Trojano
611 657 757 729 tempora
771 647 869 710 amia
883 643 1051 729 conjmtctis
1064 663 1169 730 gesse·

129 746 217 800 runt.
264 731 328 796 Sed
348 743 381 796 et
403 729 444 800 ad
458 729 542 796 hanc
561 730 661 816 ipsam
682 731 920 815 expeditionem
940 741 1169 809 convenerunt,

129 819 215 906 qnod
237 818 272 882 in
318 817 454 904 larisque
477 816 613 882 &recia
629 818 769 902 partibas
792 817 861 902 jam
883 815 977 880 rebus
1003 815 1170 880 maritimis

132 925 266 990 operam
304 916 406 968 arent.

170 999 202 1054 4.
215 991 327 1054 Minos
338 989 423 1054 enim
436 1009 558 1065 eorum,
570 1010 650 1074 quos
662 987 773 1053 auditu
784 988 1005 1074 cognorimus,
1015 987 1169 1074 antiquis-

131 1077 241 1150 simus,
250 1074 382 1140 classem
391 1075 453 1140 ribi
462 1074 667 1160 comparavit,
680 1074 917 1162 maximamque
927 1086 1050 1159 partem
1062 1075 1168 1150 maris,

132 1161 217 1312 quod
227 1160 382 1226 Graecum
393 1181 479 1224 nunc
490 1174 632 1238 vocatur,
642 1160 675 1223 in
687 1181 775 1225 suam
785 1173 972 1246 potestatem
983 1159 1121 1245 redegit:
1138 1174 1170 1224 et

163 1247 312 1333 ycladum
330 1246 504 1310 insularum
525 1246 694 1330 imperium
713 1246 861 1324 obtinuit,
879 1257 912 1310 et
928 1246 961 1310 in
979 1267 1084 1310 eorum
1102 1245 1169 1330 ple·
1270 1313 1275 1323 ,

129 1355 245 1420 resque
258 1332 383 1418 primus
396 1331 536 1396 colonias
553 1331 697 1408 deduxit,
716 1331 852 1396 Caribus
869 1335 942 1397 inde
955 1331 1065 1416 pulsis,
1082 1353 1170 1396 suos·

130 1441 195 1505 que
214 1417 299 1484 filios
322 1419 368 1482 ibi
386 1417 488 1504 princi
530 1439 545 1481 a
566 1419 739 1483 constituit.
787 1416 947 1482 Praeterea
963 1417 1103 1482 latrones
1122 1421 1172 1500 (ut

129 1517 177 1570 eet
195 1503 377 1584 verisimile)
393 1525 477 1591 quoa
517 1504 633 1589 potuit,
648 1527 667 1568 e
684 1505 765 1568 mari
786 1503 920 1582 sustulit,
936 1516 973 1568 nt
989 1503 1109 1570 reditus
1129 1502 1171 1568 ad

130 1613 165 1656 se
178 1588 303 1656 facilius
316 1590 470 1655 venirent.

175 1685 207 1742 5.
231 1675 320 1742 Olim
335 1677 420 1740 enim
437 1677 556 1753 Graeci,
568 1689 600 1741 et
612 1677 753 1754 barbari,
768 1689 926 1763 quotquot
940 1678 972 1741 in
988 1678 1173 1742 continente

131 1762 303 1850 degebant,
319 1763 463 1848 marique
478 1763 572 1826 vicini
590 1777 692 1845 erant,
707 1763 825 1851 quique
843 1763 962 1830 insulas
980 1761 1173 1841 incolebant,

122 1861 301 1934 postquam
317 1847 451 1912 navibus
465 1848 518 1912 alii
540 1847 581 1912 ad
603 1849 682 1913 alios
703 1863 791 1912 mare
813 1850 957 1934 trajicere
975 1848 1173 1934 frequentius

131 1948 313 2018 coeperunt,
329 1957 395 1998 sese
412 1933 454 1999 ad
472 1933 637 1998 latrocinia
651 1946 884 2012 converterunt,
900 1935 1040 2000 virorum
1058 1948 1173 2020 poten-

35 2089 39 2098 ,
131 2019 326 2085 tissimorum
342 2019 451 2100 ductu,
468 2023 559 2104 idque
572 2032 641 2086 tum
656 2033 796 2106 quaestus
810 2021 859 2084 sui
874 2043 977 2098 causa,
994 2035 1061 2086 tum
1076 2021 1171 2086 etiam

133 2121 170 2170 nt
191 2107 310 2172 victum
332 2106 525 2190 pauperibus
546 2117 743 2193 quaererent:
777 2117 873 2192 atque
901 2106 1006 2172 adorti
1031 2107 1174 2171 civitates

133 2191 230 2256 nullis
256 2194 354 2256 muris
379 2192 526 2269 munitos,
548 2204 579 2255 et
598 2213 672 2279 quae
685 2191 846 2277 ‘pagatim
868 2192 1100 2270 incolebantur,
1121 2213 1175 2256 eos

133 2277 337 2364 diripiebant,
353 2291 385 2342 et
403 2277 575 2342 maximam
589 2279 690 2343 victus
705 2291 828 2363 partem
844 2276 922 2344 binc
935 2280 996 2344 sihi
1009 2299 1175 2363 compara·

134 2362 223 2428 bant.
267 2362 368 2440 Quod
393 2362 456 2427 hoc
479 2361 601 2428 facinus
629 2365 774 2428 nondum
799 2363 1007 2451 ignominiam
1032 2363 1174 2442 baberet,

134 2449 200 2514 imo
214 2471 292 2514 vero
306 2449 453 2514 nonnihil
470 2450 564 2514 etiam
585 2448 696 2534 gloriae
715 2449 822 2534 potius
842 2448 979 2514 afferret
1025 2449 1103 2514 Hoc
1120 2473 1176 2514 au·
1294 2505 1299 2518 ,

133 2549 200 2600 tarn
214 2557 302 2600 nunc
315 2535 410 2600 etiam
425 2555 498 2599 cunr
517 2534 569 2598 alii
590 2534 747 2613 nonnulli,
763 2536 818 2622 qui
837 2534 870 2599 in
890 2537 1071 2602 continente
1086 2535 1177 2598 habi-

134 2633 216 2696 tant,
248 2619 411 2689 manifeste
440 2619 614 2698 declarant,
643 2620 759 2709 quibus
793 2620 901 2686 decori
930 2637 977 2685 est
1008 2619 1072 2684 hoc
1100 2621 1178 2686 scite

134 2727 294 2782 exercere,
317 2721 386 2771 tum
408 2707 504 2771 etiam
526 2707 649 2793 antiqui
671 2719 786 2793 poetae,
808 2707 894 2792 apud
917 2729 997 2808 quos
1021 2707 1066 2772 illi
1091 2707 1178 2772 ultro

134 2793 281 2878 citroque
303 2793 376 2857 navi
442 2805 498 2869 tas,
526 2794 644 2878 ubique
669 2792 781 2857 eodem
805 2794 903 2858 modo
928 2805 1177 2880 interrogantur,

136 2877 296 2965 numquid
309 2879 373 2942 sint
417 2890 541 2944 mones:
565 2879 651 2964 quod
670 2901 773 2966 neque
790 2877 846 2956 illi,
867 2901 947 2964 quos
967 2878 1178 2967 interrogant,

134 2963 255 3048 factum
280 2977 316 3028 ut
337 2985 370 3027 se
392 2963 559 3050 indignum
582 2963 773 3042 inficientur,
795 2963 932 3040 necilli,
979 2965 1070 3030 uibus
1091 2987 1179 3031 curse

135 3065 193 3127 est,
216 3073 282 3115 rem
301 3073 341 3114 ea
360 3051 425 3116 illis
444 3051 534 3128 scire,
550 3053 606 3116 doc
623 3053 700 3133 ipsis
716 3051 923 3135 exprobrent.
955 2987 1007 3116 (ln
1029 3051 1180 3116 mediter·

137 3138 242 3202 reneis
268 3136 365 3200 etiam
391 3136 446 3201 alii
471 3135 549 3200 alios
574 3137 811 3222 praedabantur.
858 3136 903 3202 Et
925 3135 964 3202 ad
992 3138 1180 3223 hocusque

135 3238 263 3307 tempus
280 3220 373 3286 multi
390 3223 528 3286 Graeciae
539 3223 642 3305 populi
658 3222 760 3304 prisco
777 3243 867 3288 more
882 3223 1001 3300 vivunt,
1019 3235 1054 3286 ut
1069 3223 1179 3303 Locri,

136 3310 193 3393 qui
212 3307 327 3374 Ozolae
346 3318 500 3386 moretur,
515 3322 548 3372 et
565 3305 682 3385 AEtoli,
698 3323 730 3373 et
747 3311 941 3386 Acarnanes,
957 3322 989 3372 et
1007 3309 1063 3393 qui
1081 3309 1180 3373 finiti-

135 3416 222 3459 mam
238 3393 356 3458 horum
372 3415 452 3481 agro
469 3394 684 3460 continentem
705 3393 860 3460 incolunt.
904 3394 1091 3471 Quinetiam
1114 3396 1181 3480 ipse

136 3501 302 3544 annorum
317 3479 544 3565 gestandorum
565 3501 635 3544 mos
657 3479 744 3564 apud
766 3479 825 3545 hos
848 3481 1039 3545 continentis
1058 3481 1180 3546 incolas

136 3589 176 3632 ex
190 3566 291 3630 veteri
306 3565 545 3630 latrociniorum
561 3565 791 3630 consuetudine
803 3567 987 3652 permansit.

180 3661 214 3717 6.
238 3649 355 3716 Omnis
372 3651 456 3716 enim
476 3649 605 3717 Grrecia
621 3654 765 3740 gestabat
785 3673 884 3729 arma,
900 3665 967 3716 tum
987 3653 1062 3738 quia
1077 3650 1181 3715 dorni-

135 3737 213 3813 cilia
226 3736 323 3802 nullis
338 3738 569 3802 munitionibus
591 3751 680 3823 septa
697 3736 877 3816 habebant3
899 3751 969 3803 tum
983 3739 1090 3813 etiam,
1107 3737 1182 3819 quia

137 3837 209 3889 tuto
224 3844 405 3907 commeare
419 3822 504 3888 ultro
518 3825 664 3909 citroque
678 3845 742 3886 non
758 3837 924 3909 poterant:
947 3837 978 3888 et
993 3825 1067 3888 vitae
1081 3846 1183 3908 genus

136 3912 236 3974 armis
251 3908 414 3998 gestandis
431 3923 600 3987 assuetum,
616 3922 653 3973 ut
667 3909 807 3989 barbari,
822 3911 999 3976 coluerunt.
1045 3911 1182 3974 Graeciae

136 4009 246 4060 autem
262 3995 386 4081 populi,
403 3995 459 4082 qui
473 4017 559 4060 nunc
579 3995 673 4060 etiam
698 3997 742 4060 ita
765 3996 885 4075 vivunt,
901 3997 1018 4060 similia
1038 3997 1111 4060 vitre
1132 3997 1183 4058 in-

136 4081 248 4148 aitaa
275 4081 352 4149 olim
379 4095 412 4146 et
437 4083 521 4167 apud
548 4103 658 4146 omnes
684 4081 778 4146 luisse
802 4095 969 4148 testantur.
1015 4082 1103 4146 Inter
1125 4081 1183 4146 hos

328 4287 462 4356 ‘vicatim
475 4288 581 4335 Aeacius.
617 4285 769 4340 Gaoteilatirn
782 4287 881 4335 rrrnllrm.
916 4289 1000 4335 Ht'ns.

637 4357 693 4414 ai
