2982 4786
418 333 665 406 HISTORIA:
690 338 776 407 LlB.
803 341 840 405 V.
1085 345 1151 405 286

116 509 323 596 praesentibus
345 511 445 597 copiis
462 523 575 586 canoa,
593 535 624 577 se
645 514 880 591 adscensurum.
928 511 1033 576 Simul
1045 523 1149 596 autem
1184 523 1246 572 flat.

115 599 199 661 sead
211 619 275 661 rem
286 599 453 682 gerendam
468 599 653 683 apparabat,
668 599 752 662 mille
766 613 798 663 et
809 601 998 686 quingentos
1007 595 1150 660 Thraces
1172 589 1258 698 “¹ss

117 683 260 746 mercede
276 683 460 760 conductos,
476 699 509 747 et
525 685 653 748 Edonea
674 707 793 760 omnes,
809 686 956 770 peltatas,
972 703 1009 746 ac
1031 684 1152 769 equites
1167 665 1263 776 blym

115 789 256 833 evocans.
302 769 452 834 Habebat
472 783 627 854 praeterea
652 770 885 856 Myrciniorum
909 786 939 834 et
961 769 1152 852 chalcidena
1176 779 1256 827 aas.

115 855 204 930 aium,
221 867 340 938 prater
360 876 424 933 eos,
440 856 496 942 qui
518 857 602 942 apud
628 857 837 941 Amphipolin
860 867 962 933 erant,
977 855 1064 939 mille
1086 851 1152 940 pel·
1180 843 1255 954 ξιξ

115 953 205 1004 tatos.
252 939 483 1006 Universotum
505 955 612 1007 autem
636 945 771 1006 militum
796 943 935 1030 graviter
959 953 1154 1007 armatorum
1188 971 1245 1020 m

115 1047 238 1089 summa
252 1037 319 1090 erat
333 1028 373 1090 nd
389 1025 456 1092 duo
471 1027 579 1105 millia,
596 1038 628 1104 et
642 1043 799 1092 trecentos
816 1027 1004 1093 Graecorum
1021 1029 1153 1112 equites.

117 1109 265 1174 Brasidas
280 1112 288 1173 i
314 1114 377 1176 itur
391 1134 463 1177 cum
480 1112 566 1177 mille
587 1129 618 1178 et
633 1114 816 1201 quingentis
833 1135 873 1178 ex
891 1115 1005 1176 borum
1014 1131 1155 1176 'numeru

115 1198 152 1260 ad
176 1135 362 1282 Cerdyllum
385 1213 488 1263 castra
510 1200 626 1283 posuit.
674 1200 791 1265 Caeteri
808 1221 884 1263 vero
909 1200 993 1264 intra
1016 1197 1153 1283 Amphi·

114 1282 201 1368 polin
218 1305 289 1346 cum
308 1283 455 1348 Clearida
470 1287 544 1348 duce
559 1286 702 1350 instructi
717 1285 857 1350 fuerunt.
914 1359 921 1373 ‚
1034 1361 1038 1370 ¹
1098 1355 1100 1360 ,

156 1377 186 1436 'l-
212 1367 312 1434 Cleon
342 1392 417 1434 vero
447 1373 585 1454 primum
616 1371 744 1456 quidem
774 1373 903 1457 quievit,
933 1369 1049 1434 deinde
1078 1367 1154 1434 ver'o

113 1467 241 1518 coactus
256 1469 302 1518 est
317 1454 430 1534 facere,
446 1457 531 1541 quod
546 1456 695 1521 Brasidas
711 1459 923 1541 exspectabat.
969 1456 1051 1519 Cum
1068 1456 1152 1519 enim

113 1541 227 1604 milites
247 1541 437 1604 diuturnum
462 1541 539 1606 illud
562 1543 662 1606 otium
690 1544 821 1608 moleste
846 1543 975 1620 ferrent,
1003 1555 1034 1605 et
1052 1561 1154 1624 repu-

114 1637 227 1702 tarent,
246 1626 339 1712 quale
360 1627 502 1692 futurum
525 1641 607 1692 esset
629 1629 713 1692 illius
737 1629 918 1714 imperium,
941 1641 1153 1712 quanm'cum

113 1711 272 1796 imperitia
286 1726 318 1778 et
331 1713 458 1800 ignavia
473 1716 688 1800 conjunctum,
705 1715 856 1780 adversus
870 1729 990 1779 tantam
1008 1715 1155 1777 Brasidae

113 1799 258 1881 peritiam
274 1811 306 1863 et
320 1800 494 1878 audaciam,
511 1813 666 1886 praeterea
680 1823 714 1864 se
728 1801 826 1864 domo
839 1802 953 1863 invitos
968 1799 1152 1876 discessisse,

112 1897 148 1949 ut
173 1885 276 1969 ipsum
300 1899 523 1972 sequerentur:
548 1888 654 1962 Cleon,
677 1907 750 1951 cum
776 1907 937 1950 rumorem
963 1886 1057 1948 istum
1081 1905 1154 1947 sen·

112 1971 212 2047 sisset,
231 1972 388 2056 ipsosque,
413 1971 500 2058 quod
526 1974 558 2036 in
585 1972 697 2036 eodem
728 1976 793 2036 loco
818 1973 1004 2045 desiderent,
1028 1970 1154 2053 gravari

112 2057 221 2133 nollet,
238 2059 350 2136 'motis
372 2059 480 2122 castris
501 2061 606 2141 copias
620 2059 822 2142 Amphipolin
841 2079 944 2123 persto
965 2056 1064 2119 duxit.
1111 2051 1154 2119 Et

111 2165 187 2206 usus
210 2153 258 2204 est
281 2143 388 2206 eadem
412 2143 545 2224 ratione,
561 2155 671 2230 quaet
693 2143 779 2229 apud
797 2143 912 2230 Pylum
932 2163 998 2206 rem
1020 2135 1154 2229 feliciter

111 2239 260 2316 gesserat,
277 2227 320 2292 ita
335 2241 371 2294 ut
385 2251 418 2293 sc
432 2229 550 2316 aliquid
567 2252 679 2314 sapere
697 2244 835 2316 putaret.
882 2227 1048 2292 Neminem
1067 2229 1152 2289 onim

110 2327 224 2378 contra
247 2316 340 2380 seed
363 2337 505 2403 pugnarn
555 2317 734 2381 roditurum
751 2315 907 2402 sperabat,
922 2315 976 2378 sed
1001 2314 1110 2398 potius
1121 2329 1153 2376 se

110 2399 304 2465 adscendere
325 2400 463 2482 dicebat,
478 2413 517 2480 ut
532 2339 640 2466 locum
664 2403 849 2488 inspicerem
872 2411 905 2465 et
925 2402 1077 2485 majorem
1097 2420 1152 2485 ap·

111 2501 260 2572 paratum
283 2489 496 2570 exspectabat,
520 2509 585 2551 non
609 2502 645 2551 ut
672 2488 857 2552 firmissimo
872 2487 1155 2572 copiarum'proea

109 2571 204 2652 sidio,
216 2575 395 2656 siproeiium
406 2576 590 2638 reimmittere
600 2587 776 2656 cogeretur,
789 2577 901 2638 hostem
912 2585 1084 2657 superarat,
1097 2568 1152 2634 sed

109 2671 147 2724 ut
171 2660 283 2722 urbem
311 2660 454 2723 maximis
484 2659 583 2744 copiis
610 2660 751 2746 undiquc
774 2659 1001 2724 circumdatam
1022 2673 1150 2744 expug-

108 2759 213 2809 naret.
260 2743 423 2809 Profectus
447 2745 554 2832 igitur,
567 2747 751 2846 castrisque
777 2747 810 2809 in
835 2743 915 2810 colle
938 2759 1050 2810 natura
1081 2763 1151 2806 mu-

108 2831 192 2909 nito,
219 2841 292 2893 ante
317 2829 524 2917 Amphipolin
548 2832 617 2908 sito,
643 2834 763 2918 positis,
784 2835 854 2918 ipse
874 2831 1151 2914 contemplabatur

110 2916 293 3001 Strymonis
318 2931 441 3002 stagna,
469 2929 500 2981 et
525 2918 625 3002 qualis
655 2931 735 2982 esset
759 2919 847 2982 urbis
873 2919 952 2981 situs
978 2915 1150 2980 Thraciam

108 3023 231 3066 versus.
278 2999 488 3068 Existimabat
510 3017 626 3080 autem,
651 3027 694 3083 se,
717 3005 966 3089 quotiescunque
991 3002 1149 3077 voluisset,

107 3089 180 3152 sine
200 3089 373 3152 certamine
395 3091 483 3152 illinc
503 3089 732 3152 discessurum:
756 3089 861 3153 nullus
883 3089 967 3152 enim
984 3088 1031 3150 vel
1054 3107 1152 3169 supra

104 3195 219 3238 muros
233 3175 497 3259 conspiciebatur,
513 3174 562 3237 vel
584 3173 685 3262 portis
700 3175 807 3238 exibat
816 3199 824 3250 ;
848 3192 1021 3258 omnesque
1035 3171 1150 3234 clausae

103 3273 211 3324 erant.
257 3258 475 3335 Quamobrem
502 3261 596 3326 ctiam
620 3260 818 3324 existimabat
840 3281 873 3322 se
894 3269 1048 3342 peccasse,
1063 3255 1150 3342 quod

103 3347 178 3410 sine
201 3344 353 3409 machinis
373 3348 564 3411 revenisset.
610 3346 733 3410 Urbem
755 3346 851 3422 enim,
875 3343 962 3430 quod
989 3359 1070 3408 esset
1095 3341 1150 3405 de·

103 3443 205 3512 serta,
221 3455 241 3495 a
256 3453 288 3496 se
303 3444 430 3516 captum
447 3433 484 3495 iri
500 3432 649 3496 credebat.

153 3523 184 3580 8.
209 3517 359 3584 Brasidas
382 3539 467 3594 vero,
490 3518 583 3582 simul
609 3539 646 3582 ac
670 3519 877 3583 Athenienses
901 3513 1150 3582 castramovisse

102 3604 272 3692 cognovit,
294 3617 326 3668 et
352 3604 418 3687 ipse
443 3603 635 3668 descendens
660 3604 858 3691 eCerdylio,
874 3602 1080 3690 Amphipolin
1100 3601 1150 3665 in·

101 3689 212 3754 travit.
260 3689 303 3754 Et
325 3689 443 3753 nullam
461 3689 587 3776 quidem
609 3693 807 3774 eruptionem
824 3701 932 3774 operte
947 3689 1030 3765 fecit,
1048 3709 1149 3772 neque

101 3776 217 3860 copias
233 3777 344 3860 pulum
362 3776 523 3852 instruxit,
540 3798 618 3861 quas
640 3777 788 3840 adversus
804 3776 1012 3841 Athenienses
1033 3775 1144 3838 educe·

99 3878 166 3938 ret,
185 3877 254 3926 tum
272 3861 358 3946 quod
380 3861 546 3946 apparatui
573 3883 631 3925 suo
659 3861 826 3938 diffideret,
850 3875 918 3928 tum
944 3863 1037 3925 etiam
1062 3857 1147 3944 quod

98 3971 183 4013 suos
207 3950 343 4031 impares
365 3946 445 4011 hosti
466 3959 604 4032 putaret,
630 3968 694 4012 non
717 3971 852 4014 numero
868 3954 955 4034 (nam
978 3965 1148 4033 propemo-

135 4125 149 4153 θ
162 4121 308 4168 Contractus
329 4121 419 4174 educit.
430 4134 488 4167 usus
510 4123 594 4168 eadem
617 4124 717 4176 ratione,
735 4135 783 4181 qua
800 4123 864 4180 apud
884 4120 987 4180 Pylums
1014 4132 1069 4180 quas
1088 4117 1146 4176 quia

96 4199 222 4246 prospere
239 4191 354 4245 suerat,
369 4186 461 4246 aliquid
480 4197 507 4232 se
522 4197 606 4245 aspera
622 4187 774 4246 opinabatur.
799 4186 874 4233 Valla.
906 4188 1037 4230 Amumtos
1055 4181 1145 4232 educit,

97 4263 167 4297 uus
177 4259 225 4296 etc.
242 4249 322 4312 &eph
356 4250 442 4296 castra
451 4251 544 4304 movit3
562 4251 647 4297 eadem
659 4263 717 4297 usus
728 4250 825 4304 ferocia,
837 4249 954 4310 qusquis
964 4249 995 4294 ad
1007 4247 1096 4307 Pylum
1108 4255 1146 4288 m

95 4321 267 4374 successerat,
279 4327 362 4374 sapere
373 4314 418 4362 sibi
430 4315 563 4361 uidebatur.
581 4315 687 4363 Acutius.
723 4315 806 4360 liuns.
