2996 4782
329 302 349 353 o
445 353 448 358 ,
699 287 998 358 THUCYDIDlS

376 472 426 530 10.
442 462 514 527 Jam
526 482 602 526 vero
616 461 703 549 quod
719 461 868 550 Mycenae
882 485 1015 550 parvum
1026 463 1183 551 oppidum
1199 455 1299 541 erant,
1313 479 1368 530 aut

330 551 357 616 si
372 547 459 638 quod
471 548 557 613 alind
572 548 700 613 illorum
714 561 894 637 temporum
909 572 996 615 nunc
1007 551 1097 636 parvi
1111 551 1264 614 momenti
1280 550 1367 614 vide·

330 649 385 701 tur
398 658 474 714 esse,
491 657 553 721 neq
617 657 691 700 uam
711 645 812 700 tomen
832 640 899 702 ideo
919 638 1032 722 aliquis
1047 637 1117 701 hoc·
1129 636 1258 700 infirmo
1275 636 1368 723 signo

330 745 406 787 usus
421 722 525 786 minus
539 743 574 785 cr
615 733 648 787 at
661 721 802 800 classem,
819 744 884 787 non
905 736 1026 788 tantam
1044 723 1147 798 luisse,
1164 735 1315 809 quantam
1336 736 1368 786 et

330 821 434 892 poetae
452 808 615 886 dixerunt,
631 818 663 873 et
683 809 751 893 ipss
767 807 852 874 fama
870 809 1021 874 obtinuit.
1066 808 1151 873 Nam
1169 811 1195 872 ai
1214 807 1367 872 Lacedae-

330 897 513 960 moniorum
529 893 604 958 urbs
620 905 740 958 vastata
754 894 923 974 desoletur,
940 907 971 961 et
984 897 1051 960 solo
1066 893 1198 980 templa,
1210 909 1242 958 et
1264 893 1368 958 aedifi·

329 981 454 1045 ciorum
484 1003 565 1046 areae
593 979 822 1068 relinquantur,
849 982 996 1047 existimo
1027 980 1142 1045 multos
1166 981 1207 1046 de
1234 979 1367 1065 posteris

329 1065 430 1155 longo
453 1067 604 1153 temporis
618 1087 788 1152 progressu
808 1069 849 1134 de
867 1065 994 1132 illorum
1011 1067 1153 1154 potentia
1168 1065 1258 1130 valde
1272 1065 1366 1131 dubi-

330 1167 465 1229 taturos,
481 1174 584 1239 neque
607 1151 785 1218 credituros
807 1165 927 1219 tantam
951 1153 1055 1231 titisse,
1072 1161 1188 1238 prosto
1212 1173 1290 1216 sacac
1311 1163 1365 1230 eat,

332 1242 359 1304 si
373 1238 664 1322 rerumsuturarrrm
677 1251 776 1305 status
790 1262 862 1304 cum
874 1243 1013 1323 pristina
1030 1239 1157 1303 illorum
1172 1239 1275 1325 gloria
1289 1257 1366 1302 con-

330 1325 460 1392 feratur.
505 1325 660 1401 Quamvis
682 1327 765 1390 enim
782 1326 823 1391 de
838 1326 979 1412 quinque
996 1325 1207 1410 Peloponnesi
1224 1323 1366 1407 partibus

330 1411 609 1498 dusspoasideant,
618 1411 777 1499 totiusque
786 1412 998 1499 principatum
1010 1412 1184 1486 obtineant,
1195 1409 1366 1497 multisque

330 1501 423 1564 sociis
440 1511 529 1564 extra
545 1499 779 1581 Peloponnesum
799 1499 975 1582 imperent:
995 1511 1100 1562 tamen
1117 1509 1251 1572 constat,
1267 1517 1366 1560 eorum

328 1582 539 1666 urbanfamo,
551 1594 582 1648 et
592 1586 736 1666 opinione
745 1585 904 1650 hominum
919 1583 1098 1651 inferiorern
1111 1583 1211 1646 visum
1229 1581 1277 1658 iri,
1290 1582 1366 1668 quia

328 1691 434 1758 neque
444 1665 710 1751 coaedificao‘est,
720 1691 821 1757 neque
831 1672 999 1757 templis,n
1041 1669 1365 1756 ueoediliciismagni·

325 1755 546 1822 ficentioribus
558 1767 605 1819 est
619 1758 789 1821 instructo.-
812 1757 865 1822 sed
879 1759 1008 1858 antiquo
1055 1755 1158 1819 raeciae
1169 1775 1259 1818 more
1268 1777 1366 1840 paga·

328 1842 387 1908 tim
398 1842 527 1909 condita
537 1839 707 1907 habitatur.
735 1843 799 1907 Sed
808 1844 834 1906 si
847 1842 1094 1908 Atheniensibus
1102 1839 1164 1905 hoc
1175 1841 1366 1924 ipsumoon·

327 1928 475 2030 tingeret,
491 1950 532 1992 ex
546 1927 712 1992 manifesta
728 1929 814 1993 urbis
828 1928 944 1994 dirutae
959 1929 1063 2012 specie
1077 1928 1250 2014 potentiam
1266 1925 1367 2010 duplo

326 2035 379 2079 ma
392 2037 490 2093 orem,
504 2014 660 2101 quamsit,
673 2015 774 2079 visum
790 2015 829 2077 iri
838 2026 926 2098 puto.
966 2013 1067 2078 Haud
1079 2015 1175 2102 igitur
1191 2033 1248 2075 nos
1262 2012 1365 2076 incre-

326 2037 420 2166 dulos
434 2123 512 2178 esse,
529 2122 588 2165 nec
604 2099 730 2164 urbium
746 2100 882 2185 speciem
897 2102 1113 2186 potiusquam
1130 2101 1210 2162 vires
1224 2114 1366 2184 spectare

327 2187 429 2266 decet,
440 2199 473 2251 et
486 2186 662 2252 exercitum
678 2185 767 2250 illum
784 2186 996 2271 superioribus
1010 2187 1138 2272 quidem
1157 2185 1251 2270 longe
1265 2185 1364 2270 majo·

326 2294 395 2337 rem
407 2271 514 2338 fuisset
532 2271 586 2336 sed
597 2272 699 2336 etatis
710 2285 828 2336 nostrae
839 2271 958 2338 bellicis
969 2272 1173 2357 apparatibus
1183 2269 1363 2334 inferiorem

327 2358 509 2423 existimare
538 2359 685 2434 debemus,
710 2359 735 2421 si
765 2358 842 2442 quid
873 2359 924 2422 hic
953 2380 1081 2445 quoque
1111 2357 1251 2422 Homeri
1300 2357 1365 2420 oesi

327 2444 458 2510 credere
471 2444 628 2520 convenit,
641 2464 735 2530 quem
751 2444 793 2508 ab
807 2467 855 2520 eo,
871 2444 927 2532 qui
941 2457 1008 2509 erat
1023 2457 1127 2529 poeta,
1139 2377 1307 2507 verisimilis
1318 2454 1365 2507 est

326 2532 481 2616 majorem
504 2531 537 2593 in
558 2529 689 2594 modum
720 2529 866 2594 laudibus
895 2544 1083 2594 exomatum
1107 2528 1222 2606 fuisse;
1254 2549 1363 2594 verum

327 2630 433 2681 tamen
449 2631 480 2682 et
494 2615 538 2679 sic
559 2613 737 2680 inferiorern
759 2614 856 2681 fuisse
877 2629 1010 2681 constat
1056 2615 1139 2680 Nam
1161 2636 1202 2679 ex
1225 2615 1312 2679 mille
1332 2627 1364 2679 et

326 2701 470 2767 ducentis
484 2699 616 2766 navibus
631 2723 694 2766 erran
709 2713 850 2767 constare
862 2703 996 2788 scripsit.
1031 2701 1219 2768 Boeotorum
1235 2700 1363 2788 quidem

325 2790 464 2874 singalas
491 2801 619 2854 centum
651 2801 683 2851 et
711 2788 822 2875 viginti
858 2789 998 2852 virorum
1010 2812 1019 2864 3
1058 2787 1247 2852 Philoctetae
1276 2808 1364 2865 vero,

324 2873 576 2961 quinquaginta:
600 2873 819 2939 demonstrans
830 2878 879 2958 (ut
894 2875 972 2938 mihi
988 2873 1137 2956 videtur),
1150 2886 1181 2937 et
1193 2873 1363 2950 maximas,

326 2974 359 3025 et
389 2960 535 3024 minimas
565 2981 665 3025 noves.
721 2963 766 3026 At
794 2961 837 3023 de
863 2973 1049 3026 caeterarum
1080 2959 1301 3047 magnitudine
1329 2959 1363 3022 in

325 3047 454 3110 navium
478 3045 558 3110 catal
604 3045 773 3110 onullarn
801 3045 874 3111 fecit
902 3047 1107 3110 mentionem.
1151 3045 1250 3121 Quod
1277 3045 1362 3108 enim

326 3153 436 3196 onmes
465 3131 498 3195 in
530 3129 590 3196 Phi
604 3143 717 3196 octetae
744 3132 879 3199 navibus
909 3145 1013 3197 essent
1040 3133 1136 3196 iidem
1166 3144 1199 3195 et
1227 3131 1365 3218 remiges

325 3231 358 3284 et
372 3217 497 3298 milites,
512 3230 621 3303 aperte
634 3216 816 3282 declaravit.
862 3218 984 3284 Omnes
1005 3219 1089 3282 enim
1104 3219 1249 3306 remiges,
1265 3221 1365 3303 sagit·

326 3305 424 3368 tarios
443 3327 512 3368 esso
533 3303 667 3390 scripsit.
713 3303 864 3368 Vectores
887 3327 972 3381 vero,
988 3319 1106 3388 praeter
1128 3325 1228 3389 reges,
1244 3315 1277 3366 et
1295 3325 1363 3380 eos,

327 3389 382 3476 qui
398 3411 522 3454 summa
536 3401 689 3476 potestate
703 3403 805 3468 erant,
822 3412 886 3456 non
904 3390 1019 3455 multos
1034 3411 1107 3453 cum
1123 3390 1186 3452 illia
1200 3390 1365 3475 navigasse

326 3488 375 3541 est
395 3475 585 3540 verisimile:
612 3476 786 3560 praesertim
809 3476 887 3562 quia·
907 3499 993 3541 mare
1014 3497 1087 3540 oum
1110 3475 1224 3538 bellico
1245 3476 1365 3538 instru-

326 3573 435 3626 mento
454 3574 545 3626 erant
565 3562 739 3648 injecturi,
754 3583 856 3647 neque
871 3575 969 3628 tectas
990 3583 1084 3626 naves
1106 3561 1282 3625 habebant:
1307 3562 1365 3625 sed

325 3649 432 3732 prisco
453 3648 570 3732 potius,
585 3661 617 3712 et
637 3649 823 3732 praedonum
848 3668 936 3712 more
957 3647 1162 3712 constructas
1209 3647 1243 3712 Si
1266 3646 1366 3733 igitur

324 3733 463 3799 mediam
480 3733 638 3820 quondam
654 3733 807 3797 rationem
823 3751 928 3798 teneas
942 3736 1025 3798 inter
1041 3735 1205 3810 maximas,
1221 3747 1253 3797 et
1268 3733 1364 3795 mini-

323 3839 392 3884 mas
414 3842 555 3906 quasque
577 3841 683 3896 naves,
707 3841 770 3883 non
795 3820 920 3897 multos,
944 3834 979 3884 ut
1001 3821 1042 3884 ab
1064 3821 1211 3885 universa
1234 3821 1366 3884 Graecia

206 3937 209 3946 f
325 3907 537 3971 communiter
551 3905 670 3984 missos,
686 3908 867 3970 convenisse
882 3919 1014 3970 constat.

373 4002 424 4058 ll.
440 3994 546 4079 Hujus
569 4015 643 4055 vero
666 3993 710 4055 rei
733 4013 827 4056 causa
848 3990 909 4056 fuit
931 4013 995 4056 non
1020 4007 1083 4057 tarn
1100 3993 1167 4078 ipsa
1181 3991 1363 4069 hominum,

326 4101 421 4165 quant
452 4078 667 4163 pecuniarum,
691 4079 833 4162 penuria
894 4079 977 4142 Nam
1006 4093 1138 4163 propter
1167 4087 1363 4142 commestus

325 4165 465 4250 inopiam
481 4166 589 4251 copias
603 4165 741 4227 minores
763 4165 936 4244 duxerunt,
951 4179 984 4228 et
1004 4187 1056 4229 eas
1077 4175 1204 4240 teritum,
1220 4185 1296 4248 qtras
1319 4185 1362 4227 ex

325 4251 399 4317 belli
429 4252 503 4318 sede
530 4248 706 4337 pugnando
736 4249 853 4314 victum
884 4249 943 4314 sibi
973 4265 1138 4336 paraturas
1176 4247 1361 4334 sperabant.
