2982 4786
408 293 655 368 HISTORIAE
679 297 769 368 LIB.
792 303 832 366 V.
1079 313 1143 377 stt

103 469 208 548 duxit,
224 469 305 534 nulli
320 481 508 535 caeterorum
524 472 681 536 sociorum
697 495 731 537 re
745 471 914 538 declarata.
940 473 1144 542 Lacedaemo-
1177 497 1239 548 neit.

103 557 149 619 nii
166 577 255 636 vero,
264 557 405 642 sociique
415 558 543 643 quidem
559 569 690 640 propter
703 557 804 645 legem
817 559 1038 644 sequebantur,
1049 577 1145 645 prout
1167 561 1249 624 P²¹⁰t¹

105 641 263 706 ducebat:
293 643 347 706 sed
378 654 485 706 tamen
510 642 595 706 inter
621 664 654 704 se
682 645 821 727 graviter
845 667 920 710 eum
946 646 1143 727 incusabant,
1161 627 1252 737 δῗὲ*

103 729 201 812 quod,
215 748 289 791 cum
303 728 379 814 ipsis
393 739 573 812 opportune
587 727 758 806 cecidisset,
773 743 809 794 ut
821 743 950 814 possent
963 733 1143 821 confligere,
1170 705 1211 802 sd.
1233 705 1259 802 l
1321 733 1324 739 ’

105 815 160 898 qui
175 811 318 898 undique
332 826 363 876 et
378 813 420 878 ab
434 815 577 898 equitatu
592 825 623 876 et
668 813 787 879 editatu
809 817 1016 882 circumventi
1031 833 1144 899 essent,
1174 755 1242 866 ¹28·

105 897 194 961 nulla
209 920 244 960 re
258 911 347 986 gesta
359 907 449 963 tanto
462 911 618 984 apparatu
657 900 742 985 igne,
759 922 792 964 se
807 900 967 967 discedere
986 917 1147 990 putarent.
1172 881 1247 994 {3⁸1⁵

108 983 178 1047 Hic
192 983 276 1047 enim
294 984 482 1049 Graecorum
498 986 654 1048 exercitus
668 986 822 1063 omnium,
839 989 895 1073 qui
909 988 950 1053 ad
964 1011 1032 1053 eam
1049 1013 1149 1077 usque
1213 981 1242 1031 ³¹

105 1068 192 1132 diem
214 1069 418 1146 exstitissent,
435 1069 643 1154 pulcerrimus
664 1087 863 1136 convenerat.
886 1075 1025 1138 maxime
1043 1091 1148 1141 autem

106 1167 267 1239 spectatus
279 1153 350 1231 ‘fuit
367 1153 444 1218 dum
459 1154 566 1218 adhuc
579 1165 663 1218 totus
685 1156 718 1218 in
735 1157 856 1221 Nemea
877 1173 965 1235 esset,
982 1181 1047 1246 quo
1067 1175 1149 1246 qem-

107 1261 187 1324 pore
203 1250 235 1303 et
251 1239 488 1304 Lacedaemonii
503 1261 575 1304 cum
591 1241 691 1324 copiis
705 1263 743 1305 es
758 1243 846 1305 omni
863 1265 928 1308 suae
942 1245 1073 1310 ditionis
1113 1269 1149 1310 o-

107 1325 187 1410 pulo
209 1325 328 1389 coactis
353 1325 496 1402 aderant,
516 1339 548 1390 et
568 1325 719 1401 Arcades,
736 1337 768 1389 et
791 1327 907 1406 Boeoti,
923 1343 955 1395 et
977 1269 1148 1410 Corinthii,

108 1426 140 1474 et
157 1411 311 1495 Sicyonii,
328 1424 359 1476 et
377 1410 586 1488 Pellenenses,
602 1421 634 1474 et
651 1411 792 1491 Phliasii,
807 1426 839 1477 et
855 1412 1077 1500 Megarenses:
1103 1431 1150 1482 st-

108 1519 172 1582 que
194 1495 229 1560 hi
252 1517 361 1562 omnes
377 1517 418 1560 ex
441 1495 572 1583 singulis
585 1494 709 1574 delecti,
725 1497 780 1581 qui
804 1521 867 1562 non
890 1501 992 1564 solum
1009 1503 1148 1588 Argivis,

108 1603 287 1682 eorumque
301 1581 403 1658 sociis,
419 1582 474 1646 sed
497 1597 529 1646 et
543 1581 614 1646 sliis
634 1597 790 1667 preterea
810 1586 920 1669 copiis,
936 1609 1009 1671 quae
1029 1610 1062 1651 se
1076 1589 1151 1672 ipsis

108 1669 340 1754 adjunxissent,
367 1667 484 1732 virtute
508 1686 601 1751 pares
624 1689 690 1731 esse
716 1669 914 1734 videbantur.
961 1671 1028 1737 Hic
1055 1675 1151 1762 igitur

108 1753 270 1818 exercitus
284 1754 330 1818 sic
344 1751 441 1838 Agidi
462 1773 649 1818 succensens
669 1753 757 1832 abiit,
773 1767 805 1818 et
819 1755 935 1843 singuli
950 1756 1080 1836 domum
1102 1782 1151 1824 re·

107 1839 251 1920 dierunt,
266 1851 298 1902 et
311 1840 345 1902 in
361 1859 448 1903 suam
464 1839 582 1939 quique
601 1839 738 1922 patriam
753 1861 786 1903 se
799 1857 996 1926 receperunt.
1040 1846 1151 1932 Argivi

109 1924 309 2008 semetipsi
330 1923 432 1988 niulto
453 1945 554 2011 magis
575 1924 800 1989 succensebant
820 1926 893 2004 illis,
909 1929 962 2013 qui
977 1931 1089 2014 populi
1102 1930 1151 1993 in·

104 2013 199 2097 jussu
221 2011 329 2074 foedu's
347 2009 497 2086 fecerant,
514 2011 727 2074 existimantes
743 2009 789 2074 illi
803 2033 930 2098 quoque
944 2013 1152 2096 Lacedaemo-

112 2097 184 2160 nios
210 2096 351 2172 evasisse,
367 2118 406 2160 ea
425 2096 590 2160 occasione
615 2094 675 2159 sibi
698 2095 813 2174 oblata,
829 2119 893 2184 qua
914 2099 1033 2164 nullam
1057 2101 1151 2165 aliam

112 2181 365 2266 commodiorem
388 2181 447 2246 ssssi
470 2203 612 2267 uuquam
634 2180 775 2247 oblatum
793 2182 834 2269 iri
855 2185 1022 2267 putabant.
1067 2186 1153 2264 Nam
1198 2231 1201 2240 ·

49 2277 59 2282 '
111 2281 145 2334 et
163 2289 266 2353 prope
280 2291 364 2333 ruam
385 2267 497 2332 urbem
512 2281 543 2332 et
558 2288 631 2332 cum
648 2265 763 2344 multis,
779 2268 881 2354 iisque
902 2267 1036 2336 fortibus
1051 2272 1154 2354 sociis,

113 2356 261 2418 adversus
277 2357 346 2418 illos
359 2354 420 2418 sibi
433 2365 592 2418 certamen
608 2356 678 2416 iore
691 2355 864 2418 credebant.
908 2356 960 2420 Ita
984 2379 1023 2422 ue
1036 2361 1155 2422 domurn

112 2439 246 2518 reversi,
262 2437 467 2526 Thrasyllum
484 2439 571 2524 apud
588 2438 789 2504 Charadrunt
806 2436 904 2526 (⁸quo
919 2443 952 2505 in
960 2380 1049 2520 loco,
1065 2455 1154 2507 ante·

115 2545 214 2610 quam
230 2546 249 2588 e
265 2525 376 2589 militia
395 2528 510 2590 reuersi
530 2525 632 2588 urbem
652 2524 884 2610 ingrediantur,
900 2526 940 2592 de
954 2529 1055 2592 causis
1070 2527 1154 2608 mili·
1227 2559 1235 2574 ·

113 2610 240 2676 tarilius
260 2610 426 2696 judicant)·
437 2611 580 2695 lapidare
604 2623 780 2694 coeperunt.
825 2609 885 2674 Ille
906 2633 981 2678 vero
1002 2612 1042 2676 ad
1066 2633 1154 2679 aram

115 2695 304 2781 confugiens
318 2697 426 2762 evasit.
472 2696 548 2782 Ejus
564 2712 669 2760 tamen
686 2697 769 2760 bons
783 2697 1036 2784 publicaverunt.

161 2791 216 2847 61.
241 2781 355 2848 Postea
377 2803 452 2847 vero
473 2803 546 2846 cum
563 2781 771 2846 Athenienses
793 2783 948 2848 auxilium
970 2785 1046 2869 ipsis
1066 2785 1156 2867 tulis-
1188 2799 1249 2846 neu

116 2877 201 2943 sent,
217 2867 362 2931 adductis
377 2867 464 2932 mille
477 2866 581 2954 gravis
595 2879 766 2931 armaturae
787 2867 950 2948 militibus,
966 2885 998 2935 et
1012 2873 1157 2936 trecentis
1178 2864 1263 2973 “¹⁰2

116 2953 290 3038 equitibus,
313 2953 428 3039 quihus
454 2954 576 3017 Laches
602 2967 634 3016 et
657 2953 857 3018 Nicostratus
905 2928 1271 3051 roeerat,Argivi(⁸,¹1¹3,l,p,

118 3048 212 3119 (nam
239 3042 375 3122 quamvis
398 3040 607 3121 improbarent
627 3061 674 3115 ea,
690 3050 798 3114 tamen
820 2974 943 3104 foerldra
963 3063 1036 3106 cum
1056 3042 1158 3107 Lace·
1181 3055 1258 3103 sua

117 3124 289 3189 daemoniis
302 3125 381 3188 inita
400 3145 549 3209 rumpere
569 3145 635 3187 uon
657 3122 832 3203 audebant)
847 3124 932 3212 ipsos
953 3125 1040 3190 abire
1057 3128 1157 3211 jusse-
1186 3119 1258 3166 ⁰⁰⁰·
1341 3155 1343 3159 ’

118 3221 208 3285 runt
228 3231 288 3274 uec
307 3213 388 3293 ipsos
410 3230 483 3273 cum
505 3209 625 3294 populo
646 3229 742 3294 agere
766 3207 906 3296 voleptes
926 3213 1158 3294 produxerunt,
1188 3183 1259 3293 {32⁰

117 3297 307 3380 priusquam
330 3294 490 3360 Mantinei
514 3309 547 3359 et
573 3293 644 3358 Elei
669 3293 787 3378 (adbuc
812 3293 897 3358 enim
922 3298 989 3360 illic
1012 3297 1159 3380 aderaut)
1193 3309 1253 3356 Post
1345 3325 1346 3330 ¹

118 3381 271 3468 precibus
292 3394 506 3446 extorsemnt.
552 3379 762 3444 Athenienses
784 3391 889 3443 autem
911 3381 997 3468 apud
1012 3384 1158 3470 Argiuos,
1172 3374 1223 3422 ³¹¹¹·
1234 3373 1274 3422 ¹¹·

119 3489 299 3552 corumque
320 3467 432 3544 socios,
455 3465 752 3546 coraqulcibiade
771 3465 887 3550 legato,
908 3465 979 3531 haec
1001 3468 1160 3548 dixerunt,

120 3563 192 3618 non
211 3565 295 3618 recte
313 3551 433 3616 ioedera
454 3552 522 3616 sine
543 3551 666 3615 cast'eris
688 3551 779 3615 sociis
801 3550 882 3615 facta
902 3551 1007 3630 fuisse,
1023 3568 1055 3618 et
1076 3575 1161 3620 nuuc

120 3645 173 3724 (se
199 3641 284 3704 enim
313 3653 494 3723 opportune
522 3637 645 3716 adesse)
671 3635 789 3701 bellum
819 3637 1053 3724 susciplendum
1082 3663 1162 3706 esse.

121 3727 211 3790 Cum
236 3736 342 3788 autem
369 3725 430 3788 hac
453 3725 598 3787 oratione
621 3742 688 3786 rem
712 3722 803 3786 sociis
828 3727 1062 3812 persuasissent,
1087 3749 1163 3791 con-

119 3811 228 3876 festim
250 3831 370 3884 omnes,
386 3820 504 3893 proeter
518 3809 663 3894 Argivos,
677 3808 832 3874 adversus.
844 3809 1177 3898 OrchomenumAr-.

123 3891 272 3962 cadicum
295 3894 537 3959 contenderunt.
582 3893 642 3957 lsti'
661 3894 755 3969 enim,
774 3892 1164 3978 quamvisztheniensium

123 3983 226 4050 wbis
243 3983 289 4078 ad
300 3982 409 4066 scedras
421 3981 635 4064 frangendum
658 3977 786 4044 adducti
811 3979 951 4070 fuissent,
966 3996 1072 4048 tamen
1092 3981 1163 4066 'pri-

126 4207 172 4321 nt
186 4165 240 4254 ‘Ubi
261 4206 376 4253 nrilitarir
392 4201 495 4270 judicia,
511 4205 652 4266 priusquam
672 4206 756 4252 urbem
776 4192 867 4261 incauti
881 4204 933 4252 fieri
951 4205 1039 4254 solent.
1055 4203 1166 4252 Aeacius·

158 4285 216 4321 uns.
486 4293 489 4300 ·
