2982 4786
351 317 418 380 806
720 305 1023 377 THUCYDIDIS

253 500 315 550 nen.
347 479 425 550 dnm
441 499 534 565 peres
547 479 652 559 srmt)
667 477 722 544 red
737 477 904 565 dignitate.
950 477 1051 564 (Nm
1065 475 1100 544 in
1121 475 1177 546 ills
1191 475 1394 563 expeditione

235 564 317 626 ΜΨ
347 567 505 635 militnbst
519 563 764 632 Atheniensium
785 565 857 646 flos,
872 577 904 629 et
920 563 1128 632 Lemniorum
1146 586 1184 630 ec
1199 562 1393 636 lmbriorum

231 629 332 756 (ᾚῖ
346 657 458 736 robur)
476 651 532 718 scd
546 673 579 718 se
593 649 728 736 perabat
742 650 783 716 ed
806 673 857 716 eos
870 649 946 714 dolo
966 647 1208 737 aggrediendus.
1257 649 1294 716 Si
1308 651 1392 716 enim
1466 691 1470 701 ·

241 758 283 808 es.
293 758 320 806 o.
346 761 476 807 suorum
491 738 693 823 paucitatem,
709 749 742 802 et
757 735 850 800 vilem
866 747 1074 816 murmurem,
1088 756 1184 821 quem
1200 737 1270 820 ipse
1284 758 1392 802 neces-

244 822 274 868 U·
286 825 315 871 α
346 827 421 892 sites
440 824 643 901 ministraret,
659 823 804 890 hostibus
826 821 1023 900 ostendisset,
1039 819 1253 900 existimabat,
1269 844 1306 887 se
1329 845 1392 888 non

244 887 314 1002 ξ’
345 909 470 980 lucilius
491 910 646 976 victorem
671 908 749 988 lore,
772 929 867 995 quern
891 909 917 974 si
943 909 985 973 nb
1009 908 1085 994 ipsis
1108 921 1183 974 ente
1205 907 1392 976 conflictum

345 1008 533 1083 conspectus
558 1017 624 1060 non
651 993 770 1074 luisset,
787 1016 890 1080 neque
905 995 1055 1080 ‘propter
1077 993 1121 1071 id,
1143 993 1231 1080 quod
1254 1010 1337 1073 eret,
1359 995 1391 1062 in

343 1084 486 1170 ipsorum
523 1081 774 1150 contemtionem
804 1081 949 1146 venisset.
995 1079 1146 1146 Bresidss
1175 1080 1288 1169 igitur,
1318 1103 1392 1148 cum

344 1185 474 1236 centum
498 1180 532 1234 et
545 1166 780 1256 qninquaginta
803 1165 910 1254 pruris
931 1179 1101 1232 armature
1120 1165 1235 1232 milites
1255 1166 1392 1252 delegis-

343 1269 401 1332 set,
427 1268 459 1320 et
481 1255 620 1338 reliquos
645 1253 802 1318 Cleeridoe
828 1249 993 1318 ducendos
1014 1253 1234 1328 commisisset,
1260 1266 1392 1338 reperte

344 1341 566 1417 Athenienses,
612 1341 773 1424 riusquem
797 1338 932 1416 abirent,
948 1335 1067 1405 edoriri
1090 1337 1265 1418 constituit,
1282 1339 1390 1427 ‘quod

343 1429 549 1503 existimaret,
565 1361 635 1490 iliis
657 1447 722 1490 non
744 1425 875 1510 pariter,
889 1425 1038 1492 socinum
1060 1426 1190 1490 mnilite
1205 1425 1357 1505 nudatos,
1373 1450 1391 1492 s

343 1533 378 1578 se
401 1513 517 1578 iterum
544 1513 753 1596 interceptum
777 1511 827 1587 iri,
852 1509 880 1576 si
907 1509 1026 1576 suxilin
1047 1507 1090 1576 ed
1115 1510 1200 1596 ipsos
1221 1513 1390 1578 venissent.

344 1597 540 1666 Convocatis
553 1609 659 1666 eutem
674 1597 823 1662 omnibus
837 1595 1000 1672 militibus,
1013 1596 1099 1683 qnod
1113 1597 1256 1682 ipsorum
1267 1599 1390 1666 enimes

342 1684 546 1836 confflem,
570 1705 727 1771 suumque
747 1682 914 1752 consilium
941 1681 1017 1768 ipsis
1040 1683 1164 1768 aperire
1187 1681 1293 1762 vellet,
1320 1683 1390 1752 lsaec

343 1791 399 1835 rer
466 1770 538 1836 ecit.

386 1865 419 1922 9.
442 1863 466 1898 “
477 1855 560 1920 vnn
579 1853 813 1941 Peloponnesii,
825 1854 912 1942 quod
926 1877 966 1922 ox
980 1877 1020 1920 eo
1034 1875 1114 1942 egro
1128 1853 1265 1940 profecti
1280 1855 1388 1934 simus,

341 1939 1389 2096 tt{illiniti&ttfftlttnt‘pffitlb‘tsltttl

341 2114 751 2268 titulumne
772 2049 1073 2276 “netuli
1090 2101 1319 2266 nunes
1331 2115 1390 2180 ὼ

340 2287 433 2374 gredi
447 2287 621 2362 sutusrim,
636 2285 775 2354 docebo:
798 2307 840 2352 ne
853 2289 902 2350 rei
923 2288 1056 2364 novitas,
1071 2285 1159 2390 quod
1174 2307 1248 2350 curn
1263 2223 1390 2370 peuri&

342 2391 408 2440 non
423 2385 528 2440 eutem
543 2393 617 2438 curn
628 2371 787 2450 omnibus,
798 2371 874 2439 belli
884 2369 1042 2441 sonunsm
1059 2392 1120 2438 nm
1135 2371 1388 2457 periclitaturum

340 2457 428 2545 qnod
443 2459 558 2526 virium
572 2457 822 2526 imbecillitstem
834 2456 959 2525 ridetur
972 2457 1126 2535 indicere,
1139 2458 1286 2524 timorem
1300 2461 1392 2530 nobis

339 2543 484 2612 incutiet.
530 2544 677 2631 Conjicio
698 2545 783 2610 enim
803 2543 920 2624 hostes,
936 2554 1005 2612 tum
1028 2545 1246 2612 contemtione
1269 2549 1389 2625 nostri,

340 2642 410 2696 tum
431 2635 527 2698 οιὶιιιιι
543 2631 630 2718 quod
651 2652 716 2698 non
795 2632 935 2696 neverint
954 2651 1146 2718 quemquem
1167 2629 1210 2696 sd
1229 2629 1391 2716 proelinm

340 2729 506 2784 contrane
527 2716 739 2802 proditurum,
767 2739 860 2784 ocum
883 2717 973 2782 illum
994 2716 1225 2796 conscendisse,
1241 2729 1273 2781 et
1293 2738 1393 2786 nuno

340 2801 437 2866 nullis
459 2801 627 2868 ordinibus
650 2803 780 2870 serenus
802 2802 844 2868 nd
870 2805 1001 2884 hebrum
1022 2802 1323 2887 contemplationem
1356 2829 1392 2872 se

339 2888 540 2965 convertisse,
551 2900 584 2954 et
598 2909 727 2956 securos
741 2911 819 2954 esse.
864 2887 1019 2972 Quisquis
1033 2901 1139 2954 nutem
1156 2891 1226 2954 hmo
1239 2888 1391 2958 hostium

340 2985 470 3056 pecests
488 2976 610 3060 optime
623 2974 857 3051 enimedrertit,
874 2986 907 3042 et
928 2973 1023 3040 simul
1042 2996 1103 3059 pro
1117 2975 1237 3044 viribus
1255 2997 1305 3040 eos
1329 2999 1395 3068 ng·

338 3058 575 3146 gestitantem
596 3062 698 3150 magis
714 3073 834 3146 eperte,
850 3071 883 3124 et
896 3061 964 3126 eoie
978 3063 1089 3144 palam
1108 3073 1220 3129 contre
1233 3062 1318 3144 ipim
1337 3064 1394 3132 in·

338 3155 468 3223 structe,
484 3168 579 3233 quens
601 3168 660 3230 pro
679 3169 727 3224 eo,
744 3146 831 3233 quod
846 3167 988 3231 pressens
1011 3167 1117 3215 rerum
1138 3159 1235 3212 stetur
1253 3169 1293 3212 sc
1318 3152 1392 3216 uti-

337 3229 409 3296 lites
437 3233 571 3314 flagitet,
600 3232 625 3296 is
655 3245 691 3298 ut
718 3231 894 3318 plurimum
924 3253 965 3297 ex
997 3232 1098 3296 enimi
1127 3233 1282 3298 sententie
1311 3255 1393 3302 rern

336 3331 437 3468 ἔξω.
485 3319 570 3384 Hoec
589 3331 696 3384 eutem
714 3317 787 3384 belli
811 3318 896 3384 furto
919 3317 1142 3400 pulcerrimum
1165 3318 1300 3406 gloriam
1325 3319 1393 3388 hs·

377 3417 424 3482 nt,
439 3406 555 3492 quibus
570 3405 641 3491 quis
664 3405 785 3469 bostem
808 3404 948 3470 maxime
969 3403 1090 3480 fallens,
1106 3405 1217 3473 omiois
1237 3408 1393 3476 maxime

335 3494 446 3575 prosit.
491 3491 581 3556 Dum
598 3490 695 3578 igitur
714 3491 820 3558 edhuc
842 3490 990 3576 imperati
1012 3489 1189 3570 confidunt,
1204 3504 1236 3556 ot
1253 3511 1290 3555 se
1304 3495 1394 3560 sub-

335 3576 451 3641 ducere
466 3577 582 3660 potins,
602 3581 769 3662 (qusntum
785 3599 846 3662 ego
860 3577 1017 3662 conjicere
1039 3598 1168 3660 possum
1184 3577 1287 3653 exiis,
1303 3601 1392 3666 quos

335 3661 440 3741 video)
457 3684 551 3748 quem
571 3683 735 3730 remanere
748 3663 902 3750 cogitent,
918 3662 997 3728 dum
1012 3675 1086 3727 sunt
1101 3664 1236 3730 remissis
1249 3665 1392 3747 animis,

335 3759 367 3810 et
386 3747 571 3836 priusquam
590 3749 713 3816 animos
732 3749 834 3835 megin
853 3761 1059 3836 component,
1074 3771 1134 3838 ego
1149 3749 1278 3833 quidem
1301 3771 1393 3820 cum

334 3831 383 3914 iis,
405 3855 486 3934 quos
512 3855 637 3934 mecum
666 3833 779 3912 huben,
800 3857 901 3902 eorum
924 3837 1083 3902 discessum
1112 3845 1328 3936 antevertens,
1361 3843 1394 3910 si

333 3919 832 4082 tttlttttt‘ltltlt
849 3934 1393 4094 ffitttt‘tttllttffl

364 4156 377 4196 f
386 4163 417 4210 Id
425 4169 476 4211 ests
493 4171 592 4226 propter
602 4177 702 4212 suorum
714 4165 862 4226 psucitstsm
872 4171 897 4213 et
908 4166 984 4214 rilem
993 4173 1156 4218 menem-
1188 4166 1276 4216 unns.

333 4227 464 4340 habunt,
476 4231 497 4277 sl
507 4229 728 4334 medlissvenirent,
740 4243 789 4278 non
799 4232 889 4280 iterum
904 4231 940 4279 its
956 4232 1020 4280 solos
1030 4231 1131 4292 sdipisol
1147 4237 1235 4293 posed-
1259 4230 1395 4289 Amas.
