2990 4792
355 319 419 381 162
711 307 1017 378 THUCYDlDIS

261 511 323 562 aar.
355 483 544 574 prejudicio
572 483 673 572 magis
697 482 900 549 damnabitis.
930 483 957 547 si
982 481 1067 546 enim
1094 479 1147 546 isti
1171 479 1287 545 merito
1311 455 1393 546 deie-

248 573 332 690 ¹:2⁰&
357 584 481 650 cerunt,
491 594 553 672 'vos
567 582 652 635 certe
666 587 778 720 coaptra
792 569 884 673 isset
901 571 954 657 jos
974 569 1050 654 ipsis
1065 565 1394 718 impegerefgdciicengini.

244 705 343 834 sat
358 658 502 822 itit
515 657 763 830 totitas:
782 659 1259 827 llilitslassilleidila.
1273 673 1394 804 stit

255 831 334 887 Μ·
357 831 477 920 puniri,
501 829 660 918 quiahoc
685 829 775 894 vobis
799 829 960 905 conducit,
987 839 1043 892 aut
1068 827 1237 912 imperium
1264 848 1284 891 a
1309 825 1396 890 vobis

260 901 331 1016 ἕξ·
359 917 488 1004 deponi,
517 940 537 980 ο
561 937 713 1018 eramque
740 916 821 990 dari.
852 929 888 980 ut
917 915 986 980 sine
1013 914 1157 1000 periculo
1183 913 1268 978 viros
1297 912 1396 978 bonos

298 967 320 1032 ι’
359 1005 468 1093 agatis.
550 1025 600 1068 ent
622 1017 718 1068 ettam
740 1023 840 1088 poena
862 1003 894 1066 in
917 1001 988 1066 illos
1010 1000 1272 1078 animadvertite3
1294 1019 1396 1148 tregue

358 1113 424 1168 ros,
440 1091 495 1176 qui
510 1088 659 1165 evasistis,
675 1089 893 1154 clementiores
909 1099 1032 1152 vosmet
1046 1086 1212 1162 ostendite,
1227 1105 1324 1172 quam
1342 1086 1349 1100 ‘
1364 1085 1394 1161 li,

358 1177 413 1263 qui
429 1175 556 1241 insidias
569 1175 723 1252 fecerunt,
739 1197 814 1260 erga
828 1175 1032 1262 oosftt'ssent,
1047 1175 1077 1238 εἰ
1089 1195 1150 1238 rena
1165 1195 1203 1237 ee
1216 1174 1318 1236 animi
1330 1193 1396 1238 sets·

357 1265 458 1328 tentia
475 1264 660 1348 gessissent.-
683 1261 869 1347 cogitantes,
890 1282 964 1348 quas
986 1259 1155 1324 verisimile
1175 1271 1224 1323 est
1244 1258 1332 1344 ipsos
1352 1255 1396 1322 ffi-

357 1361 466 1413 cturos
486 1347 592 1426 fuisse,
609 1346 634 1410 si
656 1369 712 1410 ros
733 1347 893 1428 vicissent,
909 1347 1084 1450 praesertim
1108 1365 1181 1409 cum
1203 1367 1260 1408 vos
1281 1343 1398 1431 injuria

358 1433 581 1498 lacessiverint.
638 1431 689 1496 llli
719 1454 796 1497 vero
822 1453 996 1519 praecipue,
1026 1433 1081 1518 qui
1112 1430 1201 1495 nulla
1233 1430 1275 1496 de
1304 1453 1397 1496 causa

358 1519 494 1607 aliquem
513 1518 669 1584 maleficio
690 1517 843 1597 afficiunt,
859 1518 945 1584 hunc
967 1517 1062 1583 etiam
1085 1517 1126 1582 ed
1148 1517 1397 1582 internecionem

358 1627 459 1706 usquc
479 1618 724 1692 persequuntur,
740 1619 772 1669 et
794 1602 936 1670 funditus
958 1604 1107 1689 perdunt,
1124 1604 1199 1690 quia
1219 1603 1396 1689 periculum

359 1691 419 1756 aibr
437 1691 624 1777 impendens
646 1692 687 1756 ab
708 1691 810 1768 hoste,
826 1692 882 1794 gui
904 1701 1052 1774 superstes
1073 1689 1272 1777 {elinquitun
1289 1711 1398 1774 suspe-

358 1788 445 1841 ctum
460 1777 588 1842 habent.
634 1775 702 1852 Qui
724 1777 807 1841 enirn
830 1778 979 1864 injuriam
996 1776 1134 1864 aliquam
1149 1777 1282 1862 accepit,
1300 1797 1399 1863 aquo

357 1881 422 1927 non
448 1863 601 1984 oportuit,
627 1861 681 1927 hic
706 1861 851 1949 periculo
876 1864 975 1928 vitato
1004 1865 1037 1927 in
1062 1883 1133 1926 eum
1161 1862 1308 1926 acerbior
1333 1884 1399 1926 esse

357 1948 448 2031 solet,
482 1971 578 2036 quarn
601 1949 634 2012 in
655 1950 775 2036 justum
800 1949 934 2014 hostem.
981 1947 1090 2014 Nolite
1109 1948 1207 2035 igitur
1230 1949 1325 2016 vestri
1350 1947 1398 2033 ip-

357 2056 463 2099 sorum
489 2035 669 2121 proditores
688 2057 763 2099 esse.
810 2035 873 2100 Sed
896 2035 1003 2099 animo
1023 2055 1119 2120 quam
1139 2034 1288 2120 proxime
1310 2055 1399 2100 acce·

355 2121 467 2186 dentes
482 2121 523 2186 ad
540 2122 635 2202 mala,
649 2121 859 2271 quoegpassuri
875 2121 980 2198 eratis,
996 2135 1029 2185 et
1043 2143 1099 2186 voa
1114 2121 1235 2186 caeteris
1249 2121 1399 2184 omnibns

357 2207 451 2271 rebus
473 2207 704 2292 anteposituros
761 2207 831 2288 isse,
849 2229 904 2272 eos
924 2207 958 2270 in
981 2220 1117 2272 vestram
1138 2215 1327 2292 'potestatem
1350 2228 1399 2270 re·

356 2291 482 2379 digere:
506 2313 593 2356 nunc
613 2313 722 2378 parem
744 2293 881 2382 gratiam
904 2293 979 2379 ipsis
1001 2292 1160 2370 referatisr
1183 2315 1248 2357 non
1264 2291 1400 2356 emolliti

357 2377 400 2442 ob
422 2393 610 2463 praesentem
635 2379 776 2464 ipsorum
799 2379 973 2458 fortunam,
989 2401 1026 2444 ac
1047 2392 1174 2457 statum,
1191 2380 1224 2444 in
1247 2401 1314 2466 quo
1336 2379 1399 2444 'am

356 2475 446 2542 sont;
469 2485 529 2529 nec
543 2465 685 2550 periculi,
699 2466 784 2552 quod
800 2466 889 2530 vobis
903 2486 969 2529 non
984 2465 1029 2530 its
1045 2465 1166 2548 pridem
1181 2403 1401 2551 impendeisat,

355 2549 457 2616 obliti.
504 2551 576 2616 llos
591 2551 690 2638 igitur
709 2573 768 2636 pro
791 2551 910 2617 meritis
932 2552 1074 2637 plectite,
1089 2564 1121 2616 et
1143 2552 1270 2639 insigne
1292 2573 1400 2616 exem·

355 2637 445 2720 plum
461 2637 554 2701 sociis
569 2637 727 2722 praebeter
749 2647 786 2702 ut
806 2637 987 2726 intelligent
1008 2659 1092 2712 eum,
1109 2638 1164 2724 qui
1187 2635 1401 2704 defectionem

356 2743 377 2785 a
390 2722 480 2786 vobis
494 2721 613 2798 fecerit,
628 2735 730 2788 morte
746 2723 931 2789 mulctatum
947 2725 997 2788 iri.
1043 2723 1121 2788 Hoc
1135 2725 1220 2789 enim
1237 2723 1264 2788 si
1279 2746 1402 2812 cogno-

356 2809 471 2885 verint,
486 2829 554 2888 vos,
574 2807 725 2893 neglectis
746 2807 899 2887 hostibus,
922 2832 995 2876 curn
1018 2810 1129 2875 vestris
1151 2811 1243 2875 sociis
1264 2811 1402 2896 posthac

358 2894 463 2957 minus
477 2893 668 2982 pugnabitis.

401 2987 455 3043 st.
479 2982 523 3044 At
547 3001 586 3044 ue
610 2979 711 3045 Cleon
736 2980 864 3070 quidem
889 2983 960 3048 hec
984 2983 1074 3048 dixit.
1121 2982 1199 3048 Post
1223 3003 1299 3049 eom
1325 3005 1402 3048 vero

358 3003 683 3132 Diodorusqsucratis
696 3066 791 3146 iilius,
809 3068 877 3156 (qui
891 3083 923 3134 et
943 3071 976 3132 in
992 3070 1156 3154 superiore
1169 3070 1328 3135 concione
1342 3067 1401 3156 ipsi

357 3151 497 3216 maxime
516 3152 619 3217 iuerat
640 3153 832 3231 adversatus,
849 3176 890 3219 ne
905 3153 1087 3241 Mitylenaei
1102 3159 1307 3239 necarentur)
1323 3173 1401 3222 tunc

357 3238 452 3302 etiam
468 3238 500 3302 in
517 3238 656 3302 medium
672 3260 869 3327 progressus,
886 3241 957 3305 haec
971 3241 1067 3306 rerba
1081 3241 1164 3307 lecit

274 3325 277 3332 ’
400 3331 452 3388 42.
478 3325 737 3407 “Napusillos,
775 3325 807 3390 ui
827 3327 868 3392 de
887 3325 1083 3413 Mitylenaeis
1094 3328 1220 3392 -iterum
1239 3329 1400 3394 adnomi-

357 3408 436 3472 lium
461 3409 649 3489 retulerunt,
673 3433 766 3498 repre
790 3412 952 3478 endendos
981 3428 1080 3499 puto3
1110 3435 1214 3501 neque
1236 3415 1320 3494 illos,
1344 3412 1400 3500 qui

357 3495 507 3559 maximis
521 3496 562 3560 de
585 3498 679 3561 rebus
701 3499 817 3582 saepius
839 3499 1084 3564 consultandum
1107 3523 1174 3565 esse
1195 3513 1313 3576 vetant,
1331 3501 1398 3564 lau·

357 3577 478 3644 dandos
493 3603 615 3646 censeo.
662 3583 744 3648 Nam
760 3584 831 3648 baec
845 3583 923 3666 duo,
938 3585 1130 3653 celeritatem
1147 3599 1180 3652 et
1195 3589 1288 3664 iram,
1303 3587 1399 3652 bonas

358 3665 582 3730 consultationi
597 3670 735 3734 maxime
757 3672 917 3736 contraria
939 3693 1005 3736 esse
1020 3673 1142 3759 judico.
1188 3673 1338 3750 Quorum
1352 3671 1399 3736 al-

358 3758 461 3813 terum
478 3751 605 3838 quidem
618 3775 691 3820 curn
703 3758 1056 3846 amentiaconjooctum
1068 3781 1135 3824 ease
1146 3759 1246 3837 solet3
1263 3759 1398 3826 alterum

357 3857 442 3911 vero,
455 3859 528 3901 curn
540 3840 698 3924 imperitia
713 3856 747 3907 et
760 3843 882 3908 consilii
900 3845 1064 3914 tenuitate.
1098 3845 1142 3910 Et
1153 3848 1209 3934 qui
1221 3846 1399 3912 orationem

357 3941 464 3985 rerum
488 3927 682 4012 agendarum
706 3929 889 4030 magistram
912 3953 978 3995 esse
1000 3934 1196 3998 contentiose
1218 3946 1323 4022 negat,
1340 3941 1400 3994 aut

358 4027 466 4071 amens
495 4024 551 4086 est,
578 4026 634 4076 aut
662 4012 811 4098 privatim
841 4017 961 4103 aliq'uid
992 4017 1090 4103 ipsius
1120 4022 1261 4086 interest.
1289 4037 1399 4084 ameris

387 4149 487 4212 'Quam
507 4163 549 4222 qui
567 4163 620 4222 pari
636 4165 776 4214 conditione
795 4167 936 4216 {nimicitias
951 4170 1022 4231 gerit.
1043 4169 1114 4218 cea.
1143 4173 1228 4234 Longe
1245 4172 1340 4236 gratim
1356 4169 1396 4224 id·

355 4225 523 4340 effingenda,
543 4227 640 4286 aeclptt,
664 4241 738 4288 quam
759 4233 778 4276 tt
801 4233 835 4284 ata
850 4227 920 4292 justo
943 4237 1013 4282 hoste
1034 4235 1172 4294 protectum
1193 4245 1265 4286 estet.
1286 4233 1396 4284 Acesin-
