2982 4786
392 301 642 378 uterorum
665 302 754 378 ΠΒ.
778 312 820 376 ν.
1074 319 1137 383 trs

93 479 238 568 motoris
264 473 378 568 Argivi
397 494 438 570 et
463 476 633 566 Epidatrli
659 481 781 548 benuo
813 484 896 548 inter
918 499 951 549 r‘e
978 498 1136 572 gererent,
1167 498 1234 552 nen.

94 565 340 632 tamennullum
379 566 484 632 uident
496 566 653 652 proelium
668 569 736 633 acie
757 567 865 656 pulsus
880 569 1035 636 instructa
1048 591 1137 636 com·
1162 565 1245 628 ΜΨ·

95 654 224 718 nissum
238 665 305 718 est:
328 584 523 718 sediusidire
544 664 577 718 et
597 653 794 720 incursiones
809 655 1035 732 tranmissus
1053 670 1136 736 runt,
1148 629 1253 756 affl·

95 737 128 804 ln
149 738 278 822 quibus,
289 753 390 823 prout
410 761 500 804 casus
521 737 605 818 tulit,
620 761 660 806 ex
681 741 825 828 utrisque
846 742 992 808 nonnulli
1016 743 1138 810 cecide·
1163 709 1244 876 'tudp

95 837 181 890 rant.
203 839 300 912 atque
320 837 467 890 extremo
488 824 614 912 hyeme,
627 839 661 891 et
675 827 715 892 ad
730 847 786 891 ver
798 827 866 913 jorn
881 829 1061 908 accedente,
1078 833 1140 896 Ar·
1165 823 1200 874 Ὁ·

95 909 160 995 girl
184 928 261 976 curn
289 909 391 990 scalis,
421 930 500 997 quas
533 926 726 988 sumserunt,
755 913 908 978 adversm
937 914 1140 999 Epidaurum
1164 887 1193 974 Y
1232 921 1240 936 '

95 997 230 1074 iverunt,
251 1009 290 1062 at
309 1009 442 1082 propter
469 992 589 1062 bellum
617 996 837 1064 defensoribus
857 998 1053 1064 denudatam
1082 1021 1141 1068 ex·
1178 955 1230 1030 ³⁸3⁹

95 1081 597 1246 rs,

139 1252 411 1340 ⁵7.1nsequenro
438 1265 548 1319 mute
567 1255 635 1339 jam
660 1245 767 1320 ‘inedia
794 1255 1041 1334 Lacedaemonii,
1066 1277 1138 1322 curn
1171 1277 1238 1325 tuus

98 1335 266 1422 Epidaurii
287 1339 431 1424 ipsorum
454 1339 532 1404 socii
554 1341 694 1427 graviter
714 1355 919 1419 vexarentur,
936 1355 968 1406 et
989 1343 1060 1408 alite
1078 1339 1206 1407 Pe·Jmt
1221 1341 1259 1390 ¹²·

95 1423 262 1510 lopcnnesi
275 1427 426 1502 ciuitates,
441 1426 558 1511 partim
572 1427 701 1512 quidem
717 1427 756 1490 oh
771 1430 849 1510 r'psir
856 1428 928 1512 jcm
942 1427 1138 1506 defecissent,
1159 1406 1245 1516 Ἥ·

97 1513 213 1595 partim
235 1527 311 1598 vero
333 1511 526 1592 laborarent,
554 1509 780 1598 existimantes,
805 1513 868 1585 nisi
890 1512 1043 1580 celeriter·
1057 1515 1141 1598 ipsm

96 1608 371 1682 preoccuparent,
391 1597 476 1682 ipsas
498 1595 628 1662 ulterius
649 1619 872 1685 progressurus
894 1621 972 1676 essa,
988 1611 1019 1664 ot
1033 1603 1143 1684 plures

89 1693 248 1770 preterea
269 1684 466 1769 defectiones
474 1685 637 1768 samaras,
652 1704 726 1754 cum
747 1684 820 1769 ipsi,
836 1698 903 1749 nrm
920 1685 1061 1770 ipsorum
1078 1708 1140 1751 ser·
1255 1697 1258 1704 '

97 1769 270 1834 vitiamur
296 1769 444 1836 maximis
473 1770 573 1853 copiis
598 1789 640 1852 on
664 1770 752 1836 omni
778 1792 845 1834 suae
866 1770 998 1835 ditionis
1020 1771 1142 1856 populo

97 1852 239 1920 collectis
253 1853 403 1919 adversus
419 1858 522 1942 Argos
543 1857 680 1922 iverunt.
703 1855 771 1920 Illis
785 1867 890 1921 autem
906 1871 1045 1940 praeerat
1061 1858 1141 1946 Agis

97 1940 287 2006 Archidomi
293 1941 393 2024 fiebas,
404 1941 721 2006 Lscedaemoniorum
734 1960 804 2006 rex.
851 1941 934 2006 Cum
947 1942 1023 2042 ipsis
1033 1957 1140 2007 autem

98 2027 140 2091 ad
165 2027 248 2091 hanc
268 2027 413 2098 militiam
435 2025 568 2112 profecti
589 2039 664 2092 sunt
678 2027 710 2091 T
711 2040 842 2115 egeatae,
865 2038 896 2091 et
918 2027 971 2092 alri
988 2027 1141 2107 Arcados,

99 2126 257 2199 quotquot
268 2124 359 2178 erant
371 2111 689 2194 Lacedaemoniorum
702 2114 789 2178 socii.
835 2111 919 2177 Num
932 2115 1039 2178 caetori
1052 2113 1140 2191 socii,

98 2200 153 2284 qui
169 2198 203 2262 in
220 2191 450 2284 Peloponneso,
465 2211 499 2263 et
515 2210 605 2264 extra
619 2201 861 2283 Peloponnesum
876 2213 976 2276 erunt,
992 2200 1033 2264 ad
1051 2195 1140 2264 Phli-

99 2295 208 2372 untem
234 2285 448 2372 cogebantur:
487 2285 675 2350 Boeotorum
700 2285 839 2372 quidem,
870 2285 1013 2373 quinque
1042 2283 1142 2350 millia

97 2369 205 2457 gnavis
228 2382 400 2434 armaturae
423 2370 571 2447 militum,
593 2381 626 2434 ct
648 2371 780 2434 totidem
807 2370 883 2434 levis
909 2385 1091 2447 armaturae,
1111 2383 1143 2435 ct

97 2453 409 2606 &diffiditis
425 2455 1142 2628 titlltltllzlltttttltttttt·

408 2585 417 2618 9
928 2586 938 2619 2
1127 2580 1141 2592 ⁸

98 2627 204 2692 lurum
220 2627 443 2713 demasonus
466 2625 709 2692 ¹Corinthiorum
724 2646 810 2704 vero,
826 2627 894 2692 duo
913 2628 1019 2712 gravis
1040 2649 1142 2692 amra-

97 2725 182 2778 tnrar
199 2711 316 2777 millis:
338 2724 528 2777 c‘aeterorum
544 2734 628 2788 vero,
644 2733 705 2797 pro
727 2715 878 2798 cujusque
900 2714 992 2798 copia
1007 2713 1143 2778 viribus·

98 2813 163 2886 que
177 2811 327 2862 nummus
341 2811 417 2863 erat.
465 2797 528 2864 Sed
546 2797 678 2864 Phliaoii
701 2819 775 2862 cum
789 2799 938 2863 omnibus
960 2793 1024 2864 auls
1042 2795 1143 2884 copiis

98 2887 145 2948 cd
156 2883 238 2948 hunc
259 2887 481 2970 mpeditr'cnem
503 2886 635 2961 ivenmt,
653 2885 738 2968 quud
760 2886 909 2949 sociorum
930 2887 1089 2951 exercitus
1106 2882 1143 2949 ‘in

99 2971 245 3054 ipsorum
258 2988 336 3054 agro
351 2981 440 3034 esset.

144 3063 198 3121 58.
224 3055 337 3138 Argivi
352 3067 471 3155 autem,
485 3069 559 3119 cum
577 3067 654 3119 tunc
667 3055 808 3140 primum
824 3053 1142 3157 Lacedaemoniorum

99 3153 292 3292 aPpllldtllllldffi
315 3149 628 3303 igdssdltzmddnct’unlt
644 3153 772 3290 “pm
795 3141 1145 3310 {ggssnloarceertllgtntztltss

99 3313 230 3377 demum
257 3323 292 3376 et
320 3312 381 3397 ipsi
409 3331 484 3376 cum
513 3311 657 3376 exercitu
686 3308 883 3395 prodierunt.
942 3313 1011 3396 ‘psis
1040 3323 1145 3375 sutem

99 3397 260 3463 auxilium
275 3396 418 3462 tulerunt
432 3409 463 3462 et
479 3393 639 3462 Mantinei
653 3417 727 3462 cum
743 3399 809 3462 suis
822 3397 926 3474 sociis,
942 3413 974 3461 et
992 3395 1145 3476 Eleorum

99 3483 166 3548 tria
185 3483 289 3564 gravis
310 3495 481 3548 armaturae
502 3480 611 3547 millia.
656 3483 700 3548 Et
721 3482 882 3570 progressi
895 3483 1146 3546 Lucedsemoniis

100 3569 146 3634 sd
162 3568 384 3655 Methydrion
400 3567 551 3634 Arcadios
573 3570 718 3652 oppidum
732 3579 915 3632 occurrunt.
961 3567 1005 3634 Et
1023 3567 1148 3654 utrique

102 3654 218 3719 collem
244 3667 428 3740 occupent·
458 3654 504 3719 Et
529 3654 643 3741 Argivi
691 3655 797 3718 uidem
827 3653 869 3718 ad
893 3653 1047 3738 proeliurn
1074 3675 1148 3720 curn

102 3741 371 3817 Lacedaemoniis,
382 3752 419 3805 ut
429 3740 588 3804 sociorum
599 3675 723 3805 anxilio
734 3739 871 3816 nudatis,
883 3741 1148 3806 committendum

103 3845 173 3892 sese
197 3826 432 3914 praeparubsnt.
478 3825 542 3891 ssu
563 3827 593 3890 A
618 3827 642 3890 's
664 3828 774 3892 castris
796 3839 895 3890 noctu
922 3829 1026 3904 motis,
1051 3825 1148 3912 idque

103 3913 190 3979 ulam
204 3914 346 4000 Argiuis,
363 3912 545 3978 Phliuntem
619 3911 698 3977 elios
712 3911 816 3978 socios
830 3913 1003 3978 contendit.
1050 3911 1149 3987 Quod

103 4021 180 4065 cam
195 3999 311 4087 Argivi
331 3997 561 4087 cognovissent,
578 3999 684 4083 primo
706 3997 845 4064 diluculo
866 3999 971 4064 statim
990 3997 1147 4075 abierunt,
1180 4071 1186 4086 ,

102 4087 248 4173 primurn
271 4083 400 4171 quidem
421 4085 534 4172 Argos,
555 4081 672 4150 deinde
693 4105 771 4150 vero
790 4082 832 4149 ad
854 4082 942 4149 illam
958 4083 1053 4163 vium,
1076 4103 1150 4168 quae

103 4173 149 4238 ad
165 4171 321 4238 Nemeam
335 4171 434 4248 ducit,
450 4193 515 4258 qua
530 4168 793 4236 Lacedoemonios
815 4189 889 4234 cum
912 4171 1005 4235 sociis
1019 4167 1150 4234 descen·

101 4279 199 4326 aoros
220 4257 459 4344 exspectabunt.
505 4257 568 4324 Sed
585 4257 666 4344 Agis
688 4277 753 4323 non
776 4255 932 4323 convertit
954 4255 1048 4321 send
1070 4253 1150 4319 illud
