<?xml version="1.0" encoding="UTF-8"?>
<!DOCTYPE html PUBLIC "-//W3C//DTD XHTML 1.0 Transitional//EN"
    "http://www.w3.org/TR/xhtml1/DTD/xhtml1-transitional.dtd">
<html xmlns="http://www.w3.org/1999/xhtml" xml:lang="en" lang="en">
 <head>
  <title>
</title>
<meta http-equiv="Content-Type" content="text/html;charset=utf-8" />
  <meta name='ocr-system' content='tesseract 3.04.00' />
  <meta name='ocr-capabilities' content='ocr_page ocr_carea ocr_par ocr_line ocrx_word'/>
</head>
<body>
  <div class='ocr_page' id='page_1' title='image "./thucydidisdebel00wassgoog_0108.png"; bbox 0 0 2990 4792; ppageno 0'>
   <div class='ocr_carea' id='block_1_1' title="bbox 350 232 1038 320">
    <p class='ocr_par' dir='ltr' id='par_1_1' title="bbox 350 232 1038 320">
     <span class='ocr_line' id='line_1_1' title="bbox 350 232 1038 320; baseline 0.006 -3"><span class='ocrx_word' id='word_1_1' title='bbox 350 258 411 318; x_wconf 86' lang='lat' dir='ltr'><strong>roo</strong></span> <span class='ocrx_word' id='word_1_2' title='bbox 710 232 1038 320; x_wconf 78' lang='lat' dir='ltr'><strong>unucrururs&#39;</strong></span> 
     </span>
    </p>
   </div>
   <div class='ocr_carea' id='block_1_2' title="bbox 168 425 1475 3810">
    <p class='ocr_par' dir='ltr' id='par_1_2' title="bbox 168 425 1470 1382">
     <span class='ocr_line' id='line_1_2' title="bbox 168 425 1381 513; baseline 0.002 -23"><span class='ocrx_word' id='word_1_3' title='bbox 168 453 175 464; x_wconf 90' lang='lat'><em>·</em></span> <span class='ocrx_word' id='word_1_4' title='bbox 256 447 317 498; x_wconf 77' lang='lat' dir='ltr'><strong>asu</strong></span> <span class='ocrx_word' id='word_1_5' title='bbox 349 445 416 490; x_wconf 89' lang='lat' dir='ltr'><strong>non</strong></span> <span class='ocrx_word' id='word_1_6' title='bbox 438 445 504 489; x_wconf 83' lang='lat' dir='ltr'><strong>eum</strong></span> <span class='ocrx_word' id='word_1_7' title='bbox 527 425 644 509; x_wconf 87' lang='lat' dir='ltr'><strong>potius,</strong></span> <span class='ocrx_word' id='word_1_8' title='bbox 659 425 693 490; x_wconf 93' lang='lat' dir='ltr'><strong>in</strong></span> <span class='ocrx_word' id='word_1_9' title='bbox 715 447 781 513; x_wconf 91' lang='lat' dir='ltr'><strong>qua</strong></span> <span class='ocrx_word' id='word_1_10' title='bbox 802 426 862 512; x_wconf 85' lang='lat' dir='ltr'><strong>ipsi</strong></span> <span class='ocrx_word' id='word_1_11' title='bbox 884 427 936 492; x_wconf 86' lang='lat' dir='ltr'><strong>siti</strong></span> <span class='ocrx_word' id='word_1_12' title='bbox 958 441 1041 504; x_wconf 87' lang='lat' dir='ltr'><strong>sunt,</strong></span> <span class='ocrx_word' id='word_1_13' title='bbox 1083 447 1153 492; x_wconf 86' lang='lat' dir='ltr'><strong>uam</strong></span> <span class='ocrx_word' id='word_1_14' title='bbox 1177 447 1253 506; x_wconf 84' lang='lat' dir='ltr'><strong>eom,</strong></span> <span class='ocrx_word' id='word_1_15' title='bbox 1275 425 1381 513; x_wconf 81' lang='lat' dir='ltr'><strong>inqua</strong></span> 
     </span>
     <span class='ocr_line' id='line_1_3' title="bbox 247 448 1380 630; baseline 0.001 -55"><span class='ocrx_word' id='word_1_16' title='bbox 247 515 331 630; x_wconf 48' lang='lat'><strong>¹2:¹⁰3·</strong></span> <span class='ocrx_word' id='word_1_17' title='bbox 352 512 492 597; x_wconf 86' lang='lat' dir='ltr'><strong>ipsorum</strong></span> <span class='ocrx_word' id='word_1_18' title='bbox 522 509 635 597; x_wconf 81' lang='lat' dir='ltr'><strong>gloria,</strong></span> <span class='ocrx_word' id='word_1_19' title='bbox 660 513 693 614; x_wconf 83' lang='lat' dir='ltr'><strong>in</strong></span> <span class='ocrx_word' id='word_1_20' title='bbox 725 512 866 600; x_wconf 85' lang='lat' dir='ltr'><strong>qualibet</strong></span> <span class='ocrx_word' id='word_1_21' title='bbox 896 532 1002 580; x_wconf 87' lang='lat' dir='ltr'><strong>rerum</strong></span> <span class='ocrx_word' id='word_1_22' title='bbox 1034 448 1083 578; x_wconf 76' lang='lat' dir='ltr'><strong>vd</strong></span> <span class='ocrx_word' id='word_1_23' title='bbox 1113 512 1316 578; x_wconf 82' lang='lat' dir='ltr'><strong>dicendarum</strong></span> <span class='ocrx_word' id='word_1_24' title='bbox 1339 511 1380 576; x_wconf 85' lang='lat' dir='ltr'><strong>rel</strong></span> 
     </span>
     <span class='ocr_line' id='line_1_4' title="bbox 239 597 1382 774; baseline -0.009 -16"><span class='ocrx_word' id='word_1_25' title='bbox 239 647 339 761; x_wconf 55' lang='lat' dir='ltr'><strong>tlt·</strong></span> <span class='ocrx_word' id='word_1_26' title='bbox 352 597 1382 774; x_wconf 50' lang='lat' dir='ltr'><strong>tfllt‘lttmtttmut,ttetffttttttttttrtt</strong></span> 
     </span>
     <span class='ocr_line' id='line_1_5' title="bbox 253 772 1470 886; baseline 0 -50"><span class='ocrx_word' id='word_1_27' title='bbox 253 775 283 886; x_wconf 53' lang='lat' dir='ltr'><strong>g·</strong></span> <span class='ocrx_word' id='word_1_28' title='bbox 300 775 330 824; x_wconf 84' lang='lat'><strong>0·</strong></span> <span class='ocrx_word' id='word_1_29' title='bbox 353 773 449 875; x_wconf 42' lang='lat' dir='ltr'><strong>regio·</strong></span> <span class='ocrx_word' id='word_1_30' title='bbox 480 773 671 873; x_wconf 75' lang='lat' dir='ltr'><strong>sepulcrum,</strong></span> <span class='ocrx_word' id='word_1_31' title='bbox 706 795 811 858; x_wconf 88' lang='lat' dir='ltr'><strong>neque</strong></span> <span class='ocrx_word' id='word_1_32' title='bbox 844 772 913 839; x_wconf 82' lang='lat' dir='ltr'><strong>sola</strong></span> <span class='ocrx_word' id='word_1_33' title='bbox 949 774 1118 874; x_wconf 75' lang='lat' dir='ltr'><strong>cipporum</strong></span> <span class='ocrx_word' id='word_1_34' title='bbox 1151 775 1183 838; x_wconf 90' lang='lat' dir='ltr'><strong>iu</strong></span> <span class='ocrx_word' id='word_1_35' title='bbox 1218 772 1382 872; x_wconf 80' lang='lat' dir='ltr'><strong>domestico</strong></span> <span class='ocrx_word' id='word_1_36' title='bbox 1467 810 1470 822; x_wconf 90' lang='lat'><strong>·</strong></span> 
     </span>
     <span class='ocr_line' id='line_1_6' title="bbox 262 855 1385 956; baseline 0 -34"><span class='ocrx_word' id='word_1_37' title='bbox 262 855 325 956; x_wconf 50' lang='grc' dir='ltr'><strong>ἐξ·</strong></span> <span class='ocrx_word' id='word_1_38' title='bbox 355 861 520 943; x_wconf 74' lang='lat' dir='ltr'><strong>inscriptio</strong></span> <span class='ocrx_word' id='word_1_39' title='bbox 535 861 678 926; x_wconf 81' lang='lat' dir='ltr'><strong>virtutem</strong></span> <span class='ocrx_word' id='word_1_40' title='bbox 694 881 794 926; x_wconf 83' lang='lat' dir='ltr'><strong>eorum</strong></span> <span class='ocrx_word' id='word_1_41' title='bbox 811 872 962 926; x_wconf 84' lang='lat' dir='ltr'><strong>testatur:</strong></span> <span class='ocrx_word' id='word_1_42' title='bbox 986 859 1152 924; x_wconf 78' lang='lat' dir='ltr'><strong>sedetiam</strong></span> <span class='ocrx_word' id='word_1_43' title='bbox 1168 860 1199 924; x_wconf 96' lang='lat' dir='ltr'><strong>in</strong></span> <span class='ocrx_word' id='word_1_44' title='bbox 1215 859 1317 923; x_wconf 77' lang='lat' dir='ltr'><strong>alieno</strong></span> <span class='ocrx_word' id='word_1_45' title='bbox 1330 861 1385 924; x_wconf 84' lang='lat' dir='ltr'><strong>solo</strong></span> 
     </span>
     <span class='ocr_line' id='line_1_7' title="bbox 354 945 1384 1035; baseline -0.002 -25"><span class='ocrx_word' id='word_1_46' title='bbox 354 946 508 1011; x_wconf 88' lang='lat' dir='ltr'><strong>memoria</strong></span> <span class='ocrx_word' id='word_1_47' title='bbox 538 945 633 1010; x_wconf 86' lang='lat' dir='ltr'><strong>nullis</strong></span> <span class='ocrx_word' id='word_1_48' title='bbox 664 945 813 1012; x_wconf 87' lang='lat' dir='ltr'><strong>mandata</strong></span> <span class='ocrx_word' id='word_1_49' title='bbox 841 947 977 1032; x_wconf 84' lang='lat' dir='ltr'><strong>scriptis,</strong></span> <span class='ocrx_word' id='word_1_50' title='bbox 1007 947 1107 1035; x_wconf 80' lang='lat' dir='ltr'><strong>magis</strong></span> <span class='ocrx_word' id='word_1_51' title='bbox 1137 945 1222 1032; x_wconf 91' lang='lat' dir='ltr'><strong>apud</strong></span> <span class='ocrx_word' id='word_1_52' title='bbox 1252 945 1384 1010; x_wconf 83' lang='lat' dir='ltr'><strong>animum</strong></span> 
     </span>
     <span class='ocr_line' id='line_1_8' title="bbox 354 1032 1386 1120; baseline -0.002 -22"><span class='ocrx_word' id='word_1_53' title='bbox 354 1035 516 1120; x_wconf 82' lang='lat' dir='ltr'><strong>cujusque,</strong></span> <span class='ocrx_word' id='word_1_54' title='bbox 547 1055 642 1120; x_wconf 86' lang='lat' dir='ltr'><strong>quarn</strong></span> <span class='ocrx_word' id='word_1_55' title='bbox 672 1032 760 1118; x_wconf 91' lang='lat' dir='ltr'><strong>apud</strong></span> <span class='ocrx_word' id='word_1_56' title='bbox 790 1033 971 1120; x_wconf 84' lang='lat' dir='ltr'><strong>sepulcrum</strong></span> <span class='ocrx_word' id='word_1_57' title='bbox 1001 1047 1210 1110; x_wconf 85' lang='lat' dir='ltr'><strong>exstructum,</strong></span> <span class='ocrx_word' id='word_1_58' title='bbox 1241 1045 1386 1118; x_wconf 90' lang='lat' dir='ltr'><strong>perpetuo</strong></span> 
     </span>
     <span class='ocr_line' id='line_1_9' title="bbox 354 1119 1385 1204; baseline -0.002 -20"><span class='ocrx_word' id='word_1_59' title='bbox 354 1136 473 1186; x_wconf 89' lang='lat' dir='ltr'><strong>manet.</strong></span> <span class='ocrx_word' id='word_1_60' title='bbox 524 1119 616 1196; x_wconf 84' lang='lat' dir='ltr'><strong>Quos</strong></span> <span class='ocrx_word' id='word_1_61' title='bbox 645 1119 706 1204; x_wconf 86' lang='lat' dir='ltr'><strong>ipsi</strong></span> <span class='ocrx_word' id='word_1_62' title='bbox 734 1141 822 1186; x_wconf 93' lang='lat' dir='ltr'><strong>nunc</strong></span> <span class='ocrx_word' id='word_1_63' title='bbox 852 1119 1022 1186; x_wconf 85' lang='lat' dir='ltr'><strong>imitandos</strong></span> <span class='ocrx_word' id='word_1_64' title='bbox 1052 1120 1140 1184; x_wconf 90' lang='lat' dir='ltr'><strong>vobis</strong></span> <span class='ocrx_word' id='word_1_65' title='bbox 1169 1131 1385 1204; x_wconf 80' lang='lat' dir='ltr'><strong>proponentes,</strong></span> 
     </span>
     <span class='ocr_line' id='line_1_10' title="bbox 355 1205 1384 1286; baseline -0.004 -14"><span class='ocrx_word' id='word_1_66' title='bbox 355 1221 387 1273; x_wconf 83' lang='lat' dir='ltr'><strong>et</strong></span> <span class='ocrx_word' id='word_1_67' title='bbox 412 1205 592 1272; x_wconf 71' lang='lat' dir='ltr'><strong>felicitatem</strong></span> <span class='ocrx_word' id='word_1_68' title='bbox 613 1207 830 1272; x_wconf 74' lang='lat' dir='ltr'><strong>existimantes</strong></span> <span class='ocrx_word' id='word_1_69' title='bbox 855 1229 922 1272; x_wconf 85' lang='lat' dir='ltr'><strong>ease</strong></span> <span class='ocrx_word' id='word_1_70' title='bbox 948 1206 1138 1286; x_wconf 85' lang='lat' dir='ltr'><strong>libertatem,</strong></span> <span class='ocrx_word' id='word_1_71' title='bbox 1164 1219 1195 1270; x_wconf 90' lang='lat' dir='ltr'><strong>et</strong></span> <span class='ocrx_word' id='word_1_72' title='bbox 1219 1205 1384 1270; x_wconf 84' lang='lat' dir='ltr'><strong>libertatem</strong></span> 
     </span>
     <span class='ocr_line' id='line_1_11' title="bbox 354 1291 1387 1382; baseline -0.002 -24"><span class='ocrx_word' id='word_1_73' title='bbox 354 1315 424 1370; x_wconf 78' lang='lat' dir='ltr'><strong>esce</strong></span> <span class='ocrx_word' id='word_1_74' title='bbox 460 1293 559 1358; x_wconf 88' lang='lat' dir='ltr'><strong>animi</strong></span> <span class='ocrx_word' id='word_1_75' title='bbox 594 1293 850 1382; x_wconf 75' lang='lat' dir='ltr'><strong>generositatem,</strong></span> <span class='ocrx_word' id='word_1_76' title='bbox 888 1293 1002 1359; x_wconf 87' lang='lat' dir='ltr'><strong>bellica</strong></span> <span class='ocrx_word' id='word_1_77' title='bbox 1037 1292 1180 1378; x_wconf 87' lang='lat' dir='ltr'><strong>pericula</strong></span> <span class='ocrx_word' id='word_1_78' title='bbox 1215 1291 1319 1356; x_wconf 85' lang='lat' dir='ltr'><strong>subire</strong></span> <span class='ocrx_word' id='word_1_79' title='bbox 1351 1314 1387 1356; x_wconf 88' lang='lat' dir='ltr'><strong>ne</strong></span> 
     </span>
    </p>

    <p class='ocr_par' dir='ltr' id='par_1_3' title="bbox 304 1377 1475 3636">
     <span class='ocr_line' id='line_1_12' title="bbox 304 1377 1388 1468; baseline -0.004 -22"><span class='ocrx_word' id='word_1_80' title='bbox 304 1449 308 1468; x_wconf 56' lang='lat'><strong>,</strong></span> <span class='ocrx_word' id='word_1_81' title='bbox 355 1379 514 1446; x_wconf 73' lang='lat' dir='ltr'>recusetis.</span> <span class='ocrx_word' id='word_1_82' title='bbox 560 1378 630 1446; x_wconf 88' lang='lat' dir='ltr'><strong>Nec</strong></span> <span class='ocrx_word' id='word_1_83' title='bbox 660 1380 746 1444; x_wconf 80' lang='lat' dir='ltr'><strong>eninr</strong></span> <span class='ocrx_word' id='word_1_84' title='bbox 774 1378 920 1444; x_wconf 86' lang='lat' dir='ltr'><strong>homines</strong></span> <span class='ocrx_word' id='word_1_85' title='bbox 949 1379 1135 1456; x_wconf 75' lang='lat' dir='ltr'><strong>calamitosi,</strong></span> <span class='ocrx_word' id='word_1_86' title='bbox 1164 1379 1279 1465; x_wconf 85' lang='lat' dir='ltr'><strong>quibus</strong></span> <span class='ocrx_word' id='word_1_87' title='bbox 1307 1377 1388 1444; x_wconf 92' lang='lat' dir='ltr'><strong>nulla</strong></span> 
     </span>
     <span class='ocr_line' id='line_1_13' title="bbox 355 1465 1387 1552; baseline -0.004 -20"><span class='ocrx_word' id='word_1_88' title='bbox 355 1465 433 1532; x_wconf 92' lang='lat' dir='ltr'><strong>boni</strong></span> <span class='ocrx_word' id='word_1_89' title='bbox 458 1489 530 1552; x_wconf 86' lang='lat' dir='ltr'><strong>spes</strong></span> <span class='ocrx_word' id='word_1_90' title='bbox 554 1465 654 1544; x_wconf 69' lang='lat' dir='ltr'><strong>adem,</strong></span> <span class='ocrx_word' id='word_1_91' title='bbox 681 1467 779 1532; x_wconf 87' lang='lat' dir='ltr'><strong>vitam</strong></span> <span class='ocrx_word' id='word_1_92' title='bbox 805 1468 911 1551; x_wconf 89' lang='lat' dir='ltr'><strong>potius</strong></span> <span class='ocrx_word' id='word_1_93' title='bbox 937 1465 1133 1552; x_wconf 80' lang='lat' dir='ltr'><strong>profundere</strong></span> <span class='ocrx_word' id='word_1_94' title='bbox 1156 1465 1283 1543; x_wconf 89' lang='lat' dir='ltr'><strong>debent,</strong></span> <span class='ocrx_word' id='word_1_95' title='bbox 1300 1487 1387 1552; x_wconf 85' lang='lat' dir='ltr'><strong>quam</strong></span> 
     </span>
     <span class='ocr_line' id='line_1_14' title="bbox 356 1551 1388 1640; baseline 0 -24"><span class='ocrx_word' id='word_1_96' title='bbox 356 1552 413 1630; x_wconf 91' lang='lat' dir='ltr'><strong>illi,</strong></span> <span class='ocrx_word' id='word_1_97' title='bbox 444 1554 572 1640; x_wconf 86' lang='lat' dir='ltr'><strong>quibus,</strong></span> <span class='ocrx_word' id='word_1_98' title='bbox 603 1553 629 1617; x_wconf 84' lang='lat' dir='ltr'><strong>si</strong></span> <span class='ocrx_word' id='word_1_99' title='bbox 657 1552 779 1618; x_wconf 84' lang='lat' dir='ltr'><strong>diutius</strong></span> <span class='ocrx_word' id='word_1_100' title='bbox 809 1553 927 1630; x_wconf 85' lang='lat' dir='ltr'><strong>vivant,</strong></span> <span class='ocrx_word' id='word_1_101' title='bbox 956 1551 1095 1618; x_wconf 77' lang='lat' dir='ltr'><strong>louunoe</strong></span> <span class='ocrx_word' id='word_1_102' title='bbox 1124 1576 1163 1618; x_wconf 79' lang='lat' dir='ltr'><strong>ex</strong></span> <span class='ocrx_word' id='word_1_103' title='bbox 1191 1552 1329 1617; x_wconf 86' lang='lat' dir='ltr'><strong>secunda</strong></span> <span class='ocrx_word' id='word_1_104' title='bbox 1359 1551 1388 1616; x_wconf 91' lang='lat' dir='ltr'><strong>in</strong></span> 
     </span>
     <span class='ocr_line' id='line_1_15' title="bbox 355 1638 1390 1725; baseline -0.003 -20"><span class='ocrx_word' id='word_1_105' title='bbox 355 1640 521 1705; x_wconf 86' lang='lat' dir='ltr'><strong>adversam</strong></span> <span class='ocrx_word' id='word_1_106' title='bbox 545 1638 721 1725; x_wconf 82' lang='lat' dir='ltr'><strong>periculosa</strong></span> <span class='ocrx_word' id='word_1_107' title='bbox 742 1655 774 1704; x_wconf 88' lang='lat' dir='ltr'><strong>et</strong></span> <span class='ocrx_word' id='word_1_108' title='bbox 800 1640 923 1706; x_wconf 87' lang='lat' dir='ltr'><strong>incerta</strong></span> <span class='ocrx_word' id='word_1_109' title='bbox 947 1640 1156 1706; x_wconf 87' lang='lat' dir='ltr'><strong>commutatio</strong></span> <span class='ocrx_word' id='word_1_110' title='bbox 1180 1653 1228 1703; x_wconf 85' lang='lat' dir='ltr'><strong>est</strong></span> <span class='ocrx_word' id='word_1_111' title='bbox 1250 1639 1390 1703; x_wconf 82' lang='lat' dir='ltr'><strong>extimes·</strong></span> 
     </span>
     <span class='ocr_line' id='line_1_16' title="bbox 356 1723 1391 1814; baseline -0.004 -22"><span class='ocrx_word' id='word_1_112' title='bbox 356 1727 470 1802; x_wconf 77' lang='lat' dir='ltr'><strong>cenda3</strong></span> <span class='ocrx_word' id='word_1_113' title='bbox 508 1741 540 1792; x_wconf 85' lang='lat' dir='ltr'><strong>et</strong></span> <span class='ocrx_word' id='word_1_114' title='bbox 561 1747 697 1814; x_wconf 90' lang='lat' dir='ltr'><strong>quorum</strong></span> <span class='ocrx_word' id='word_1_115' title='bbox 721 1725 920 1811; x_wconf 87' lang='lat' dir='ltr'><strong>potissimum</strong></span> <span class='ocrx_word' id='word_1_116' title='bbox 945 1726 1085 1790; x_wconf 79' lang='lat' dir='ltr'><strong>maxime</strong></span> <span class='ocrx_word' id='word_1_117' title='bbox 1108 1727 1248 1803; x_wconf 83' lang='lat' dir='ltr'><strong>interest,</strong></span> <span class='ocrx_word' id='word_1_118' title='bbox 1271 1723 1391 1812; x_wconf 88' lang='lat' dir='ltr'><strong>siquid</strong></span> 
     </span>
     <span class='ocr_line' id='line_1_17' title="bbox 357 1811 1475 1897; baseline -0.004 -19"><span class='ocrx_word' id='word_1_119' title='bbox 357 1811 558 1878; x_wconf 84' lang='lat' dir='ltr'><strong>offenderint.</strong></span> <span class='ocrx_word' id='word_1_120' title='bbox 618 1811 703 1878; x_wconf 93' lang='lat' dir='ltr'><strong>Nam</strong></span> <span class='ocrx_word' id='word_1_121' title='bbox 727 1813 853 1880; x_wconf 83' lang='lat' dir='ltr'><strong>vexatio</strong></span> <span class='ocrx_word' id='word_1_122' title='bbox 874 1834 948 1878; x_wconf 90' lang='lat' dir='ltr'><strong>cum</strong></span> <span class='ocrx_word' id='word_1_123' title='bbox 973 1812 1105 1878; x_wconf 85' lang='lat' dir='ltr'><strong>mollitie</strong></span> <span class='ocrx_word' id='word_1_124' title='bbox 1126 1813 1305 1897; x_wconf 86' lang='lat' dir='ltr'><strong>conjuncta,</strong></span> <span class='ocrx_word' id='word_1_125' title='bbox 1328 1812 1393 1875; x_wconf 82' lang='lat' dir='ltr'><strong>viro</strong></span> <span class='ocrx_word' id='word_1_126' title='bbox 1474 1821 1475 1826; x_wconf 77' lang='grc'>’</span> 
     </span>
     <span class='ocr_line' id='line_1_18' title="bbox 357 1898 1390 1986; baseline -0.002 -22"><span class='ocrx_word' id='word_1_127' title='bbox 357 1898 467 1964; x_wconf 78' lang='lat' dir='ltr'><strong>saltem</strong></span> <span class='ocrx_word' id='word_1_128' title='bbox 481 1899 696 1983; x_wconf 73' lang='lat' dir='ltr'><strong>,magnanimo</strong></span> <span class='ocrx_word' id='word_1_129' title='bbox 712 1913 760 1965; x_wconf 84' lang='lat' dir='ltr'><strong>est</strong></span> <span class='ocrx_word' id='word_1_130' title='bbox 781 1899 936 1978; x_wconf 75' lang='lat' dir='ltr'><strong>acerbior,</strong></span> <span class='ocrx_word' id='word_1_131' title='bbox 952 1921 1047 1986; x_wconf 86' lang='lat' dir='ltr'><strong>quam</strong></span> <span class='ocrx_word' id='word_1_132' title='bbox 1066 1921 1150 1964; x_wconf 83' lang='lat' dir='ltr'><strong>more</strong></span> <span class='ocrx_word' id='word_1_133' title='bbox 1164 1921 1256 1963; x_wconf 87' lang='lat' dir='ltr'><strong>sensu</strong></span> <span class='ocrx_word' id='word_1_134' title='bbox 1276 1920 1390 1975; x_wconf 87' lang='lat' dir='ltr'><strong>carens,</strong></span> 
     </span>
     <span class='ocr_line' id='line_1_19' title="bbox 357 1984 1393 2088; baseline -0.002 -36"><span class='ocrx_word' id='word_1_135' title='bbox 357 2007 432 2088; x_wconf 83' lang='lat' dir='ltr'><strong>quae</strong></span> <span class='ocrx_word' id='word_1_136' title='bbox 453 2005 527 2052; x_wconf 89' lang='lat' dir='ltr'><strong>cum</strong></span> <span class='ocrx_word' id='word_1_137' title='bbox 550 1984 746 2066; x_wconf 85' lang='lat' dir='ltr'><strong>fortitudine,</strong></span> <span class='ocrx_word' id='word_1_138' title='bbox 763 1985 903 2052; x_wconf 86' lang='lat' dir='ltr'><strong>simulet</strong></span> <span class='ocrx_word' id='word_1_139' title='bbox 924 2007 996 2054; x_wconf 87' lang='lat' dir='ltr'><strong>cum</strong></span> <span class='ocrx_word' id='word_1_140' title='bbox 1020 1985 1149 2072; x_wconf 88' lang='lat' dir='ltr'><strong>publica</strong></span> <span class='ocrx_word' id='word_1_141' title='bbox 1164 2007 1230 2072; x_wconf 84' lang='lat' dir='ltr'><strong>spe,</strong></span> <span class='ocrx_word' id='word_1_142' title='bbox 1246 1985 1308 2070; x_wconf 84' lang='lat' dir='ltr'><strong>ipsi</strong></span> <span class='ocrx_word' id='word_1_143' title='bbox 1321 2007 1393 2050; x_wconf 90' lang='lat' dir='ltr'><strong>con·</strong></span> 
     </span>
     <span class='ocr_line' id='line_1_20' title="bbox 356 2073 461 2140; baseline 0.019 -2"><span class='ocrx_word' id='word_1_144' title='bbox 356 2087 403 2138; x_wconf 84' lang='lat' dir='ltr'><strong>un</strong></span> <span class='ocrx_word' id='word_1_145' title='bbox 428 2073 461 2140; x_wconf 82' lang='lat' dir='ltr'><strong>‘t</strong></span> 
     </span>
     <span class='ocr_line' id='line_1_21' title="bbox 403 2095 1475 2246; baseline 0 -22"><span class='ocrx_word' id='word_1_146' title='bbox 403 2095 480 2226; x_wconf 65' lang='lat' dir='ltr'><strong>glu-</strong></span> <span class='ocrx_word' id='word_1_147' title='bbox 516 2160 775 2238; x_wconf 86' lang='lat' dir='ltr'><strong>“Quamobrem</strong></span> <span class='ocrx_word' id='word_1_148' title='bbox 813 2164 908 2227; x_wconf 85' lang='lat' dir='ltr'><strong>etium</strong></span> <span class='ocrx_word' id='word_1_149' title='bbox 945 2184 1033 2228; x_wconf 88' lang='lat' dir='ltr'><strong>nunc</strong></span> <span class='ocrx_word' id='word_1_150' title='bbox 1068 2162 1201 2226; x_wconf 84' lang='lat' dir='ltr'><strong>istorum</strong></span> <span class='ocrx_word' id='word_1_151' title='bbox 1237 2171 1394 2246; x_wconf 76' lang='lat' dir='ltr'><strong>parentes,</strong></span> <span class='ocrx_word' id='word_1_152' title='bbox 1474 2203 1475 2206; x_wconf 56' lang='lat'><em>=</em></span> 
     </span>
     <span class='ocr_line' id='line_1_22' title="bbox 356 2246 1474 2428; baseline -0.004 -26"><span class='ocrx_word' id='word_1_153' title='bbox 356 2247 666 2403; x_wconf 55' lang='lat' dir='ltr'><strong>tlt‘tttmlttt</strong></span> <span class='ocrx_word' id='word_1_154' title='bbox 682 2271 896 2400; x_wconf 55' lang='lat' dir='ltr'><strong>,lttt‘ttt</strong></span> <span class='ocrx_word' id='word_1_155' title='bbox 915 2249 1056 2402; x_wconf 55' lang='lat' dir='ltr'><strong>lille</strong></span> <span class='ocrx_word' id='word_1_156' title='bbox 1076 2246 1393 2400; x_wconf 66' lang='lat' dir='ltr'><strong>tttttttltltt</strong></span> <span class='ocrx_word' id='word_1_157' title='bbox 1467 2377 1474 2428; x_wconf 40' lang='lat'>2</span> 
     </span>
     <span class='ocr_line' id='line_1_23' title="bbox 355 2419 1474 2507; baseline -0.004 -19"><span class='ocrx_word' id='word_1_158' title='bbox 355 2443 425 2488; x_wconf 82' lang='lat' dir='ltr'><strong>esse</strong></span> <span class='ocrx_word' id='word_1_159' title='bbox 453 2422 569 2488; x_wconf 89' lang='lat' dir='ltr'><strong>sciunt.</strong></span> <span class='ocrx_word' id='word_1_160' title='bbox 616 2420 668 2504; x_wconf 89' lang='lat' dir='ltr'><strong>Illi</strong></span> <span class='ocrx_word' id='word_1_161' title='bbox 695 2435 802 2488; x_wconf 87' lang='lat' dir='ltr'><strong>autern</strong></span> <span class='ocrx_word' id='word_1_162' title='bbox 832 2420 1012 2488; x_wconf 85' lang='lat' dir='ltr'><strong>felicitatem</strong></span> <span class='ocrx_word' id='word_1_163' title='bbox 1040 2433 1111 2488; x_wconf 82' lang='lat' dir='ltr'><strong>sunt</strong></span> <span class='ocrx_word' id='word_1_164' title='bbox 1139 2423 1256 2505; x_wconf 78' lang='lat' dir='ltr'><strong>adepti,</strong></span> <span class='ocrx_word' id='word_1_165' title='bbox 1282 2419 1396 2507; x_wconf 85' lang='lat' dir='ltr'><strong>quibus</strong></span> <span class='ocrx_word' id='word_1_166' title='bbox 1473 2433 1474 2494; x_wconf 60' lang='grc' dir='ltr'>ζ</span> 
     </span>
     <span class='ocr_line' id='line_1_24' title="bbox 356 2506 1396 2586; baseline -0.003 -14"><span class='ocrx_word' id='word_1_167' title='bbox 356 2507 594 2574; x_wconf 82' lang='lat' dir='ltr'><strong>honestissimus</strong></span> <span class='ocrx_word' id='word_1_168' title='bbox 615 2511 690 2572; x_wconf 85' lang='lat' dir='ltr'><strong>vitae</strong></span> <span class='ocrx_word' id='word_1_169' title='bbox 712 2507 797 2586; x_wconf 86' lang='lat' dir='ltr'><strong>finis,</strong></span> <span class='ocrx_word' id='word_1_170' title='bbox 813 2521 849 2574; x_wconf 89' lang='lat' dir='ltr'><strong>ut</strong></span> <span class='ocrx_word' id='word_1_171' title='bbox 870 2529 956 2575; x_wconf 90' lang='lat' dir='ltr'><strong>nunc</strong></span> <span class='ocrx_word' id='word_1_172' title='bbox 978 2509 1045 2574; x_wconf 85' lang='lat' dir='ltr'><strong>istis</strong></span> <span class='ocrx_word' id='word_1_173' title='bbox 1066 2511 1203 2586; x_wconf 81' lang='lat' dir='ltr'><strong>mortuis,</strong></span> <span class='ocrx_word' id='word_1_174' title='bbox 1219 2506 1309 2572; x_wconf 86' lang='lat' dir='ltr'><strong>vobis</strong></span> <span class='ocrx_word' id='word_1_175' title='bbox 1324 2527 1396 2570; x_wconf 83' lang='lat' dir='ltr'><strong>vero</strong></span> 
     </span>
     <span class='ocr_line' id='line_1_25' title="bbox 356 2592 1474 2682; baseline -0.002 -24"><span class='ocrx_word' id='word_1_176' title='bbox 356 2615 476 2660; x_wconf 78' lang='lat' dir='ltr'><strong>moeror</strong></span> <span class='ocrx_word' id='word_1_177' title='bbox 498 2593 634 2682; x_wconf 75' lang='lat' dir='ltr'><strong>obtigit:</strong></span> <span class='ocrx_word' id='word_1_178' title='bbox 655 2607 688 2658; x_wconf 89' lang='lat' dir='ltr'><strong>et</strong></span> <span class='ocrx_word' id='word_1_179' title='bbox 707 2593 826 2680; x_wconf 88' lang='lat' dir='ltr'><strong>quibus</strong></span> <span class='ocrx_word' id='word_1_180' title='bbox 848 2595 957 2662; x_wconf 90' lang='lat' dir='ltr'><strong>datum</strong></span> <span class='ocrx_word' id='word_1_181' title='bbox 979 2609 1038 2672; x_wconf 84' lang='lat' dir='ltr'><strong>est,</strong></span> <span class='ocrx_word' id='word_1_182' title='bbox 1054 2609 1116 2660; x_wconf 82' lang='lat' dir='ltr'><strong>&#39;ut</strong></span> <span class='ocrx_word' id='word_1_183' title='bbox 1137 2617 1238 2661; x_wconf 81' lang='lat' dir='ltr'><strong>comm</strong></span> <span class='ocrx_word' id='word_1_184' title='bbox 1253 2594 1318 2658; x_wconf 87' lang='lat' dir='ltr'><strong>vlta</strong></span> <span class='ocrx_word' id='word_1_185' title='bbox 1331 2592 1396 2658; x_wconf 87' lang='lat' dir='ltr'><strong>feli·</strong></span> <span class='ocrx_word' id='word_1_186' title='bbox 1473 2601 1474 2606; x_wconf 77' lang='grc'>’</span> 
     </span>
     <span class='ocr_line' id='line_1_26' title="bbox 356 2679 1474 2765; baseline 0.001 -18"><span class='ocrx_word' id='word_1_187' title='bbox 356 2681 436 2748; x_wconf 87' lang='lat' dir='ltr'><strong>citer</strong></span> <span class='ocrx_word' id='word_1_188' title='bbox 449 2693 521 2746; x_wconf 84' lang='lat' dir='ltr'><strong>acta</strong></span> <span class='ocrx_word' id='word_1_189' title='bbox 535 2681 655 2765; x_wconf 78' lang='lat' dir='ltr'><strong>pariter</strong></span> <span class='ocrx_word' id='word_1_190' title='bbox 669 2693 700 2746; x_wconf 91' lang='lat' dir='ltr'><strong>et</strong></span> <span class='ocrx_word' id='word_1_191' title='bbox 722 2681 813 2746; x_wconf 88' lang='lat' dir='ltr'><strong>finita</strong></span> <span class='ocrx_word' id='word_1_192' title='bbox 827 2695 1002 2748; x_wconf 82' lang='lat' dir='ltr'><strong>censeatur.</strong></span> <span class='ocrx_word' id='word_1_193' title='bbox 1059 2681 1135 2748; x_wconf 90' lang='lat' dir='ltr'><strong>Scio</strong></span> <span class='ocrx_word' id='word_1_194' title='bbox 1149 2695 1254 2746; x_wconf 88' lang='lat' dir='ltr'><strong>autem</strong></span> <span class='ocrx_word' id='word_1_195' title='bbox 1270 2679 1399 2745; x_wconf 85' lang='lat' dir='ltr'><strong>difficile</strong></span> <span class='ocrx_word' id='word_1_196' title='bbox 1473 2743 1474 2748; x_wconf 73' lang='grc'>,</span> 
     </span>
     <span class='ocr_line' id='line_1_27' title="bbox 357 2763 1474 2854; baseline -0.003 -21"><span class='ocrx_word' id='word_1_197' title='bbox 357 2789 423 2833; x_wconf 82' lang='lat' dir='ltr'><strong>esse</strong></span> <span class='ocrx_word' id='word_1_198' title='bbox 444 2766 636 2853; x_wconf 84' lang='lat' dir='ltr'><strong>persuadere</strong></span> <span class='ocrx_word' id='word_1_199' title='bbox 657 2767 756 2847; x_wconf 87' lang='lat' dir='ltr'><strong>vobis,</strong></span> <span class='ocrx_word' id='word_1_200' title='bbox 774 2789 910 2854; x_wconf 89' lang='lat' dir='ltr'><strong>quorum</strong></span> <span class='ocrx_word' id='word_1_201' title='bbox 935 2782 1143 2834; x_wconf 81' lang='lat' dir='ltr'><strong>monumenta</strong></span> <span class='ocrx_word' id='word_1_202' title='bbox 1157 2767 1206 2834; x_wconf 91' lang='lat' dir='ltr'><strong>rel</strong></span> <span class='ocrx_word' id='word_1_203' title='bbox 1227 2767 1344 2852; x_wconf 81' lang='lat' dir='ltr'><strong>soepius</strong></span> <span class='ocrx_word' id='word_1_204' title='bbox 1366 2769 1397 2830; x_wconf 93' lang='lat' dir='ltr'><strong>in</strong></span> <span class='ocrx_word' id='word_1_205' title='bbox 1473 2763 1474 2818; x_wconf 74' lang='grc' dir='ltr'>Ῑ</span> 
     </span>
     <span class='ocr_line' id='line_1_28' title="bbox 358 2851 1473 2942; baseline -0.004 -22"><span class='ocrx_word' id='word_1_206' title='bbox 358 2853 494 2920; x_wconf 85' lang='lat' dir='ltr'><strong>aliorum</strong></span> <span class='ocrx_word' id='word_1_207' title='bbox 525 2852 620 2918; x_wconf 86' lang='lat' dir='ltr'><strong>rebus</strong></span> <span class='ocrx_word' id='word_1_208' title='bbox 657 2852 805 2919; x_wconf 78' lang='lat' dir='ltr'><strong>secundia</strong></span> <span class='ocrx_word' id='word_1_209' title='bbox 834 2851 1002 2932; x_wconf 84' lang='lat' dir='ltr'><strong>habebitis,</strong></span> <span class='ocrx_word' id='word_1_210' title='bbox 1033 2855 1149 2942; x_wconf 84' lang='lat' dir='ltr'><strong>quibus</strong></span> <span class='ocrx_word' id='word_1_211' title='bbox 1177 2877 1235 2920; x_wconf 83' lang='lat' dir='ltr'><strong>ros</strong></span> <span class='ocrx_word' id='word_1_212' title='bbox 1272 2875 1399 2940; x_wconf 85' lang='lat' dir='ltr'><strong>quoque</strong></span> <span class='ocrx_word' id='word_1_213' title='bbox 1472 2931 1473 2938; x_wconf 6' lang='grc' dir='ltr'>ἵ</span> 
     </span>
     <span class='ocr_line' id='line_1_29' title="bbox 357 2938 1473 3030; baseline 0 -25"><span class='ocrx_word' id='word_1_214' title='bbox 357 2940 518 3027; x_wconf 86' lang='lat' dir='ltr'><strong>quondam</strong></span> <span class='ocrx_word' id='word_1_215' title='bbox 535 2938 751 3007; x_wconf 83' lang='lat' dir='ltr'><strong>exsultabatis.</strong></span> <span class='ocrx_word' id='word_1_216' title='bbox 775 2961 834 3006; x_wconf 87' lang='lat' dir='ltr'><strong>nec</strong></span> <span class='ocrx_word' id='word_1_217' title='bbox 848 2939 942 3007; x_wconf 91' lang='lat' dir='ltr'><strong>dolor</strong></span> <span class='ocrx_word' id='word_1_218' title='bbox 963 2944 1126 3028; x_wconf 80' lang='lat' dir='ltr'><strong>contingit,</strong></span> <span class='ocrx_word' id='word_1_219' title='bbox 1143 2963 1241 3028; x_wconf 90' lang='lat' dir='ltr'><strong>quum</strong></span> <span class='ocrx_word' id='word_1_220' title='bbox 1256 2941 1329 3028; x_wconf 87' lang='lat' dir='ltr'><strong>quis</strong></span> <span class='ocrx_word' id='word_1_221' title='bbox 1342 2941 1400 3005; x_wconf 89' lang='lat' dir='ltr'><strong>bo-</strong></span> <span class='ocrx_word' id='word_1_222' title='bbox 1472 2989 1473 3030; x_wconf 70' lang='lat'>3</span> 
     </span>
     <span class='ocr_line' id='line_1_30' title="bbox 357 3027 1473 3116; baseline -0.002 -24"><span class='ocrx_word' id='word_1_223' title='bbox 357 3029 418 3104; x_wconf 85' lang='lat' dir='ltr'><strong>nia,</strong></span> <span class='ocrx_word' id='word_1_224' title='bbox 433 3047 687 3113; x_wconf 79' lang='lat' dir='ltr'><strong>quoenunquam</strong></span> <span class='ocrx_word' id='word_1_225' title='bbox 713 3041 821 3094; x_wconf 84' lang='lat' dir='ltr'><strong>estex</strong></span> <span class='ocrx_word' id='word_1_226' title='bbox 862 3040 940 3106; x_wconf 80' lang='lat' dir='ltr'><strong>rsus,</strong></span> <span class='ocrx_word' id='word_1_227' title='bbox 956 3029 1118 3114; x_wconf 77' lang='lat' dir='ltr'><strong>privaturs</strong></span> <span class='ocrx_word' id='word_1_228' title='bbox 1142 3027 1312 3116; x_wconf 80' lang='lat' dir='ltr'><strong>aedquum</strong></span> <span class='ocrx_word' id='word_1_229' title='bbox 1330 3027 1400 3114; x_wconf 89' lang='lat' dir='ltr'><strong>quis</strong></span> <span class='ocrx_word' id='word_1_230' title='bbox 1472 3031 1473 3104; x_wconf 64' lang='lat' dir='ltr'>f</span> 
     </span>
     <span class='ocr_line' id='line_1_31' title="bbox 358 3109 1473 3200; baseline -0.001 -21"><span class='ocrx_word' id='word_1_231' title='bbox 358 3135 394 3180; x_wconf 81' lang='lat' dir='ltr'><strong>eu</strong></span> <span class='ocrx_word' id='word_1_232' title='bbox 422 3113 500 3178; x_wconf 78' lang='lat' dir='ltr'><strong>tono</strong></span> <span class='ocrx_word' id='word_1_233' title='bbox 529 3111 694 3198; x_wconf 85' lang='lat' dir='ltr'><strong>spoliatur,</strong></span> <span class='ocrx_word' id='word_1_234' title='bbox 724 3135 790 3200; x_wconf 91' lang='lat' dir='ltr'><strong>quo</strong></span> <span class='ocrx_word' id='word_1_235' title='bbox 832 3114 882 3178; x_wconf 90' lang='lat' dir='ltr'><strong>rui</strong></span> <span class='ocrx_word' id='word_1_236' title='bbox 910 3127 1126 3181; x_wconf 84' lang='lat' dir='ltr'><strong>consueverat.</strong></span> <span class='ocrx_word' id='word_1_237' title='bbox 1187 3113 1263 3180; x_wconf 90' lang='lat' dir='ltr'><strong>Hoc</strong></span> <span class='ocrx_word' id='word_1_238' title='bbox 1293 3127 1400 3180; x_wconf 69' lang='lat' dir='ltr'><strong>umen</strong></span> <span class='ocrx_word' id='word_1_239' title='bbox 1471 3109 1473 3170; x_wconf 71' lang='lat' dir='ltr'><strong>l</strong></span> 
     </span>
     <span class='ocr_line' id='line_1_32' title="bbox 359 3198 1473 3288; baseline 0 -22"><span class='ocrx_word' id='word_1_240' title='bbox 359 3221 417 3286; x_wconf 87' lang='lat' dir='ltr'><strong>ape</strong></span> <span class='ocrx_word' id='word_1_241' title='bbox 437 3198 574 3265; x_wconf 89' lang='lat' dir='ltr'><strong>aliorum</strong></span> <span class='ocrx_word' id='word_1_242' title='bbox 598 3221 725 3288; x_wconf 89' lang='lat' dir='ltr'><strong>quoque</strong></span> <span class='ocrx_word' id='word_1_243' title='bbox 754 3199 928 3266; x_wconf 83' lang='lat' dir='ltr'><strong>liberorum</strong></span> <span class='ocrx_word' id='word_1_244' title='bbox 951 3201 1152 3268; x_wconf 86' lang='lat' dir='ltr'><strong>tolerandum</strong></span> <span class='ocrx_word' id='word_1_245' title='bbox 1175 3213 1222 3267; x_wconf 87' lang='lat' dir='ltr'><strong>est</strong></span> <span class='ocrx_word' id='word_1_246' title='bbox 1250 3199 1324 3278; x_wconf 88' lang='lat' dir='ltr'><strong>illis,</strong></span> <span class='ocrx_word' id='word_1_247' title='bbox 1348 3199 1403 3288; x_wconf 89' lang='lat' dir='ltr'><strong>qui</strong></span> <span class='ocrx_word' id='word_1_248' title='bbox 1471 3201 1473 3242; x_wconf 69' lang='lat'><em>³</em></span> 
     </span>
     <span class='ocr_line' id='line_1_33' title="bbox 358 3284 1404 3374; baseline 0.001 -24"><span class='ocrx_word' id='word_1_249' title='bbox 358 3308 416 3372; x_wconf 90' lang='lat' dir='ltr'><strong>per</strong></span> <span class='ocrx_word' id='word_1_250' title='bbox 429 3297 555 3352; x_wconf 78' lang='lat' dir='ltr'><strong>oetatem</strong></span> <span class='ocrx_word' id='word_1_251' title='bbox 572 3284 688 3352; x_wconf 90' lang='lat' dir='ltr'><strong>liberos</strong></span> <span class='ocrx_word' id='word_1_252' title='bbox 710 3286 818 3352; x_wconf 92' lang='lat' dir='ltr'><strong>adhuc</strong></span> <span class='ocrx_word' id='word_1_253' title='bbox 831 3287 991 3374; x_wconf 79' lang='lat' dir='ltr'><strong>suscipere</strong></span> <span class='ocrx_word' id='word_1_254' title='bbox 1005 3302 1149 3374; x_wconf 81' lang='lat' dir='ltr'><strong>possunt.</strong></span> <span class='ocrx_word' id='word_1_255' title='bbox 1194 3287 1278 3354; x_wconf 84' lang='lat' dir='ltr'><strong>Nam</strong></span> <span class='ocrx_word' id='word_1_256' title='bbox 1295 3287 1404 3352; x_wconf 82' lang='lat' dir='ltr'><strong>lutura</strong></span> 
     </span>
     <span class='ocr_line' id='line_1_34' title="bbox 358 3371 1472 3458; baseline 0.002 -20"><span class='ocrx_word' id='word_1_257' title='bbox 358 3371 483 3438; x_wconf 85' lang='lat' dir='ltr'><strong>soboles</strong></span> <span class='ocrx_word' id='word_1_258' title='bbox 511 3385 544 3436; x_wconf 88' lang='lat' dir='ltr'><strong>et</strong></span> <span class='ocrx_word' id='word_1_259' title='bbox 576 3373 730 3458; x_wconf 88' lang='lat' dir='ltr'><strong>privatim</strong></span> <span class='ocrx_word' id='word_1_260' title='bbox 757 3371 981 3440; x_wconf 79' lang='lat' dir='ltr'><strong>defunctorum</strong></span> <span class='ocrx_word' id='word_1_261' title='bbox 1016 3374 1208 3442; x_wconf 83' lang='lat' dir='ltr'><strong>oblivionem</strong></span> <span class='ocrx_word' id='word_1_262' title='bbox 1239 3373 1403 3440; x_wconf 84' lang='lat' dir='ltr'><strong>nonnullis</strong></span> <span class='ocrx_word' id='word_1_263' title='bbox 1471 3435 1472 3440; x_wconf 73' lang='grc'>,</span> 
     </span>
     <span class='ocr_line' id='line_1_35' title="bbox 357 3458 1405 3548; baseline 0 -24"><span class='ocrx_word' id='word_1_264' title='bbox 357 3458 484 3536; x_wconf 71' lang='grc' dir='ltr'><strong>ιίῖοτεῑς</strong></span> <span class='ocrx_word' id='word_1_265' title='bbox 528 3470 578 3524; x_wconf 77' lang='lat' dir='ltr'><strong>&#39;et</strong></span> <span class='ocrx_word' id='word_1_266' title='bbox 609 3458 793 3545; x_wconf 84' lang='lat' dir='ltr'><strong>reipublicae</strong></span> <span class='ocrx_word' id='word_1_267' title='bbox 815 3459 960 3527; x_wconf 87' lang='lat' dir='ltr'><strong>bifariam</strong></span> <span class='ocrx_word' id='word_1_268' title='bbox 983 3463 1139 3546; x_wconf 84' lang='lat' dir='ltr'><strong>proderit,</strong></span> <span class='ocrx_word' id='word_1_269' title='bbox 1163 3476 1231 3528; x_wconf 90' lang='lat' dir='ltr'><strong>tum</strong></span> <span class='ocrx_word' id='word_1_270' title='bbox 1253 3460 1332 3548; x_wconf 85' lang='lat' dir='ltr'><strong>quia</strong></span> <span class='ocrx_word' id='word_1_271' title='bbox 1362 3461 1405 3524; x_wconf 86' lang='lat' dir='ltr'><strong>ud</strong></span> 
     </span>
     <span class='ocr_line' id='line_1_36' title="bbox 357 3541 1404 3636; baseline 0 -26"><span class='ocrx_word' id='word_1_272' title='bbox 357 3548 443 3610; x_wconf 82' lang='lat' dir='ltr'><strong>urbis</strong></span> <span class='ocrx_word' id='word_1_273' title='bbox 463 3541 689 3629; x_wconf 77' lang='lat' dir='ltr'><strong>frequentiam,</strong></span> <span class='ocrx_word' id='word_1_274' title='bbox 704 3569 746 3611; x_wconf 91' lang='lat' dir='ltr'><strong>ne</strong></span> <span class='ocrx_word' id='word_1_275' title='bbox 761 3548 880 3612; x_wconf 86' lang='lat' dir='ltr'><strong>deserta</strong></span> <span class='ocrx_word' id='word_1_276' title='bbox 905 3547 1114 3636; x_wconf 85' lang='lat' dir='ltr'><strong>relinquatur,</strong></span> <span class='ocrx_word' id='word_1_277' title='bbox 1131 3549 1311 3613; x_wconf 83' lang='lat' dir='ltr'><strong>tumetium</strong></span> <span class='ocrx_word' id='word_1_278' title='bbox 1327 3545 1404 3636; x_wconf 89' lang='lat' dir='ltr'><strong>quia</strong></span> 
     </span>
    </p>

    <p class='ocr_par' dir='ltr' id='par_1_4' title="bbox 358 3630 1403 3722">
     <span class='ocr_line' id='line_1_37' title="bbox 358 3630 1403 3722; baseline 0.002 -24"><span class='ocrx_word' id='word_1_279' title='bbox 358 3630 401 3698; x_wconf 90' lang='lat' dir='ltr'><strong>ad</strong></span> <span class='ocrx_word' id='word_1_280' title='bbox 447 3631 454 3644; x_wconf 86' lang='lat'>&#39;</span> <span class='ocrx_word' id='word_1_281' title='bbox 507 3631 692 3716; x_wconf 70' lang='lat' dir='ltr'><strong>presidium</strong></span> <span class='ocrx_word' id='word_1_282' title='bbox 713 3632 865 3700; x_wconf 83' lang='lat' dir='ltr'><strong>conferet.</strong></span> <span class='ocrx_word' id='word_1_283' title='bbox 911 3633 997 3700; x_wconf 86' lang='lat' dir='ltr'><strong>Fieri</strong></span> <span class='ocrx_word' id='word_1_284' title='bbox 1019 3636 1105 3700; x_wconf 87' lang='lat' dir='ltr'><strong>enim</strong></span> <span class='ocrx_word' id='word_1_285' title='bbox 1127 3657 1193 3701; x_wconf 91' lang='lat' dir='ltr'><strong>non</strong></span> <span class='ocrx_word' id='word_1_286' title='bbox 1214 3648 1331 3722; x_wconf 82' lang='lat' dir='ltr'><strong>potest,</strong></span> <span class='ocrx_word' id='word_1_287' title='bbox 1357 3645 1403 3709; x_wconf 81' lang='lat' dir='ltr'><strong>ut,</strong></span> 
     </span>
    </p>

    <p class='ocr_par' dir='ltr' id='par_1_5' title="bbox 358 3653 1472 3810">
     <span class='ocr_line' id='line_1_38' title="bbox 358 3653 1472 3810; baseline 0 -26"><span class='ocrx_word' id='word_1_288' title='bbox 358 3719 414 3807; x_wconf 89' lang='lat' dir='ltr'><strong>qui</strong></span> <span class='ocrx_word' id='word_1_289' title='bbox 422 3653 546 3784; x_wconf 50' lang='lat' dir='ltr'><strong>dberos</strong></span> <span class='ocrx_word' id='word_1_290' title='bbox 561 3739 626 3784; x_wconf 91' lang='lat' dir='ltr'><strong>non</strong></span> <span class='ocrx_word' id='word_1_291' title='bbox 642 3717 772 3798; x_wconf 85' lang='lat' dir='ltr'><strong>habeut,</strong></span> <span class='ocrx_word' id='word_1_292' title='bbox 784 3741 866 3808; x_wconf 89' lang='lat' dir='ltr'><strong>quos</strong></span> <span class='ocrx_word' id='word_1_293' title='bbox 874 3742 938 3805; x_wconf 81' lang='lat' dir='ltr'><strong>pro</strong></span> <span class='ocrx_word' id='word_1_294' title='bbox 946 3724 1061 3805; x_wconf 83' lang='lat' dir='ltr'><strong>patria</strong></span> <span class='ocrx_word' id='word_1_295' title='bbox 1076 3721 1226 3808; x_wconf 89' lang='lat' dir='ltr'><strong>periculis</strong></span> <span class='ocrx_word' id='word_1_296' title='bbox 1239 3719 1404 3808; x_wconf 84' lang='lat' dir='ltr'><strong>objiciant,</strong></span> <span class='ocrx_word' id='word_1_297' title='bbox 1470 3725 1472 3810; x_wconf 70' lang='grc' dir='ltr'><em>ξ</em></span> 
     </span>
    </p>
   </div>
   <div class='ocr_carea' id='block_1_3' title="bbox 358 3933 1471 4324">
    <p class='ocr_par' dir='ltr' id='par_1_6' title="bbox 358 3933 1471 4134">
     <span class='ocr_line' id='line_1_39' title="bbox 392 3933 1404 4009; baseline 0.007 -24"><span class='ocrx_word' id='word_1_298' title='bbox 392 3933 398 3973; x_wconf 88' lang='lat'>¹</span> <span class='ocrx_word' id='word_1_299' title='bbox 409 3938 506 4000; x_wconf 83' lang='lat' dir='ltr'><strong>Quippe</strong></span> <span class='ocrx_word' id='word_1_300' title='bbox 516 3943 559 4002; x_wconf 85' lang='lat' dir='ltr'><strong>qui</strong></span> <span class='ocrx_word' id='word_1_301' title='bbox 570 3943 662 4002; x_wconf 82' lang='lat' dir='ltr'><strong>sciunt,</strong></span> <span class='ocrx_word' id='word_1_302' title='bbox 672 3957 745 4005; x_wconf 90' lang='lat' dir='ltr'><strong>quam</strong></span> <span class='ocrx_word' id='word_1_303' title='bbox 759 3945 831 3992; x_wconf 80' lang='lat' dir='ltr'><strong>variis</strong></span> <span class='ocrx_word' id='word_1_304' title='bbox 842 3945 937 3993; x_wconf 82' lang='lat' dir='ltr'><strong>casibus</strong></span> <span class='ocrx_word' id='word_1_305' title='bbox 949 3947 1025 3994; x_wconf 77' lang='lat' dir='ltr'><strong>sitnm</strong></span> <span class='ocrx_word' id='word_1_306' title='bbox 1040 3947 1215 4009; x_wconf 75' lang='lat' dir='ltr'><strong>transegerints</strong></span> <span class='ocrx_word' id='word_1_307' title='bbox 1233 3945 1332 3993; x_wconf 71' lang='lat' dir='ltr'><strong>felicem</strong></span> <span class='ocrx_word' id='word_1_308' title='bbox 1346 3951 1404 3986; x_wconf 65' lang='grc' dir='ltr'><strong>*σθ</strong></span> 
     </span>
     <span class='ocr_line' id='line_1_40' title="bbox 358 4005 1471 4074; baseline 0.009 -27"><span class='ocrx_word' id='word_1_309' title='bbox 358 4015 443 4048; x_wconf 85' lang='lat' dir='ltr'><strong>eorum</strong></span> <span class='ocrx_word' id='word_1_310' title='bbox 455 4019 507 4052; x_wconf 77' lang='lat' dir='ltr'><strong>esce</strong></span> <span class='ocrx_word' id='word_1_311' title='bbox 518 4013 618 4064; x_wconf 79' lang='lat' dir='ltr'><strong>sortem,</strong></span> <span class='ocrx_word' id='word_1_312' title='bbox 628 4011 717 4068; x_wconf 81' lang='lat' dir='ltr'><strong>quibus</strong></span> <span class='ocrx_word' id='word_1_313' title='bbox 728 4011 929 4068; x_wconf 69' lang='lat' dir='ltr'><strong>praeterluatmua</strong></span> <span class='ocrx_word' id='word_1_314' title='bbox 941 4011 998 4058; x_wconf 79' lang='lat' dir='ltr'><strong>siue</strong></span> <span class='ocrx_word' id='word_1_315' title='bbox 1010 4013 1074 4068; x_wconf 81' lang='lat' dir='ltr'><strong>finis,</strong></span> <span class='ocrx_word' id='word_1_316' title='bbox 1088 4020 1117 4061; x_wconf 88' lang='lat' dir='ltr'><strong>ut</strong></span> <span class='ocrx_word' id='word_1_317' title='bbox 1132 4025 1197 4060; x_wconf 90' lang='lat' dir='ltr'><strong>nunc</strong></span> <span class='ocrx_word' id='word_1_318' title='bbox 1207 4013 1270 4070; x_wconf 78' lang='lat' dir='ltr'><strong>latta,</strong></span> <span class='ocrx_word' id='word_1_319' title='bbox 1281 4005 1405 4056; x_wconf 74' lang='lat' dir='ltr'><strong>honestit·</strong></span> <span class='ocrx_word' id='word_1_320' title='bbox 1470 4019 1471 4074; x_wconf 29' lang='grc' dir='ltr'><strong>ᾗ</strong></span> 
     </span>
     <span class='ocr_line' id='line_1_41' title="bbox 359 4065 1020 4134; baseline 0.018 -24"><span class='ocrx_word' id='word_1_321' title='bbox 359 4065 436 4112; x_wconf 70' lang='lat' dir='ltr'><strong>draus</strong></span> <span class='ocrx_word' id='word_1_322' title='bbox 448 4083 505 4116; x_wconf 75' lang='lat' dir='ltr'><strong>vero</strong></span> <span class='ocrx_word' id='word_1_323' title='bbox 516 4081 615 4130; x_wconf 69' lang='lat' dir='ltr'><strong>moror,</strong></span> <span class='ocrx_word' id='word_1_324' title='bbox 625 4079 653 4119; x_wconf 88' lang='lat' dir='ltr'><strong>ut</strong></span> <span class='ocrx_word' id='word_1_325' title='bbox 665 4073 742 4128; x_wconf 84' lang='lat' dir='ltr'><strong>vobis,</strong></span> <span class='ocrx_word' id='word_1_326' title='bbox 754 4075 842 4134; x_wconf 76' lang='lat' dir='ltr'><strong>obtigit</strong></span> <span class='ocrx_word' id='word_1_327' title='bbox 853 4083 899 4122; x_wconf 86' lang='lat' dir='ltr'><strong>etc·</strong></span> <span class='ocrx_word' id='word_1_328' title='bbox 935 4077 1020 4124; x_wconf 76' lang='lat' dir='ltr'><strong>lluus.</strong></span> 
     </span>
    </p>

    <p class='ocr_par' dir='ltr' id='par_1_7' title="bbox 391 4131 1471 4196">
     <span class='ocr_line' id='line_1_42' title="bbox 391 4131 1471 4196; baseline 0.013 -20"><span class='ocrx_word' id='word_1_329' title='bbox 391 4131 411 4161; x_wconf 80' lang='lat'><strong>¹¹¹</strong></span> <span class='ocrx_word' id='word_1_330' title='bbox 423 4131 534 4180; x_wconf 84' lang='lat' dir='ltr'><strong>Eundem</strong></span> <span class='ocrx_word' id='word_1_331' title='bbox 544 4148 686 4196; x_wconf 84' lang='lat' dir='ltr'><strong>supremum</strong></span> <span class='ocrx_word' id='word_1_332' title='bbox 698 4151 769 4196; x_wconf 78' lang='lat' dir='ltr'><strong>agere</strong></span> <span class='ocrx_word' id='word_1_333' title='bbox 781 4144 805 4183; x_wconf 86' lang='lat' dir='ltr'><strong>et</strong></span> <span class='ocrx_word' id='word_1_334' title='bbox 815 4140 912 4187; x_wconf 82' lang='lat' dir='ltr'><strong>beatum</strong></span> <span class='ocrx_word' id='word_1_335' title='bbox 925 4143 983 4188; x_wconf 76' lang='lat' dir='ltr'><strong>vitus</strong></span> <span class='ocrx_word' id='word_1_336' title='bbox 994 4143 1068 4190; x_wconf 84' lang='lat' dir='ltr'><strong>diem.</strong></span> <span class='ocrx_word' id='word_1_337' title='bbox 1099 4143 1222 4191; x_wconf 71' lang='lat' dir='ltr'><strong>canterus.</strong></span> <span class='ocrx_word' id='word_1_338' title='bbox 1255 4139 1346 4187; x_wconf 71' lang='lat' dir='ltr'><strong>inan.</strong></span> <span class='ocrx_word' id='word_1_339' title='bbox 1470 4187 1471 4190; x_wconf 75' lang='grc'>,</span> 
     </span>
    </p>

    <p class='ocr_par' dir='ltr' id='par_1_8' title="bbox 359 4193 1471 4324">
     <span class='ocr_line' id='line_1_43' title="bbox 392 4193 1471 4266; baseline 0.013 -24"><span class='ocrx_word' id='word_1_340' title='bbox 392 4197 405 4225; x_wconf 79' lang='lat'><strong>¹¹</strong></span> <span class='ocrx_word' id='word_1_341' title='bbox 418 4195 450 4242; x_wconf 81' lang='lat' dir='ltr'><strong>Et</strong></span> <span class='ocrx_word' id='word_1_342' title='bbox 461 4199 519 4258; x_wconf 87' lang='lat' dir='ltr'><strong>reip.</strong></span> <span class='ocrx_word' id='word_1_343' title='bbox 531 4199 643 4246; x_wconf 76' lang='lat' dir='ltr'><strong>bituriam</strong></span> <span class='ocrx_word' id='word_1_344' title='bbox 655 4205 697 4254; x_wconf 82' lang='lat' dir='ltr'><strong>(sc.</strong></span> <span class='ocrx_word' id='word_1_345' title='bbox 710 4202 882 4249; x_wconf 83' lang='lat' dir='ltr'><strong>defunctorum</strong></span> <span class='ocrx_word' id='word_1_346' title='bbox 891 4205 1038 4253; x_wconf 84' lang='lat' dir='ltr'><strong>oblivionem</strong></span> <span class='ocrx_word' id='word_1_347' title='bbox 1049 4207 1134 4256; x_wconf 69' lang='lat' dir='ltr'><strong>amns</strong></span> <span class='ocrx_word' id='word_1_348' title='bbox 1142 4214 1161 4262; x_wconf 73' lang='lat' dir='ltr'><strong>e)</strong></span> <span class='ocrx_word' id='word_1_349' title='bbox 1179 4219 1266 4266; x_wconf 79' lang='lat' dir='ltr'><strong>nempe</strong></span> <span class='ocrx_word' id='word_1_350' title='bbox 1277 4203 1348 4252; x_wconf 78' lang='lat' dir='ltr'><strong>ssrbts</strong></span> <span class='ocrx_word' id='word_1_351' title='bbox 1356 4199 1405 4246; x_wconf 73' lang='lat' dir='ltr'><strong>sre-</strong></span> <span class='ocrx_word' id='word_1_352' title='bbox 1468 4193 1471 4256; x_wconf 81' lang='lat' dir='ltr'><strong>l</strong></span> 
     </span>
     <span class='ocr_line' id='line_1_44' title="bbox 359 4261 1469 4324; baseline 0.013 -18"><span class='ocrx_word' id='word_1_353' title='bbox 359 4261 459 4320; x_wconf 77' lang='lat' dir='ltr'><strong>quantia</strong></span> <span class='ocrx_word' id='word_1_354' title='bbox 469 4269 493 4308; x_wconf 89' lang='lat' dir='ltr'><strong>et</strong></span> <span class='ocrx_word' id='word_1_355' title='bbox 506 4265 610 4324; x_wconf 66' lang='lat' dir='ltr'><strong>prnsidli</strong></span> <span class='ocrx_word' id='word_1_356' title='bbox 622 4266 778 4314; x_wconf 77' lang='lat' dir='ltr'><strong>firmitudine.</strong></span> <span class='ocrx_word' id='word_1_357' title='bbox 813 4265 895 4314; x_wconf 73' lang='lat' dir='ltr'><strong>luam.</strong></span> <span class='ocrx_word' id='word_1_358' title='bbox 1468 4269 1469 4272; x_wconf 63' lang='grc'>’</span> 
     </span>
    </p>
   </div>
   <div class='ocr_carea' id='block_1_4' title="bbox 0 0 1511 4792">
    <p class='ocr_par' dir='ltr' id='par_1_9' title="bbox 0 0 1511 4792">
     <span class='ocr_line' id='line_1_45' title="bbox 0 0 1511 4792; baseline 0 0"><span class='ocrx_word' id='word_1_359' title='bbox 0 0 1511 4792; x_wconf 95' lang='lat' dir='ltr'><strong> </strong></span> 
     </span>
    </p>
   </div>
  </div>
 </body>
</html>
