3004 4768
269 495 330 542 cett.

358 319 422 376 516
730 309 1036 374 THUCYDIDIS

363 481 509 546 homines
523 501 590 546 ease
605 481 708 562 mites,
724 483 802 564 ipsis
822 481 1009 558 suadebant,
1024 494 1060 546 ut
1074 479 1178 563 stipsi
1194 479 1401 564 quiescerent,

255 559 342 673 {52¹}-
364 582 395 633 et
418 568 496 633 alios
512 571 545 632 in
558 569 659 656 officio
679 581 835 652 praeterea
857 569 1066 632 continerent.
1111 565 1264 631 Dicentes
1278 563 1356 642 fore,
1370 577 1405 628 ut

251 655 349 749 ohim,
364 657 585 740 quadrangmti
596 654 736 740 quinque
748 654 845 718 millia
854 657 963 719 civium
975 655 1189 741 designarent,
1200 665 1232 716 et
1242 673 1283 715 ex
1292 650 1406 714 borum

265 817 295 864 U.
309 823 337 866 G.

270 883 338 929 Vnrr.

272 947 329 1011 341.

261 753 338 814 aas.
365 743 498 825 pariaque
519 743 648 805 millium
670 761 804 804 numero
827 741 1052 832 quadringenti
1075 739 1231 825 pervices
1254 737 1407 801 constitu

365 825 1408 998 {llllhlllll'tllllllss'lll’ltll‘tialli‘iffl

915 960 925 992 2
1497 979 1498 988 l

367 1000 510 1064 hostibus
524 999 695 1065 traderent.
743 999 807 1063 His
822 1013 926 1064 autem
943 1000 1056 1075 verbis,
1072 1021 1146 1086 quae
1161 1021 1181 1062 a
1195 997 1307 1062 multis
1321 995 1406 1059 dice·

367 1087 493 1164 bantur,
505 1101 537 1150 et
548 1086 590 1151 ad
602 1085 718 1151 multos
726 1085 858 1165 fiebant,
870 1087 1016 1150 universa
1025 1099 1220 1151 armatorum
1237 1083 1410 1147 multitudo

365 1172 531 1257 placatior,
547 1194 643 1258 quarn
659 1187 734 1236 ante
747 1171 860 1249 suerat,
873 1172 997 1237 reddita
1007 1187 1066 1249 cst,
1082 1193 1120 1236 ac
1130 1171 1171 1234 de
1186 1169 1337 1234 universo
1352 1167 1410 1234 rei·
1497 1175 1498 1194 ³

367 1258 506 1343 publicae
527 1271 609 1323 statu
626 1259 765 1322 maxime
784 1259 925 1324 timebat.
972 1258 1016 1323 Et
1030 1259 1113 1322 inter
1128 1279 1181 1320 eos
1195 1256 1363 1336 convenit,
1377 1267 1410 1319 ut

367 1345 407 1409 ad
423 1345 539 1409 dictam
555 1355 728 1430 cenamque
740 1344 825 1409 diem
848 1345 880 1408 in
899 1344 1018 1410 Bacchi
1040 1341 1160 1428 templo
1180 1341 1357 1407 concilium
1372 1339 1411 1405 de

369 1432 542 1495 concordia
556 1430 737 1496 haberetur.

413 1525 467 1583 94.
488 1517 593 1581 ⁰Cum
606 1531 711 1581 autem
727 1518 851 1582 concilii
869 1518 900 1580 in
915 1516 1035 1582 Bacchi
1052 1517 1172 1601 templo
1186 1514 1330 1580 habendi
1346 1514 1409 1577 dies

370 1603 559 1680 advenisset,
568 1617 599 1668 et
611 1618 734 1668 tantum
746 1626 809 1667 non
823 1603 934 1668 concio
935 1604 1006 1688 jam
1016 1617 1126 1667 coacta
1133 1615 1224 1680 esset,
1232 1600 1410 1676 nuntiatur,

369 1689 439 1752 illas
453 1689 532 1754 duas
543 1703 574 1753 et
585 1690 795 1778 quadraginta
806 1712 901 1754 naves
915 1711 990 1754 cum
1009 1687 1256 1776 Hegesaudrida
1268 1686 1411 1771 Megaris

369 1775 530 1840 venientes
538 1777 733 1842 Salaminem
746 1799 874 1842 cursum
887 1788 1004 1841 tenere.
1042 1774 1264 1850 Quamobrem
1275 1773 1413 1858 quilibet

369 1883 410 1926 ex
425 1862 486 1926 illis
500 1863 606 1950 gravis
622 1877 793 1927 armaturas
811 1862 962 1927 militibus
978 1863 1040 1926 hoc
1055 1864 1158 1948 ipsum
1173 1883 1242 1924 esse
1259 1859 1409 1934 ducebat,

393 1948 455 2012 uod
466 1949 658 2034 jampridem
674 1948 915 2025 aTheramene‚
931 1963 964 2013 et
978 1948 1020 2014 ab
1035 1949 1082 2029 iis,
1097 1948 1152 2035 qni
1167 1967 1242 2010 cum
1258 1969 1300 2010 eo
1310 1961 1412 2022 erant,

369 1969 546 2112 llicebatur,
563 2035 648 2098 illam
664 2038 796 2100 classem
812 2036 960 2100 adversm
971 2034 1055 2098 illam
1073 2033 1283 2098 munitionem
1293 2033 1413 2109 venire,

370 2133 403 2184 et
417 2124 487 2185 t’deo
497 2123 562 2186 lroec
576 2121 810 2186 utiliterdiruta
820 2121 915 2186 luisse
925 2119 1101 2186 ridebatur.
1148 2118 1416 2203 Hegesandridas

372 2219 477 2272 autem
493 2205 625 2272 forsitan
642 2208 771 2293 quidem
787 2229 826 2272 ex
843 2209 1020 2292 composito
1031 2221 1063 2273 et
1077 2207 1196 2270 circum
1211 2205 1417 2290 Epidaurum

371 2307 403 2357 ot
417 2294 538 2356 circum
554 2292 608 2358 ille
623 2294 694 2358 loca
708 2293 909 2371 versabatur;
932 2295 985 2358 sed
997 2306 1104 2358 tamen
1119 2291 1273 2357 credibile
1288 2293 1419 2356 ridetur

371 2379 566 2464 csse,ipsum
583 2381 676 2446 etiam
700 2391 833 2466 propter
854 2393 1042 2465 praesentem
1060 2378 1311 2445 Atheniensium
1333 2379 1418 2442 sedi-

371 2467 504 2544 tionem,
519 2481 550 2530 et
564 2469 727 2530 adductum
747 2468 795 2530 sui
810 2467 983 2552 opportuni
1000 2465 1154 2531 adventus
1173 2487 1239 2550 spe,
1255 2463 1324 2528 illic
1341 2467 1416 2528 sub·

371 2553 496 2617 stitisse.
542 2553 751 2617 Athenienses
765 2573 851 2632 vero,
866 2566 1034 2640 postquam
1058 2554 1112 2616 ltcc
1132 2552 1208 2638 ipsis
1227 2551 1414 2615 nuntiatum

372 2654 431 2718 est,
445 2637 610 2702 confestim
628 2640 768 2702 universi
783 2640 881 2704 citato
895 2661 989 2704 cursu
1005 2640 1039 2703 in
1056 2639 1216 2704 Piraeeum
1237 2636 1417 2702 contende·

373 2739 458 2799 runt,
482 2725 589 2809 equod
615 2725 732 2788 bellum
756 2726 965 2790 domesticum
991 2747 1054 2790 non
1078 2738 1158 2789 esset
1182 2725 1297 2810 majus,
1320 2745 1418 2809 quam

373 2810 461 2897 qnod
471 2811 510 2874 ab
522 2809 665 2875 hostibus
677 2811 881 2890 inferebatur,
894 2812 980 2900 quod
994 2833 1057 2876 non
1069 2809 1193 2896 procul,
1203 2824 1238 2874 at
1249 2809 1294 2874 ad
1311 2811 1418 2894 ipsum

373 2909 501 2980 portum
525 2909 616 2960 esset.
661 2897 882 2973 Quamobrem
906 2897 959 2962 olii
984 2897 1113 2984 quidem
1136 2919 1239 2973 naves,
1257 2919 1334 2983 quae
1359 2895 1417 2960 ad·

374 2997 475 3060 crant,
490 2983 755 3063 conscendebant,
772 2986 824 3050 alii
842 3007 917 3049 vero
938 2983 1014 3048 alias
1036 2983 1248 3060 deducebant,
1265 2982 1417 3047 nonnulli

374 3069 467 3134 etiam
484 3071 644 3222 allflmums
659 3082 691 3134 et
701 3087 812 3156 portus
826 3071 943 3137 ostium
958 3070 1000 3137 ad
1010 3071 1073 3134 vim
1083 3068 1231 3134 hostilem
1242 3069 1418 3134 arcendam

374 3177 504 3222 accurre
549 3171 592 3221 nt.

418 3253 471 3309 95.
495 3246 538 3308 At
565 3242 864 3328 Peloponnesiorum
890 3242 998 3308 classis
1022 3244 1207 3322 adventans,
1229 3255 1263 3308 et
1277 3243 1420 3310 Sunim

375 3331 595 3408 circumvecta,
625 3342 753 3414 portum
784 3331 868 3392 inter
892 3329 1069 3394 Thoricum
1099 3345 1133 3395 et
1157 3328 1283 3394 Prasias
1306 3328 1420 3394 subiit.

380 3415 493 3479 Postea
507 3437 583 3480 vero
598 3416 745 3500 Oropum
762 3415 893 3502 appulit.
940 3416 1148 3482 Athenienses
1164 3431 1272 3482 autem
1288 3419 1422 3502 raptim,

377 3515 408 3564 et
425 3503 471 3578 iis,
487 3503 542 3586 qni
558 3503 598 3566 ad
620 3523 732 3566 manue
754 3517 854 3579 erant,
871 3503 974 3567 nautis
997 3504 1043 3567 uti
1063 3502 1176 3579 coacti,
1192 3504 1314 3590 quippe
1328 3503 1421 3589 quod
1500 3513 1501 3536 ³

376 3587 486 3650 civitas
507 3587 662 3653 seditione
684 3588 853 3669 laboraret,
869 3603 899 3652 et
919 3592 999 3655 cives
1020 3591 1052 3653 in
1075 3591 1218 3653 maximo
1239 3591 1424 3654 descrimine

371 3676 481 3754 positi,
505 3673 592 3738 rebus
614 3677 675 3739 suis
697 3697 791 3759 opens
812 3675 956 3739 celeriter
981 3674 1063 3739 ferre
1077 3675 1195 3741 vellent
1216 3678 1306 3759 (nam
1331 3675 1421 3761 quod

377 3759 487 3824 Attica
507 3760 680 3824 interclusa
695 3775 786 3841 esset,
802 3762 941 3845 ipsorum
958 3762 1061 3826 omnia
1081 3783 1152 3846 spes
1162 3763 1194 3824 in
1208 3761 1336 3826 Euboea
1349 3775 1421 3825 erat

376 3847 503 3929 posita),
519 3845 760 3932 'lhymocharin
783 3846 896 3911 ducem
912 3867 985 3913 cum
1002 3848 1101 3912 classe
1115 3850 1148 3911 in
1166 3847 1328 3912 Eretriam
1344 3849 1421 3910 mit·

377 3946 458 3997 tunt.
502 3932 588 4009 Quae
611 3955 684 3998 cum
707 3936 780 3997 illuc
799 3933 1003 4019 pervenisset,
1019 3956 1094 4000 cum
1110 3933 1173 4000 illis
1189 3935 1329 4012 accidua
1346 3957 1423 4020 quae

408 4125 420 4151 ⁰
437 4121 485 4169 Ubi
496 4137 553 4169 vero
564 4123 593 4168 ad
604 4124 682 4170 sedem
695 4123 782 4168 Bacchi
796 4129 896 4170 ventum
908 4129 946 4170 est
955 4129 1001 4170 ete.
1027 4125 1103 4172 Valla.

409 4190 421 4227 Ρ
438 4187 565 4248 Tanquam
579 4189 668 4236 bellum
680 4188 839 4235 domesticum
850 4186 940 4250 majus,
953 4203 1027 4248 quam
1039 4191 1135 4246 hostile,
1148 4203 1192 4236 nec
1202 4189 1369 4248 longinquum
1382 4191 1425 4234 red

376 4259 432 4296 autc
444 4259 540 4310 portum
551 4261 620 4298 essct.
646 4253 717 4298 l'ullu.
747 4251 829 4314 lllsjus
841 4255 956 4300 intestino
967 4257 1099 4302 certamine
1108 4256 1138 4300 ab
1150 4255 1261 4301 hostibus
1270 4254 1364 4300 bellum
1375 4267 1426 4299 nott

377 4317 457 4375 longe,
469 4317 510 4362 sed
521 4317 552 4362 ad
563 4325 661 4375 portum
673 4319 755 4365 adesse
767 4319 823 4366 rati.
852 4319 961 4367 Aeacius.
