2990 4792
328 301 388 360 tes
670 293 974 360 THUCYDIDIS

231 477 291 528 aut
324 464 453 550 pionem
479 463 566 530 illem
595 464 753 544 acoolunt,
785 464 913 553 Scythis
942 475 1016 530 suut
1043 461 1182 543 finitimi,
1208 473 1241 529 et
1273 463 1366 532 eultu

220 543 303 606 ΜΨ
323 551 451 628 similes,
467 565 639 638 munesque
653 552 808 652 sagittarii
822 565 990 638 equestres
1025 550 1187 616 Praeterea
1198 549 1367 616 Thracum

211 609 310 734 61⁰ssst
324 650 561 790 thpntmomm,
576 639 632 724 qui
650 659 715 787 stusl
734 637 858 726 legibus
874 639 993 738 vivunt,
1009 651 1041 702 et
1062 636 1188 710 ensiferi
1203 649 1294 737 sunt,
1310 637 1368 736 qui

221 737 299 911 “ti-'0⁴3
326 735 1369 896 sttffi‘ttttttttttttttltt'ttsbttnlzt

235 882 297 982 ᾖξ’]
323 896 378 961 alii
391 919 467 962 vero
490 896 661 964 voluntarii
684 908 784 974 erent,
801 897 858 984 qui
871 897 1009 962 Sitaleen
1032 894 1118 960 ultro
1140 897 1369 980 sequebantur.

237 987 241 996 '
324 981 479 1048 Esoeavit
504 983 600 1048 etiarn
626 982 797 1070 Agrianas,
824 995 857 1048 et
886 982 1012 1058 Ieaeoa,
1037 994 1070 1048 et
1098 996 1228 1047 ceteras
1257 996 1369 1066 gentes

325 1069 503 1146 Pmouioea,
519 1069 635 1157 quibus
657 1070 843 1153 imperabat.
866 1079 961 1154 atque
976 1068 1011 1132 bi
1025 1068 1184 1152 Agrianes
1197 1070 1295 1134 toties
1307 1069 1369 1132 im-

323 1155 405 1241 perii
422 1169 515 1221 eraut
530 1155 645 1233 ultimi,
662 1178 761 1241 usque
776 1154 817 1220 ad
833 1155 978 1231 Graoeos,
995 1165 1028 1218 et
1042 1153 1157 1218 Ieoeoe
1173 1153 1320 1232 Paeonas,
1335 1165 1369 1220 et

326 1246 528 1324 Strymonem
550 1241 694 1322 flurium,
719 1242 774 1327 qui
796 1263 838 1306 ex
862 1241 993 1308 Stomio
1011 1251 1120 1305 moute
1138 1261 1197 1325 per
1219 1243 1368 1319 Graaeos,

323 1341 356 1394 et
372 1327 485 1394 Leaeos
498 1329 579 1392 fluit.
602 1327 657 1394 ubi
672 1339 741 1392 erat
756 1327 910 1392 terminus
924 1327 1051 1411 imperii
1070 1329 1110 1390 sb
1124 1349 1162 1390 ea
1177 1339 1279 1410 parte,
1294 1350 1370 1414 quse

324 1428 447 1501 spectat
464 1415 615 1490 Paeones3
647 1413 703 1500 qui
720 1414 880 1498 jamsunt
901 1413 1056 1498 suijuris.
1084 1425 1117 1476 at
1140 1412 1182 1477 eb
1204 1435 1243 1477 ea
1265 1425 1368 1498 parte,

324 1522 398 1587 quae
413 1500 576 1564 Triballoa
590 1511 721 1585 spectat,
737 1499 792 1586 qui
807 1511 839 1564 et
858 1499 919 1584 ipsi
933 1511 1010 1564 sunt
1024 1500 1073 1564 sui
1086 1499 1179 1585 juris,
1196 1511 1271 1564 sunt
1286 1500 1370 1564 Tre-

324 1609 385 1664 ree,
405 1598 438 1652 et
461 1587 493 1650 Τ
495 1585 602 1665 ilatoei,
624 1586 681 1672 qui
706 1585 879 1650 terminant
904 1587 1073 1670 imperium.
1120 1584 1170 1650 Hi
1195 1597 1303 1650 eutem
1327 1586 1369 1651 ed

324 1671 587 1758 septentrionales
612 1672 732 1738 Soomii
747 1671 865 1736 montis
886 1683 991 1756 partes
1014 1669 1171 1747 habitent,
1187 1683 1220 1735 et
1242 1693 1261 1736 a
1285 1672 1372 1737 Solis

325 1758 499 1826 occidentis
521 1758 664 1843 pastibus
687 1758 875 1842 pertingunt
898 1779 999 1844 usque
1021 1755 1062 1822 ad
1079 1755 1213 1822 Osoiutn
1235 1757 1369 1824 flumen.

324 1845 388 1912 hoc
402 1859 508 1912 autem
524 1844 596 1910 fluit
609 1865 651 1908 ex
665 1842 777 1910 eodem
796 1855 914 1920 monte,
930 1865 973 1910 ex
986 1863 1051 1928 quo
1068 1842 1186 1909 Nestus
1200 1855 1233 1908 et
1248 1842 1368 1922 Ebrus,

325 1931 379 1996 bie
398 1943 505 1998 sutem
529 1951 620 1996 mous
634 1942 682 1996 eat
704 1940 737 1995 et
758 1929 903 1997 desertus
924 1942 956 1994 et
979 1947 1126 2016 magnus,
1140 1941 1174 1994 et
1196 1929 1371 2016 Rhodope

327 2021 335 2035 '
361 2029 465 2086 nctus.

321 2041 423 2174 J”97-
448 2106 524 2172 Fuit
537 2117 644 2171 autem
659 2105 859 2192 Odrysarum
884 2106 927 2170 im
971 2104 1053 2169 riurn
1078 2103 1313 2192 magnitudine,
1328 2103 1371 2170 ad

197 2235 209 2244 -
326 2211 416 2257 mare
440 2193 570 2278 quidem
595 2191 792 2278 pertingens,
818 2191 861 2256 ab
889 2212 929 2257 ur
995 2191 1133 2257 Abderis
1158 2191 1199 2256 ad
1228 2191 1372 2256 Pontum

328 2274 505 2354 Euxinum,
519 2277 559 2342 ad
574 2297 644 2342 earn
658 2299 757 2362 usque
766 2291 901 2362 partem,
916 2299 981 2364 qua
996 2277 1078 2343 Ister
1088 2277 1203 2342 fluvius
1217 2276 1274 2340 ini
1316 2297 1371 2344 um

328 2363 446 2429 influit.
491 2363 577 2428 Hoec
599 2383 666 2440 ora,
688 2385 752 2450 que
771 2385 884 2428 cursus
906 2362 1241 2449 compendiosissimus
1287 2376 1372 2442 atur,

327 2449 404 2514 nevi
416 2449 555 2516 rotunda
565 2461 669 2535 potest
680 2449 805 2527 ambiri,
818 2450 844 2512 si
857 2461 968 2515 ventus
981 2449 1113 2535 apuppi
1124 2469 1248 2535 semper
1258 2449 1371 2535 spiret,

328 2547 467 2623 quatuor
479 2535 605 2602 dierum
627 2549 658 2601 et
673 2535 806 2600 totidem
830 2537 971 2601 noctium
994 2535 1106 2621 spolio.
1152 2535 1272 2600 Itinere
1295 2557 1375 2600 vero

327 2623 561 2708 terrestrique
583 2620 934 2706 compendiosissimam
949 2633 998 2686 est
1019 2622 1090 2698 iter,
1110 2621 1152 2686 ab
1168 2620 1308 2687 Abderis
1330 2621 1373 2686 sd

328 2707 447 2772 Istrum
463 2708 513 2772 vir
526 2707 693 2790 expeditus
715 2707 799 2772 intra
814 2706 963 2773 undecim
984 2706 1052 2772 dies
1067 2707 1234 2792 pervenire
1253 2721 1373 2794 potest.

328 2805 425 2879 etque
438 2793 506 2879 ejus
520 2793 650 2879 quidem
674 2791 844 2880 longitudo
858 2813 946 2858 mere
961 2815 1068 2859 versus
1089 2792 1161 2860 baee
1181 2806 1261 2859 erat.
1309 2794 1374 2862 Per

328 2879 399 2945 loos
415 2901 489 2946 vero
503 2879 744 2956 mediterranea,
760 2902 779 2944 a
796 2879 952 2965 Byzantio
966 2877 1008 2944 ad
1030 2877 1154 2957 Leon..
1170 2893 1202 2945 et
1223 2881 1263 2944 sd
1281 2882 1374 2967 Stry-

328 2984 457 3030 monem
472 2965 563 3049 (bino
576 2966 663 3033 enim
684 2965 887 3052 longissimus
906 2978 954 3031 eat
968 2989 989 3030 a
1010 2967 1091 3032 mari
1110 2978 1230 3032 tractae
1251 2967 1287 3031 in
1300 2967 1375 3032 loca

329 3051 573 3132 mediterranea)
599 3051 703 3118 sistor
726 3051 894 3136 expeditus
923 3051 1008 3116 intra
1036 3051 1189 3118 tredecim
1217 3052 1288 3117 dies
1312 3054 1378 3119 iter

329 3137 489 3206 eonfioere
502 3150 617 3224 potest.
663 3137 836 3202 Tributum
852 3156 989 3224 quoque,
1004 3138 1092 3222 quod
1106 3137 1319 3227 colligebatur
1333 3163 1375 3204 ex

330 3237 401 3290 toto
423 3225 632 3290 barbarorum
656 3246 745 3311 agro,
771 3235 804 3288 et
828 3245 869 3288 ex
895 3223 1021 3290 Grecis
1045 3225 1227 3290 civitatibus
1252 3227 1374 3292 Seutbe
1436 3243 1438 3248 ·

328 3323 496 3398 regnante,
518 3311 586 3398 (qui
615 3323 688 3396 post
717 3309 867 3376 Sitsleem
898 3331 999 3400 regno
1030 3311 1148 3394 potitur
1168 3311 1203 3376 id
1232 3313 1377 3378 maxime

327 3399 429 3476 auxit)
446 3397 536 3464 omni
548 3397 619 3463 euri
633 3409 664 3462 et
674 3396 800 3484 argenti
815 3396 919 3482 pretio
933 3396 975 3462 sd
986 3395 1228 3464 estimationem
1240 3400 1375 3484 pecuni-

328 3504 421 3549 arum
443 3495 603 3560 reroosto,
626 3481 862 3570 qttadringente
882 3480 981 3548 ferme
1003 3485 1122 3548 talenta
1143 3483 1281 3550 valebat.
1295 3491 1299 3508 '
1314 3507 1375 3552 nee

327 3568 378 3634 bia
406 3570 558 3655 pauciora
582 3571 653 3634 euri
681 3580 713 3634 et
738 3569 863 3656 argenti
892 3589 1025 3634 munera
1053 3572 1117 3652 apsi
1144 3570 1373 3638 offarebsutm.

328 3655 494 3759 ‚Praeterea
506 3676 584 3720 vero
597 3666 630 3719 et
652 3676 751 3740 opera
764 3654 889 3757 tortilia
903 3654 1052 3756 etleevia,
1075 3655 1201 3760 dieque
1222 3657 1372 3743 supellex

328 3739 1374 3914 ttttbtusttttustrtttitiant

328 3912 500 3998 hujusmodi
524 3934 651 3978 munera
679 3913 843 3980 dubunutr.
887 3913 1009 4085 ἔξω]
1039 3915 1124 3980 enim
1152 3914 1251 4004 longo
1275 3915 1374 3984 aliem

328 3997 553 4083 uendiderunt,
599 4020 675 4065 uem
699 4018 773 4086 quae
798 4011 886 4066 esta

328 4083 409 4152 alios
433 4107 561 4172 quoque
577 4022 728 4170 iurares
749 4085 897 4152 moribus
920 4097 1134 4174 eet-reoepta3
1165 4099 1202 4154 ut
1223 4088 1375 4156 videlieet

328 4171 435 4255 potius
449 4173 617 4259 recipiant,
633 4193 729 4260 quam
752 4172 839 4238 dent.
885 4171 929 4239 Et
951 4175 1075 4276 turpius
1088 4189 1172 4253 eret,
1183 4175 1210 4240 'ei
1230 4175 1304 4264 quis
1318 4197 1374 4240 ro-

328 4269 421 4347 setus
435 4279 501 4330 non
514 4259 666 4342 dedisset,
680 4279 776 4346 quam
792 4258 904 4346 siquis
920 4281 988 4327 uon
1007 4266 1268 4352 smpetrseeetid,
1281 4265 1374 4354 quod

982 3997 1105 4080 Perses,
1127 4014 1161 4067 et
1184 4022 1259 4088 quae
1284 4003 1375 4090 opud
