2994 4788
414 253 681 342 'marorum
704 255 872 342 marn
1000 298 1004 304 ·
1103 283 1167 343 aas

139 441 177 508 ab
189 441 276 524 urbe,
292 466 365 532 quse
377 465 463 512 nunc
477 421 541 513 eat:
564 469 660 535 quam
677 447 795 534 Agnon
811 429 880 514 ideo
889 448 1013 514 vocavit
1028 444 1164 534 Amphi·
1193 468 1255 517 usu

139 527 240 612 polim,
255 531 360 618 rquod
375 555 394 596 a
410 535 583 620 Strymone
596 533 673 598 hinc
687 533 762 599 inde
780 533 959 612 allueretur,
974 547 1006 599 et
1020 535 1061 599 ab
1075 541 1163 600 utro·
1186 529 1270 595 ‘⁸¹⁰9-

159 637 194 679 ue
208 615 303 682 latere
317 621 513 708 cingeretur:
541 641 695 706 muroque
716 623 814 706 longo
829 621 958 687 afluvio
976 621 1161 688 eddanum
1175 614 1227 712 ΘΤ·
1238 601 1262 650 ⁸·

137 636 226 766 ducto
240 703 491 790 circumseptam,
508 704 711 792 conspicuam
728 727 815 770 mare
831 727 937 784 uersus
951 720 983 772 et
997 709 1161 774 continen-
1188 679 1273 778 εεζῗῖι.λ

136 797 193 850 tem
209 789 349 854 condidit
363 791 533 858 coloniam.
1188 793 1217 840 υ·
1229 795 1256 842 ⁰·

178 882 247 939 108.
269 873 420 940 Brasidas
441 876 541 977 igitur
554 876 664 940 cestris
683 897 724 940 ex
742 877 839 941 Arnis
858 877 927 964 egri
943 876 1160 944 Chalcidensis
1185 856 1259 970 ζξξ·

133 957 199 1022 urbe
213 961 317 1041 motis,
332 983 405 1026 cum
420 984 483 1027 surs
494 961 593 1048 copiis
607 960 757 1026 adversus
767 961 850 1028 hanc
860 963 964 1027 urbem
979 963 1158 1049 proficisce-
1187 953 1254 1036 ants

133 1041 230 1109 hatur.
257 1065 261 1070 ·
275 1045 406 1111 Etcum
421 1047 507 1113 circa
521 1047 594 1112 solis
608 1068 755 1112 occasum
770 1047 811 1112 ad
823 1047 983 1114 Aulonem
996 1051 1157 1134 pervenis·
1184 1051 1259 1100 anan

133 1142 185 1205 set,
200 1143 230 1194 et
247 1131 458 1214 Bromiscum,
472 1155 536 1220 qua
551 1133 654 1198 Bolbe
664 1146 811 1220 stagnum
826 1134 859 1198 in
869 1153 957 1198 mare
967 1133 1155 1223 ingreditur,
1171 1116 1272 1166 ”m

132 1232 339 1304 coenatusque,
353 1231 451 1284 noctu
466 1219 512 1285 ire
533 1221 684 1304 perrexit.
706 1218 825 1284 coelum
845 1235 951 1284 autem
966 1234 1034 1286 erat
1055 1221 1157 1286 turbi-

131 1299 211 1378 dum,
227 1318 258 1369 et
272 1305 386 1369 subnin
411 1305 501 1370 ebat:
524 1303 697 1392 quostiam
713 1303 872 1370 lubentius
886 1307 947 1370 iter
965 1321 1155 1392 susceperat,

131 1387 209 1472 quod
224 1327 514 1476 Amphipodtanos,
525 1389 580 1478 qui
594 1391 627 1454 in
640 1389 717 1455 urbe
727 1403 827 1468 erant,
840 1405 959 1475 praeter
967 1391 1155 1477 proditores,

129 1470 218 1538 latere
232 1474 335 1541 vellet
380 1475 465 1541 Nam
488 1479 521 1542 in
536 1499 573 1541 ee
594 1488 685 1541 eraut
698 1499 771 1542 cum
789 1476 985 1564 Argiliorum
1008 1479 1156 1558 nonnulli

132 1560 253 1648 (Argilii
275 1576 382 1627 autem
403 1576 477 1628 sunt
500 1561 697 1627 Andriorum
722 1562 841 1644 coloni)
867 1563 1064 1640 domicilium
1089 1565 1155 1631 iilic

129 1643 283 1724 habentes,
300 1659 367 1714 tum
383 1650 477 1712 etiam
498 1647 564 1729 alii,
579 1649 634 1734 qui
649 1647 840 1732 proditionis¹
850 1647 945 1713 hu'ua
960 1662 1051 1715 erant
1065 1651 1153 1730 socii,

128 1731 233 1814 partim
270 1733 377 1822 uidem
400 1727 601 1814 a'Perdicca,
615 1734 732 1820 partim
749 1755 824 1798 vero
845 1758 865 1798 a
887 1673 1152 1802 dbatcidensibus

128 1819 166 1880 ud
184 1755 425 1900 betheneium
447 1819 580 1884 inducti.
626 1819 690 1884 Sed
710 1819 907 1902 potissimum
932 1820 1060 1905 Argiiii,
1083 1833 1151 1904 tum

126 1904 204 1986 quod
218 1903 364 1989 proxime
377 1904 569 1982 habitarent,
584 1915 652 1968 tum
666 1905 752 2004 quod
765 1904 1012 1971 Atheniensibus
1027 1928 1152 1991 semper

126 2000 219 2053 essent
232 1989 382 2074 suspecti,
397 2004 429 2055 et
443 1990 519 2056 huic
536 1989 609 2055 urbi
622 1989 857 2071 insidiarentur,
879 2002 1044 2076 postquam
1058 2013 1150 2058 occa-

125 2071 167 2136 sio
179 2074 283 2141 oblata
298 2087 356 2158 est,
370 2090 401 2141 et
415 2076 562 2141 Brasidas
573 2076 719 2156 «advenit,
734 2077 789 2162 qui
803 2075 851 2140 rel
868 2075 970 2141 multo
983 2089 1056 2141 ante
1077 2100 1149 2165 ege·

124 2171 168 2224 ret
180 2181 249 2226 cum
264 2160 329 2225 iilis
344 2163 488 2248 Argiliis,
504 2161 559 2248 qui
572 2161 638 2225 illic
653 2160 820 2248 degebant,
832 2173 869 2226 ut
882 2161 958 2226 urba
968 2161 1148 2243 dederetur,

123 2255 193 2310 tunc
205 2247 238 2310 in
254 2249 408 2332 Argilam,
423 2268 510 2312 suom
523 2245 646 2324 urbem,
661 2269 733 2312 eum
748 2262 947 2331 receperunt,
962 2259 1080 2313 etcum
1094 2249 1150 2315 illa

122 2343 208 2397 nocte
234 2332 443 2400 defectionem
476 2333 518 2398 ab
546 2332 794 2398 Atheniensibus
822 2331 975 2411 fecissent,
1005 2335 1149 2400 Bruaidae

123 2420 220 2500 copias
234 2418 274 2483 ad
289 2418 379 2483 fluvii
393 2419 523 2504 pontem
538 2418 749 2484 deduxerunt.
794 2417 879 2484 Urbs
894 2433 1001 2485 autem
1016 2442 1037 2482 a
1058 2431 1149 2502 ponte

122 2500 207 2569 distat
225 2504 372 2590 emplius,
394 2525 489 2592 quam
509 2507 582 2588 ripa
595 2505 740 2591 flaminis
755 2504 796 2568 ab
816 2508 957 2586 opposita
977 2502 1063 2587 rapo,
1085 2527 1148 2592 qua

115 2607 169 2668 per
182 2591 308 2673 pontem
323 2601 389 2655 erat
407 2590 570 2656 transitus.
591 2611 651 2654 uec
664 2592 724 2654 atti
744 2590 828 2654 muri
842 2600 914 2654 tunc
927 2605 1017 2654 erant
1037 2592 1144 2670 erecti,

121 2675 380 2821 ‹pemedmodum
401 2697 505 2742 nunc:
532 2675 588 2740 red
602 2674 762 2763 quoddam
786 2675 945 2740 modicum
960 2676 1143 2761 praesidium

118 2757 129 2819 i
149 2761 157 2822 i
171 2761 358 2826 collocatum
374 2775 453 2828 erat.
497 2761 596 2838 Quod
610 2783 683 2826 cum
699 2759 789 2826 facile
804 2761 951 2826 Brasides
965 2761 1143 2847 repulisset,

118 2842 201 2910 simul
216 2848 419 2932 proditionis,
434 2847 528 2912 simul
550 2847 753 2933 tempestatis,
767 2848 859 2912 simul
874 2847 969 2912 etiam
993 2849 1144 2932 adrentus

118 2935 266 3015 repentini
279 2933 445 3009 beneficio,
458 2943 585 3017 pontem
598 2932 752 3012 transivit,
763 2944 795 2997 et
806 2933 1142 3018 Amphipolitanorum

117 3031 202 3082 extra
214 3021 316 3086 urbem
337 3018 548 3083 habitantium
570 3039 630 3094 res,
646 3040 718 3104 quae
732 3019 765 3081 in
782 3030 850 3082 toto
871 3018 927 3083 ilio
947 3019 1019 3083 loco
1040 3033 1141 3097 erant,

117 3102 213 3169 statim
227 3107 261 3170 in
273 3127 362 3170 suem
377 3115 565 3190 potestatem
581 3104 714 3191 redegit.

156 3197 224 3255 104.
249 3191 335 3256 Cum
348 3203 454 3257 autem
476 3193 542 3276 ejus
563 3191 713 3254 transitus
727 3187 798 3265 illis,
814 3190 869 3274 qui
890 3189 922 3252 in
947 3187 1026 3253 urbe
1040 3203 1140 3267 erant,

115 3271 290 3360 inopinatus
304 3275 476 3352 accidisset,
492 3287 524 3340 et
545 3297 667 3352 eorum,
685 3274 738 3360 qui
761 3285 851 3353 extra
865 3285 965 3350 erunt,
981 3273 1070 3338 multi
1087 3295 1140 3338 ce-

113 3374 268 3506 petentur,
285 3361 340 3426 alii
355 3383 429 3426 vero
443 3361 484 3426 ad
499 3383 608 3426 muros
622 3359 698 3449 suga
713 3381 747 3424 se
761 3360 947 3444 reciperent,
964 3357 1142 3444 Amphipo-

124 3444 195 3513 itani
209 3448 242 3513 in
257 3470 377 3534 magna
397 3445 608 3533 trepidatione
627 3445 790 3511 constituti
803 3446 940 3524 fuerunt,
962 3448 1142 3530 praesertim

114 3534 193 3615 quod
208 3546 322 3600 mutuo
336 3534 469 3619 suspecti
489 3545 604 3597 essent.
650 3532 770 3597 Ferunt
790 3543 899 3613 autem,
912 3531 1090 3609 Brasidern,
1112 3532 1140 3598 si

113 3635 180 3682 cum
202 3621 266 3684 suis
354 3620 392 3684 iis
413 3617 454 3682 ad
475 3617 616 3702 proedam
641 3639 674 3681 se
695 3628 878 3682 convertere
900 3617 1061 3696 noluisset,
1083 3617 1142 3684 sed

112 3701 149 3766 ad
162 3705 274 3771 urbem
290 3727 326 3769 su
350 3706 395 3769 ito
409 3703 633 3779 contendisset,
646 3703 789 3768 omnium
804 3703 955 3788 opinione
963 3725 1033 3788 cem
1044 3702 1140 3768 fuisse

112 3801 284 3872 capturum.
327 3789 401 3855 Jem
424 3809 501 3854 vero
519 3789 702 3854 illecastris
725 3791 771 3853 ibi
791 3789 913 3874 positis,
936 3790 970 3853 iu
993 3811 1041 3866 ea,
1065 3811 1140 3875 quae

111 3885 195 3940 extra
211 3888 314 3954 erant,
337 3876 539 3940 excursiones
557 3873 641 3950 fecit,
664 3887 787 3940 etcum
809 3895 866 3959 per
888 3897 952 3954 eoa,
973 3875 1028 3960 qui
1052 3874 1138 3938 intus

111 3973 205 4041 erant,
227 3961 310 4026 nihil
335 3961 395 4046 ipsi
416 3960 609 4039 succederet,
631 3960 905 4044 quemadmodum
924 3961 1136 4044 exspectabat,

110 4045 232 4130 quievit.
278 4046 345 4124 Qui
359 4068 432 4112 vero
453 4045 668 4132 proditoribus
682 4058 774 4111 erant
795 4045 973 4121 adversarii,
988 4065 1063 4109 cum
1077 4065 1138 4108 nu·

140 4239 1022 4368 rmcmammmummtmpmemmum
1050 4240 1141 4290 nun.

596 4324 614 4368 S
