2982 4786
405 301 653 370 HISTORIAE
675 301 765 368 LIB.
789 302 850 370 Vi.
1095 313 1158 374 εδδ

127 471 168 538 sis
187 471 256 537 eliis
281 472 471 552 oratoribus,
481 473 544 559 ⁴qui
563 473 723 553 dicebant,
739 487 816 541 tuuc
835 472 964 560 quidem
985 473 1047 559 ipsi
1068 475 1158 542 nuris·
1191 489 1253 540 usu.

127 557 263 646 gundum
279 580 358 636 esse,
373 580 477 644 neque
490 559 719 645 profectionem
734 559 970 646 retardandum,
986 559 1043 626 sed
1057 581 1160 626 rever·
1183 555 1266 616 ΜΨ

126 665 193 710 sum
207 645 249 710 ud
263 645 347 710 diem
367 643 487 710 dictum
510 645 661 712 'odicium
683 647 881 713 subiturum:
904 643 1053 713 volebant
1072 648 1158 712 enirn
1175 620 1274 746 ὃῗῇὲῖζ,

123 751 194 796 euru
210 732 329 818 mujure
341 751 417 795 cum
432 669 562 810 invidie,
578 753 674 820 quarn
689 732 751 817 ipsi
765 733 888 798 obtenti
901 731 1027 798 facilius
1042 733 1161 800 confi»
1186 747 1262 798 σω.

126 818 186 882 turi
220 830 322 894 erunt,
353 831 535 883 revocatum
564 831 597 882 et
624 839 784 884 reversum
804 818 928 906 judicio
956 818 1160 886 contundere.
1189 813 1258 924 μ’

124 902 233 979 omre
271 903 377 980 laeuis,
393 915 431 968 us
445 902 625 969 Alcibiades
638 903 750 970 abiret.
1195 887 1262 992 ἐξ·

166 997 218 1053 80.
242 925 359 1054 docter
373 1011 460 1068 vero,
475 1002 585 1056 estete
594 991 661 1077 jorn
678 989 793 1068 medin,
809 987 917 1054 elusis
932 989 1162 1074 portusolrens
1198 1021 1259 1069 pm

121 1073 155 1138 iu
167 1073 307 1166 Siceiium
322 1076 473 1162 navigare
486 1077 595 1160 ooepit.
641 1075 805 1160 Plerisque
815 1087 921 1140 autem
936 1077 1073 1142 sociiut
1084 1099 1162 1144 oue»
1178 1085 1275 1137 ³¹1³·ss

125 1161 213 1224 rsriis
238 1160 372 1226 nuribus
392 1177 604 1226 commeatum
627 1162 775 1238 vecturis,
790 1175 822 1226 et
836 1162 1003 1226 nimbus
1016 1161 1162 1250 nangis,

120 1247 346 1332 etquicunque
356 1259 513 1331 proetereu
521 1261 692 1334 sppurutus
702 1247 924 1324 comitabatur,
936 1261 1010 1312 unte
1019 1269 1163 1334 precep-

122 1343 191 1394 tuur
209 1330 323 1410 fueret,
339 1344 375 1398 ut
397 1331 572 1420 Corcyrurn
599 1333 816 1411 convenirent,
839 1347 876 1400 nt
890 1333 978 1398 illinc
991 1355 1103 1400 ornnes
1120 1335 1163 1400 ri·-

122 1416 189 1481 tnui
215 1417 343 1482 Ionium
366 1418 408 1482 ud
427 1418 597 1506 Jupygium
621 1419 878 1504 promontorium
900 1421 1162 1486 transmitterent.

122 1502 191 1586 lpsi
206 1516 314 1568 eutem
332 1503 551 1583 Athenienses,
566 1517 599 1569 et
619 1507 645 1568 si
673 1506 727 1591 qui
750 1507 909 1570 sociorum
926 1505 1073 1582 ederunt,
1088 1527 1163 1572 cunr

119 1587 162 1652 sd
173 1589 294 1653 dietum
309 1589 394 1654 diem
410 1591 442 1654 iu
461 1590 620 1655 Piraeeoru
641 1589 888 1670 descendissent,
904 1591 1009 1675 primo
1022 1591 1165 1658 diluculo

120 1695 219 1739 neres
233 1673 366 1760 implere
381 1690 557 1762 coeperunt,
570 1689 607 1740 ut
620 1675 654 1740 in
669 1676 769 1742 ultum
780 1676 949 1741 ferrentur.
996 1678 1080 1742 Corn
1094 1679 1165 1764 qui·

120 1759 181 1824 bns
205 1783 271 1826 unu
289 1761 454 1828 descendit
477 1763 582 1827 omnis
606 1767 721 1847 (prope
744 1761 899 1842 dixerim)
915 1764 1019 1840 turbu,
1042 1787 1116 1850 quse
1131 1764 1164 1828 iu

118 1846 203 1911 urbe
228 1859 306 1923 erut,
321 1861 392 1912 tum
414 1848 542 1926 civium,
557 1861 626 1912 turn
648 1847 902 1936 peregrinorum.
948 1847 993 1913 Et
1013 1849 1073 1933 ipsi
1095 1851 1165 1934 qui·-

117 1931 196 1996 denr
213 1933 330 1997 Auicae
345 1933 482 2020 regionis
505 1932 629 2010 inculte,
644 1946 679 1998 ut
701 1955 776 1998 suos
796 1933 916 2020 quique
934 1954 1165 2019 prosequeren-

116 2031 188 2172 {tt
204 2018 575 2189 ‘hhtqdhfi‘pe‘ffldiiiss
593 2019 1166 2189 ffrls‘z’nttttzhtw

196 2189 339 2276 quidem,
356 2189 441 2276 quod
456 2125 515 2255 ¹ies
534 2192 604 2255 ilius
624 2193 744 2257 Siculus
759 2194 791 2254 in
806 2211 897 2254 suurn
912 2203 1100 2275 potestatem
1115 2213 1167 2255 re·

115 2211 255 2341 &tum
271 2275 310 2339 iri
333 2289 515 2362 sperarent3
539 2277 685 2341 lumentis
705 2298 790 2354 vero,
807 2275 891 2363 quod
914 2276 1108 2354 dubitarent,
1124 2299 1166 2342 sn

117 2383 269 2448 unquam
284 2365 418 2446 amplisu
431 2385 499 2429 suos
513 2365 587 2428 illuc
599 2374 701 2428 uenter
715 2377 819 2428 essent
834 2363 945 2428 visuri:
966 2364 1044 2448 quie
1057 2383 1167 2428 secum

111 2449 183 2533 ipsi
200 2448 403 2533 reputabunt,
419 2470 516 2535 quum
530 2448 643 2534 procul
663 2448 704 2513 ub
718 2451 791 2533 agri
803 2449 852 2512 rui
873 2448 990 2513 fluibus
1003 2449 1168 2514 mitteren-

115 2549 187 2599 tur.
1079 2577 1080 2580 =

164 2629 225 2686 31.
249 2619 294 2685 Et
312 2621 346 2684 in
368 2621 548 2706 presentie,
564 2643 637 2686 cunr
660 2620 714 2686 alii
736 2618 814 2684 ulios
834 2642 910 2684 cunr
933 2620 1083 2706 periculis
1099 2621 1168 2705 jem

117 2719 241 2774 mutuo
271 2706 413 2772 relicturi
441 2720 556 2788 essent,
585 2707 729 2792 periculo
757 2720 833 2771 tunc
861 2706 1062 2772 inurentem
1093 2706 1169 2790 ipsis

112 2792 229 2944 ragis
242 2791 421 2871 veniebant,
438 2813 532 2878 quum
547 2813 647 2880 quum
668 2791 1004 2944 hunchpcditiopem
1019 2791 1170 2942 dgtoemt

214 2901 224 2943 r
654 2901 668 2941 r

114 2892 753 3051 ,rshntth‘th‘ttgtttztttt
773 2893 1049 3048 diffidis
1062 2901 1172 3028 emt.

114 3052 220 3132 beot,
243 3053 352 3115 mam
376 3051 557 3137 spectaculo
577 3051 699 3115 unimus
722 3049 958 3132 recolligebant
1005 3049 1172 3136 Paegriui

114 3159 219 3216 vero,
235 3150 267 3201 et
281 3149 397 3202 cetera
416 3137 588 3202 multitudo
609 3137 651 3202 ud
672 3135 887 3220 spectaculum
912 3134 1064 3216 perrexit,
1080 3148 1116 3199 ut
1130 3135 1172 3200 ud

111 3247 192 3290 rem
209 3223 282 3286 'risu
298 3223 440 3311 dignam,
455 3245 494 3288 uc
509 3223 660 3308 opinione
682 3222 843 3306 mojorem.
890 3220 958 3284 Hic
973 3221 1057 3284 euim
1072 3243 1172 3306 uppu-

113 3323 231 3389 rutus,
251 3309 307 3394 qui
329 3310 452 3394 primus
472 3331 513 3374 ex
534 3329 597 3374 unu
617 3307 744 3372 civitate
765 3327 837 3370 cum
864 3307 1051 3371 Graecorum
1073 3307 1174 3391 copiis

110 3395 291 3484 profectus
304 3409 361 3473 est,
378 3395 645 3461 sumtuosissimus
659 3407 754 3480 utque
768 3392 1099 3474 magnificentissimus
1114 3391 1174 3458 fuit

111 3481 290 3560 omnium,
313 3482 370 3568 qui
391 3482 432 3546 ud
456 3482 543 3546 illurn
564 3481 646 3546 diem
668 3503 708 3544 ex
732 3477 855 3544 Graecs‘r
874 3478 1052 3542 ciuitatibus
1072 3480 1175 3546 mou

93 3571 266 3656 firmet.
312 3565 397 3632 Num
421 3568 550 3633 nuvium
575 3581 608 3632 et
633 3565 739 3650 gruris
760 3577 932 3628 urmuturae
955 3563 1091 3628 rnilitum
1113 3585 1173 3628 nu-

111 3674 234 3729 mero,
250 3666 281 3717 et
302 3652 356 3717 iile
376 3665 559 3739 upprorutus,
578 3652 634 3740 qui
655 3673 729 3716 eum
754 3649 878 3716 Pericle
899 3651 932 3714 in
955 3671 1070 3738 ugrum
1094 3649 1174 3734 Epi·

110 3739 283 3807 dsuetum
308 3741 414 3804 missso
442 3751 496 3820 est,
519 3756 552 3804 et
580 3742 662 3804 alter
689 3737 753 3814 ille,
777 3736 833 3823 qui
861 3755 934 3800 curn
967 3739 1104 3823 Agnone
1132 3736 1174 3800 ed

112 3824 315 3892 Potidaeum
344 3827 450 3890 missso
479 3837 534 3905 est,
563 3847 629 3889 nou
659 3836 727 3889 erut
757 3821 889 3886 inferior
916 3824 973 3886 hoc
1005 3832 1173 3905 apparatu.

112 3913 221 3979 Nam
244 3912 278 3973 s'n
300 3912 355 3974 illo
376 3927 467 3976 erunt
488 3934 529 3976 ex
553 3913 629 3996 ipsis
654 3907 899 3974 Atheniensibus
919 3920 1055 3993 quotuor
1077 3906 1176 3971 millia

108 3998 270 4066 militum
287 3999 425 4082 graviter
439 4010 647 4075 armatorum,
657 4011 690 4060 et
704 3995 838 4060 trecenti
852 3995 984 4078 equites,
999 4007 1031 4056 et
1045 4003 1175 4056 centnm

111 4085 291 4159 triremes,
306 4097 339 4147 et
355 4083 543 4149 Lesbiorum
559 4095 655 4168 utque
670 4080 824 4144 Chiorum
840 4077 1080 4165 qninquaginta,
1092 4099 1176 4161 prus·

109 4187 227 4238 terea
240 4167 331 4232 multi
345 4169 421 4233 socii
443 4169 483 4234 ud
507 4168 640 4234 eundern
663 4165 897 4252 expeditionem
914 4160 1063 4228 cumillis
1080 4163 1177 4245 profi-

110 4251 347 4324 eiscebuntur.
394 4256 458 4322 Sed
482 4258 620 4321 Pericles
645 4263 676 4317 et
699 4255 810 4338 Agnou
833 4253 866 4314 in
893 4251 1021 4314 brevem
1046 4248 1177 4331 expedi·

616 4347 702 4404 ru?
