2964 4786
323 287 387 348 sss
668 243 995 344 'rnucrnrnrs

227 469 290 518 neu
322 403 407 514 sallo
419 448 612 533 praeclusum
627 449 842 514 muniverunt.
887 449 933 516 Et
952 471 1025 513 cum
1041 449 1169 528 scirent,
1187 448 1367 514 Athenien-

217 533 303 594 ?³¹⁰b
323 559 371 602 ses
396 535 481 619 apud
510 536 639 600 Naxum
663 533 854 621 hybernare,
870 557 943 600 cum
967 534 1186 620 frequentibus
1207 538 1311 620 copiis
1324 559 1367 601 ex

210 597 308 723 3ῗῇὲέ
323 622 411 687 omni
426 621 522 686 totius
536 620 647 706 populi
663 619 775 686 ordine
789 620 941 701 collectis,
956 621 1191 706 expeditionem
1214 623 1367 688 adsersus

219 725 294 773 ana
324 709 478 773 Catanam
498 721 733 791 susceperunt,
759 706 804 771 Et
823 707 964 792 ipsorum
984 730 1097 807 agrurn
1124 721 1303 784 vastarunt,
1323 721 1366 786 et,

218 790 250 838 ὓ·
264 793 291 838 ⁰·
323 793 565 860 Atheniensium
582 793 795 858 tabernaculis
809 794 983 880 castrisque
1004 795 1149 870 incensis,
1165 794 1301 859 domurn
1317 817 1367 859 re-

224 853 298 968 ζξὲ·
322 881 461 946 dierunt.
507 878 667 946 Praeterea
696 901 770 944 cum
795 878 1032 956 intellexissent,
1062 879 1274 944 Athenienses
1302 881 1366 945 Ca-

321 966 480 1030 merinam
493 965 615 1052 legatos
631 966 751 1030 misisse
765 978 845 1049 ‘pro
863 967 938 1050 jure
959 966 1118 1030 societatis
1140 989 1206 1030 nrm
1223 968 1365 1032 Camari-

322 1053 396 1118 naeis
411 1053 510 1129 initae,
527 1075 593 1138 quo
608 1065 751 1137 tempore
766 1051 891 1116 Lachm
906 1053 938 1115 in
957 1051 1099 1118 Siciliam
1111 1052 1152 1116 ab
1165 1052 1368 1118 Atheniensi·

320 1140 375 1204 bus
390 1161 455 1204 cum
469 1142 566 1206 classe
587 1141 694 1204 missus
715 1138 782 1214 ivit,
798 1139 825 1202 si
845 1159 911 1224 quo
936 1151 1031 1223 pacto
1052 1139 1137 1222 ipsos
1163 1139 1226 1203 sibi
1252 1140 1365 1225 adjun-

320 1248 397 1310 gere
421 1237 560 1310 possent,
585 1224 645 1308 ipsi
674 1246 801 1310 quoqne
827 1223 961 1290 vicissim
991 1223 1111 1311 legatos
1139 1246 1175 1288 eo
1198 1225 1366 1292 miserunt.

323 1309 517 1378 Camarinrei
531 1310 615 1374 enirn
642 1309 719 1394 ipsis
736 1322 829 1374 erant
851 1311 997 1395 suspecti,
1015 1332 1055 1372 nc
1079 1329 1144 1374 non
1159 1309 1310 1376 alacriter
1329 1334 1366 1376 ea

322 1397 399 1482 ipsis
422 1397 589 1472 misissent,
606 1417 679 1481 quae
701 1395 743 1460 sd
767 1396 961 1480 superiorem
984 1417 1126 1482 pugnam
1149 1397 1315 1472 miserant,
1336 1411 1367 1462 et

323 1505 364 1548 ne
386 1482 535 1566 deinceps
562 1504 582 1545 o
605 1504 655 1546 em
677 1481 760 1546 serre
778 1495 971 1558 recusarent,
986 1483 1062 1568 quia
1083 1481 1247 1560 videbant,
1266 1482 1366 1547 Athe-

322 1570 445 1636 nicnses
460 1569 494 1632 in
511 1504 627 1652 proelio
649 1589 716 1632 rem
741 1567 873 1634 feliciter
892 1568 1033 1654 gessisse,
1050 1568 1105 1632 sed
1127 1569 1241 1632 veteris
1256 1569 1366 1633 amici·

324 1655 378 1721 tite
387 1656 462 1740 jure
476 1651 605 1720 adducti
628 1677 661 1718 se
682 1653 757 1738 ipsis
773 1653 995 1739 adjungerent.
1041 1653 1124 1719 Cum
1147 1653 1249 1740 igitur
1269 1655 1367 1741 Syra-

323 1743 405 1806 cusis
428 1740 567 1828 quidem,
587 1738 824 1816 Hermocraten,
840 1739 958 1825 aliique
977 1740 1183 1804 Camerinam
1205 1742 1367 1824 pervenis-

324 1841 409 1902 καις
434 1829 475 1892 ab
490 1825 737 1892 Atheniensibus
753 1849 839 1904 vero,
858 1825 1044 1911 Euphemus
1066 1847 1140 1891 curn
1156 1827 1226 1891 aliis
1240 1831 1365 1914 collegis

323 1936 358 1978 eo
385 1915 473 1980 missi
486 1913 630 1998 fuissent
637 1947 649 1986 ,·
676 1907 916 1989 Hermocrates,
947 1927 1058 1978 coacto
1088 1911 1366 1978 Camarinaeorum

323 2000 470 2080 concilio,
486 2000 636 2084 majorem
652 1999 803 2064 invidiam
821 1997 1068 2064 Atheniensibus
1090 1998 1231 2065 conflare
1247 1999 1365 2077 volens,

323 2085 407 2150 hanc
422 2085 534 2150 habuit
548 2086 746 2150 orationem:

369 2178 421 2241 76.
446 2177 467 2213 “
484 2173 562 2236 Nou
585 2171 659 2236 ideo
679 2171 774 2257 legati
797 2172 835 2236 ad
857 2195 911 2237 vos
934 2194 1054 2251 sumus,
1074 2171 1133 2235 riri
1158 2172 1364 2250 Camarinaei,

324 2257 412 2344 quod
428 2279 602 2335 versemur,
617 2279 659 2322 ne
677 2258 887 2343 praesentibus
910 2259 1152 2324 Atheniensium
1175 2261 1282 2342 copiis
1305 2274 1367 2324 ter-

325 2344 478 2408 reamini:
501 2343 555 2408 sed
579 2344 685 2430 potius
713 2355 885 2421 metuentes,
913 2367 963 2421 ne,
987 2345 1169 2430 priusquam
1197 2345 1321 2432 aliquid
1347 2369 1366 2410 a

324 2430 418 2496 nobis
431 2452 558 2517 quoqne
579 2430 701 2495 dictum
725 2431 897 2505 audieritis,
914 2431 958 2495 illi
985 2430 1098 2506 verbis,
1115 2452 1188 2516 quoe
1210 2445 1288 2497 sunt
1302 2432 1365 2496 fac-

325 2517 401 2595 turi,
417 2516 506 2582 vobis
531 2539 592 2582 rem
618 2516 839 2602 persuadeant.
885 2517 1027 2581 Veniunt
1047 2517 1132 2581 enim
1156 2518 1190 2580 in
1213 2518 1366 2595 Siciliam,

326 2625 365 2668 eo
387 2604 710 2688 quidempraetextu,
749 2625 819 2666 uem
843 2603 983 2679 audistis,
1000 2625 1038 2668 eo
1059 2624 1135 2668 vero
1156 2605 1279 2683 animo,
1303 2627 1366 2691 quo

327 2711 437 2754 omnes
457 2689 663 2774 suspicamur.
710 2625 794 2753 dam
822 2710 885 2752 non
914 2689 1089 2754 Leontinos
1112 2690 1146 2752 in
1175 2713 1251 2755 suas
1278 2691 1367 2755 sedes

327 2775 510 2840 restituere:
533 2775 588 2838 sed
603 2775 708 2859 potius
724 2796 781 2838 nos
791 2797 829 2838 ex
842 2775 956 2838 nostris
970 2775 1097 2840 sedibus
1110 2775 1274 2860 expellere
1292 2776 1367 2842 relic

327 2862 406 2925 mibi
423 2863 577 2926 videntur.
624 2860 692 2924 Nec
708 2860 791 2926 enim
819 2861 934 2926 rationi
958 2873 1207 2926 consentancum
1230 2863 1366 2940 videtur,
1472 2885 1473 2888 ’

327 2971 392 3028 ecs,
408 2946 477 3011 illas
490 2946 619 3034 quidem
637 2945 740 3026 urbes,
764 2970 837 3033 quae
853 2947 916 3012 illic
931 2964 1013 3025 sunt,
1027 2963 1188 3026 evertere;
1212 2973 1267 3014 eas
1282 2971 1365 3026 vero,

329 3056 402 3120 quse
424 3033 477 3098 hic
498 3049 582 3111 sunt,
597 3037 732 3110 condere,
749 3045 779 3098 et
797 3035 912 3100 civium
929 3035 961 3099 in
978 3036 1125 3119 pristinas
1139 3035 1231 3100 sedes
1256 3037 1367 3102 reduc·

328 3134 434 3185 torum
457 3141 592 3184 numero
615 3119 791 3206 frequentes
812 3120 954 3186 reddere.
1001 3121 1043 3185 Et
1057 3121 1097 3184 de
1118 3122 1287 3187 Leontinis
1302 3126 1369 3208 qui·
1472 3127 1473 3186 Ϊ

329 3207 413 3283 dem,
430 3209 484 3293 qui
507 3219 581 3270 sunt
604 3206 839 3286 Chalcidenses,
855 3221 986 3291 propter
1007 3207 1208 3294 cognationis
1227 3211 1284 3294 jus
1299 3213 1370 3274 soli·

327 3295 408 3359 citos
424 3317 489 3358 esse
498 3317 508 3371 3
532 3292 756 3358 Chalcidenses
766 3314 851 3369 vero,
862 3293 916 3378 qni
928 3307 1000 3358 sunt
1015 3294 1047 3358 in
1065 3293 1205 3372 Euboea,
1219 3301 1370 3382 (quorum

325 3381 380 3446 isti
394 3397 467 3448 sunt
481 3379 600 3459 coloni)
616 3379 768 3444 servitute
789 3399 941 3462 premere.
988 3380 1051 3446 Sed
1071 3380 1184 3446 eadem
1200 3384 1329 3450 ratione
1342 3399 1371 3448 et

326 3489 378 3531 res
400 3469 469 3532 illas
490 3479 698 3551 occuparunt,
713 3477 746 3530 et
771 3487 820 3530 res
835 3465 909 3530 istas
934 3489 1019 3531 nunc
1034 3489 1183 3552 neumare
1202 3483 1369 3536 conantur.

330 3553 413 3618 Cum
437 3554 521 3618 enim
544 3568 576 3617 et
602 3553 707 3632 lones,
731 3553 903 3637 caeterique
928 3553 1017 3629 socii,
1044 3567 1203 3640 quotquot
1225 3557 1369 3640 ipsorum
1471 3547 1473 3562 ⁴

325 3652 419 3704 ¹erant
433 3639 549 3716 coloni,
566 3640 733 3720 imperium
750 3641 788 3702 ad
804 3661 858 3702 eos
873 3638 958 3702 ultro
972 3639 1167 3716 detulissent,
1180 3653 1218 3704 ut
1235 3641 1369 3708 Medum
1472 3651 1473 3702 ἓ

328 3724 563 3802 ulciscerentur,
580 3747 680 3790 eorum
696 3725 774 3790 alios
796 3725 936 3810 quidem,
952 3725 1085 3790 desertae
1107 3725 1234 3791 militiae
1250 3732 1367 3794 crimen

328 3813 407 3894 syrtis
423 3809 599 3886 inferentes,
623 3811 701 3875 alios
717 3833 801 3888 vero,
823 3811 910 3897 quod
927 3813 1008 3876 inter
1022 3833 1055 3874 se
1076 3812 1193 3877 bellum
1209 3829 1369 3901 gererent,

326 3908 513 3975 accusantes,
539 3897 617 3962 alios
641 3899 746 3975 etiam,
763 3913 860 3982 prout
883 3897 1014 3984 singulis
1036 3898 1167 3984 aliquod
1192 3903 1370 3983 speciosum

327 3996 420 4070 atque
435 3985 599 4068 probabile
620 3985 739 4049 crimen
764 3984 899 4068 objicere
921 3997 1081 4070 poterant,
1108 3988 1323 4066 criminantes,
1339 3989 1370 4050 in

326 4073 511 4138 servitutem
534 4071 738 4159 redegerunt.
784 4069 872 4157 Ergo
893 4093 995 4157 neque
1020 4071 1072 4135 isti
1086 4072 1290 4139 Atheninrses
1312 4097 1371 4160 pro

357 4274 370 4303 ·
386 4272 426 4316 Ad
437 4273 577 4318 societatem
587 4273 633 4317 sub
644 4271 749 4319 Lachete
759 4271 850 4318 factam
863 4272 1026 4319 renovandam
1037 4277 1082 4316 etc.
1103 4269 1214 4318 Aerrr'nr.
1244 4273 1330 4320 Hune.
