2990 4792
361 293 425 352 tao
732 287 1036 357 THUCYDIDIS

254 472 325 522 aen
352 458 445 523 :enim
460 479 534 524 eum
550 459 658 526 multis
670 460 742 528 eliis
756 463 789 528 in
804 464 900 529 rebus
918 461 1047 540 bellicis,
1063 475 1131 528 tom
1146 481 1222 525 vero
1235 459 1393 546 praecipue

256 538 337 598 ‘⁰¹⁰²
358 545 394 608 in
408 546 581 612 ⁴navalibus
603 547 819 631 eoudueuntrl
842 550 964 637 hosque
982 569 1043 635 pro
1064 569 1115 626 eo,
1137 569 1175 612 ac
1198 567 1247 610 res
1268 568 1289 611 s
1312 539 1408 612 vohis'
1493 605 1494 608 ,

238 604 345 729 Η,
360 644 435 696 ante
453 647 557 720 gestes
571 634 672 712 decet,
687 636 884 721 propulsato.
930 636 1091 722 Magnum
1112 647 1218 722 antem
1238 645 1394 700 munseo

257 731 331 780 ets
360 719 451 784 vohis
472 735 531 794 sut,
548 742 676 786 omnem
697 721 805 788 classis
823 743 912 808 spem
935 720 1177 808 Peloponnesiis
1195 723 1330 805 eripere,
1344 733 1395 788 aut

260 795 332 908 33⁰·
359 807 543 890 propiorem
565 808 660 873 maris
679 811 845 873 amittendi
865 821 985 874 metum
1005 805 1253 872 Atheniensibus
1276 807 1392 872 efferre.

252 901 255 908 '
266 877 329 978 32}
359 891 447 957 Illud
460 894 555 958 etism
575 894 692 960 iterum
712 893 802 959 vohis
821 895 854 958 in
869 894 1057 960 memoriam
1079 914 1205 970 revoco,
1222 893 1392 976 permultos

358 1001 469 1044 eorum
489 1001 510 1044 a
524 979 613 1044 vobis
634 993 799 1065 superstas
819 978 925 1048 inisse.
969 978 1123 1044 Virorum
1139 1001 1225 1058 vero,
1239 979 1296 1068 qui
1310 981 1395 1044 semel

357 1066 432 1130 victi
456 1064 594 1144 luerunt,
615 1067 714 1131 animi
739 1068 850 1132 eadem
874 1066 1016 1153 pericula
1040 1070 1149 1131 limen
1169 1067 1239 1152 pari
1262 1065 1394 1130 audseis

357 1153 464 1218 subire
478 1175 544 1218 non
561 1151 674 1220 solent.

401 1250 455 1306 90.
479 1239 676 1326 Hujusmodi
697 1241 801 1308 verhie
822 1255 854 1306 et
875 1242 943 1329 ipse
959 1240 1111 1308 Phormio
1123 1259 1199 1305 suos
1213 1249 1261 1305 est
1276 1238 1393 1305 adhor-

357 1339 451 1392 totus.
499 1327 723 1410 Peloponnesii
736 1350 825 1408 vero,
835 1330 985 1416 quoniam
1003 1327 1216 1393 Athenienses
1229 1325 1263 1390 in
1278 1325 1348 1392 sinu
1362 1340 1394 1392 et

352 1415 453 1478 erraris
472 1414 626 1496 angustiis
647 1427 760 1480 contre
781 1415 866 1500 ipsos
885 1437 951 1480 non
972 1411 1157 1490 tendebant,
1178 1435 1251 1478 cum
1271 1433 1325 1477 ees
1344 1414 1393 1478 in·

355 1501 436 1564 vitos
458 1499 491 1562 in
521 1501 625 1564 sinum
647 1501 827 1586 producere
848 1501 975 1582 vellent,
998 1501 1104 1588 stetim
1127 1499 1233 1585 primo
1254 1498 1393 1564 diluculo

354 1588 508 1652 instructa
520 1586 620 1652 classe
634 1587 669 1651 in
682 1587 821 1666 ordines,
833 1607 972 1674 quorum
986 1585 1104 1675 singuli
1119 1599 1289 1672 quaternas
1299 1606 1392 1651 nares

353 1671 526 1750 habehant,
542 1685 638 1759 portu
657 1672 822 1752 solventes,
838 1675 871 1738 in
893 1695 984 1740 sunm
1005 1695 1130 1762 agrum,
1146 1673 1231 1737 intra
1246 1673 1393 1738 Cnhmm

353 1760 459 1824 sinum
473 1760 624 1848 navigare
640 1773 819 1846 ooepemnt,
834 1761 949 1828 dextro
969 1781 1071 1825 cornu
1092 1758 1296 1845 prooedents,
1311 1759 1393 1824 sieut

353 1847 449 1911 etiam
465 1846 498 1910 in
521 1847 657 1912 statione
678 1859 840 1914 steterant.
885 1848 926 1912 ln
947 1845 1011 1912 hoo
1032 1859 1139 1913 autem
1159 1867 1264 1923 coms,
1279 1845 1310 1909 ν’
1335 1845 1343 1860 ’
1368 1845 1393 1910 ti

353 1953 449 1998 neres
461 1934 546 1998 maxi
550 1955 602 1998 ma
615 1932 777 2000 eeleritate
790 1933 941 2019 proditas
955 1935 1201 2011 constituerunt,
1214 1943 1260 2010 ut,
1272 1865 1394 1996 dignm

354 2020 519 2096 Phormio,
532 2033 619 2084 retus
634 2021 719 2105 ipsos
735 2015 940 2105 Neopeotum'
955 2043 1062 2086 versus
1076 2019 1218 2096 tendere,
1230 2019 1298 2103 ipse
1310 2037 1392 2105 qno·

352 2106 726 2208 quenhsoniterufaeueret,
749 2129 845 2194 opem
870 2107 1003 2186 laturus,
1028 2103 1240 2207 Athenienses
1261 2125 1392 2170 suarum

352 2213 481 2257 trevium
504 2213 743 2278 impressionem
766 2207 860 2260 extre
879 2215 971 2260 suum
992 2213 1092 2258 cornu
1112 2205 1213 2258 vitare
1231 2211 1297 2256 non
1316 2212 1392 2276 pos·

351 2292 437 2356 sente
460 2279 583 2344 sed2hre
599 2279 676 2366 ipsae
690 2301 785 2346 naves
796 2303 846 2346 eos
860 2280 1121 2348 intercluderent.
1161 2276 1221 2343 llle
1231 2297 1317 2354 vero,
1331 2275 1390 2359 (id,

351 2365 436 2452 quod
452 2365 499 2429 illi
517 2365 762 2452 exspectabant)
780 2381 922 2434 metuens
941 2363 1063 2453 oppido
1082 2363 1238 2452 presidiis
1255 2363 1390 2441 nudato,

349 2465 519 2603 tttttl
534 2453 630 2604 llll
644 2455 915 2624 tttttlttlt
928 2450 1391 2625 hliii’mimf‘issiffi

351 2625 454 2688 Simsd
488 2627 584 2690 etiem
620 2625 855 2692 Messeniorum
890 2625 1048 2713 peditatus
1077 2645 1165 2690 orem
1195 2621 1390 2688 maritimam

349 2723 499 2795 sequutm
519 2711 639 2790 ederat,
655 2726 692 2779 ut
711 2714 776 2778 suis
796 2735 889 2799 opem
909 2712 1014 2778 ferret.
1062 2709 1286 2796 Peloponnesii
1301 2730 1390 2788 vero,

349 2819 421 2860 cum
444 2819 498 2860 eos
517 2799 613 2862 unico
635 2819 736 2864 oorna
757 2801 856 2888 longa
872 2800 999 2864 navium
1022 2799 1114 2879 serie,
1131 2799 1174 2862 ita
1195 2811 1230 2861 ut
1249 2796 1390 2885 singula

348 2881 489 2968 singulas
503 2897 717 2970 sequerentur,
733 2899 765 2952 et
787 2887 848 2951 'am
871 2886 956 2950 intra
974 2886 1090 2962 sinum,
1105 2896 1138 2950 et
1151 2904 1253 2968 prope
1267 2895 1390 2948 terrem

346 2969 532 3056 navigantes
557 2971 716 3050 vidissent,
746 2909 803 3054 (id,
827 2972 915 3059 quod
942 2973 1079 3038 maxime
1101 2970 1290 3061 sumebant)
1320 2991 1391 3034 uno

347 3056 439 3142 signo
458 3071 587 3142 repente
605 3055 682 3122 doto
704 3079 800 3123 naves
821 3071 1051 3135 convertentes,
1066 3061 1173 3143 proris
1191 3054 1335 3121 adversis
1355 3059 1391 3120 iu

346 3140 556 3207 Athenienses
583 3142 659 3209 ferri
692 3158 869 3231 ooeperuot,
900 3157 1020 3232 quanta
1051 3143 1195 3208 maxima
1223 3139 1391 3208 celeritate

330 3228 482 3313 ¹quisque
506 3243 642 3313 poteret,
670 3253 843 3318 omnesque
870 3253 967 3296 naves
995 3254 1015 3295 s
1044 3255 1077 3296 se
1106 3231 1318 3314 interceptum
1347 3229 1390 3293 iri

345 3315 527 3478 {titii
543 3315 1391 3486 pititttttlilttitmtttttttlil’t

345 3498 457 3563 tentes,
470 3489 503 3550 in
515 3501 659 3572 apertum
675 3509 763 3554 mare
776 3488 945 3576 sugerente
968 3491 1022 3555 sed
1034 3489 1111 3555 alise
1125 3489 1286 3574 assequuti
1297 3503 1388 3566 runt,

344 3584 378 3634 et
391 3570 547 3658 fugientes
567 3574 607 3638 ed
626 3587 744 3640 terrem
763 3575 996 3660 compulerunt,
1018 3589 1050 3641 et
1070 3587 1294 3658 corruperunt.
1342 3574 1388 3640 Et

344 3656 583 3724 Atheniensium
623 3673 759 3747 uotquot
774 3683 815 3726 ex
830 3661 969 3726 illistron
985 3675 1203 3738 enataverunt,
1216 3659 1386 3726 interfeee-

343 3757 429 3842 runt.
474 3683 654 3811 Nonnullae
676 3747 770 3812 etiam
790 3770 895 3825 nares,
915 3771 994 3834 quas
1013 3772 1055 3814 ex
1074 3749 1138 3812 suis
1158 3747 1385 3834 religaverunt,

342 3849 452 3894 inanes
475 3831 654 3910 trahebant,
678 3847 710 3897 et
737 3855 833 3898 onem
858 3836 868 3898 i
893 3855 998 3899 serunt
1022 3857 1095 3900 eum
1121 3834 1199 3918 ipsis
1220 3833 1298 3897 viris
1313 3835 1385 3918 jam

342 3929 500 4001 ceperant.
547 3919 728 3984 Nonnullae
751 3941 827 3986 vero
892 3921 1014 4000 essenii,
1034 3920 1210 3986 subsidium
1232 3917 1382 3995 ferentes,

323 4032 325 4036 ·
342 4015 461 4068 etcum
481 4005 555 4088 ipsis
577 4006 673 4070 armis
688 4007 721 4069 in
738 4029 826 4071 more
841 4008 983 4094 ingressi,
999 4005 1270 4083 conscenderuat3
1294 4018 1382 4070 etex

342 4091 621 4156 eorum‘tabulatis
643 4103 833 4180 pugnantes,
856 4093 1008 4174 hostibus,
1032 4095 1087 4182 qui
1109 4115 1162 4160 ess
1181 4094 1248 4180 jam
1273 4091 1382 4158 trehe-

342 4175 430 4251 batti,
446 4177 641 4260 eripuerunt.

385 4271 439 4328 91.
464 4261 539 4328 Hae
565 4264 664 4352 igitur
689 4277 779 4352 parte
807 4265 1031 4353 Peloponnesii
1057 4269 1193 4334 victores
1218 4277 1321 4347 erent,
1347 4278 1380 4332 nt
