2990 4792
332 347 394 408 lta
694 337 1001 405 THUCYDlDlS

233 532 294 580 neu
331 513 539 578 Athenienses
560 510 704 598 profecti,
729 525 760 577 et
781 513 900 598 agitato
921 531 995 577 cum
1018 509 1080 574 illia
1101 506 1244 586 consilio,
1264 507 1362 574 τώε-

227 596 310 706 “¹⁰31'·
332 611 416 674 runt,
443 599 577 700 hmcque
606 599 725 663 civitati
751 599 945 662 retulerunt:
971 603 993 638 “
1010 597 1123 696 Neque
1148 595 1180 658 in
1206 595 1363 697 superiore

297 693 304 708 ‘
333 703 486 771 tempore,
512 707 572 748 vin
604 684 809 765 Humentes,
835 706 876 748 ex
905 705 970 770 quo
998 693 1178 747 societatem
1207 700 1363 758 rnrvrmus,

227 674 268 707 sn.

217 725 315 852 tppnp
333 771 543 837 Athenienses
572 770 686 836 dicunt
714 793 747 835 se
772 791 881 857 passos
906 793 973 835 esse
994 769 1087 833 nobis
1112 765 1362 854 injuriam‘fieri,

230 853 301 961 pc.
332 879 435 944 ”eque
472 879 556 923 '¹⁰⁰⁰
589 879 752 943 pusuron
789 868 824 921 at
856 876 917 941 pro
949 855 1068 920 viribus
1101 875 1195 939 opem
1229 853 1360 918 laturos:

234 931 305 1054 ἐξ·
333 945 487 1047 robisque
512 945 673 1045 mandant,
694 965 754 1045 per
777 941 1015 1043 jusjurandum,
1036 943 1121 1042 quod
1147 941 1239 1005 vestri
1264 950 1365 1024 patres

327 1042 490 1118 Juraruut,
506 1031 622 1180 netgurd
637 1031 712 1093 novi
727 1049 761 1092 ιιι
776 1042 926 1094 societate
940 1028 1127 1094 molrauuur.

386 1127 439 1186 74.
464 1117 548 1183 Cum
575 1117 657 1202 egati
672 1114 743 1179 lroec
758 1117 1001 1190 renuntiassent,
1019 1113 1208 1179 Platmenses
1222 1110 1365 1176 decreve—

332 1218 409 1269 runt
430 1225 494 1269 non
518 1203 663 1268 deserere
684 1201 912 1277 Atheniensem
940 1200 995 1265 scd
1017 1200 1084 1284 pati
1107 1211 1139 1263 et
1160 1219 1272 1286 agrum
1295 1212 1366 1261 ante

333 1313 406 1356 suos
428 1290 538 1355 oculos
559 1287 686 1367 vastari,
702 1288 728 1352 si
749 1309 875 1352 neceam
897 1301 987 1364 esset,
1003 1299 1034 1351 et
1056 1284 1196 1372 perferre
1217 1281 1366 1370 quicquid

332 1376 420 1441 aliud
434 1375 620 1460 contingere
633 1387 758 1460 posset:
781 1395 842 1437 nec
857 1395 1048 1460 quemquam
1064 1370 1200 1456 amplius
1214 1371 1364 1446 emittere,

332 1464 387 1528 sed
403 1485 445 1527 ex
463 1463 562 1526 muris
576 1459 779 1547 respondere,
797 1464 819 1500 “
837 1460 879 1524 Se
894 1480 958 1523 non
973 1481 1065 1544 posse
1084 1457 1184 1522 lacere
1198 1478 1246 1536 ea,
1261 1476 1365 1542 quasa

332 1546 586 1614 Lacedaemoniis
598 1547 821 1634 petebantur.”
877 1545 960 1610 Cum
981 1558 1085 1608 autem
1105 1543 1167 1608 hoc
1183 1561 1364 1628 responsum

332 1638 399 1700 illis
412 1635 591 1710 dedissent3
622 1646 700 1698 tunc
715 1653 790 1696 vero
807 1631 880 1696 ltex
896 1631 1110 1696 Archidamus
1125 1629 1263 1714 primum
1280 1627 1366 1692 Deos

333 1733 366 1786 ct
390 1719 502 1786 heroiis
527 1721 593 1786 iudi
637 1741 692 1784 nas
714 1717 885 1784 contestari
907 1717 1014 1804 coepit,
1038 1717 1087 1780 hia
1109 1715 1223 1780 verbis.
1264 1723 1287 1756 ‘⁶
1301 1712 1366 1790 Dii,

332 1818 490 1894 quotquot
511 1807 579 1896 agri
633 1803 789 1870 latoecnsis
811 1803 962 1889 praesides
983 1802 1067 1879 eatis,
1083 1814 1114 1868 et
1135 1801 1259 1880 herote,
1274 1814 1367 1864 testes

332 1907 443 1971 estote,
469 1915 574 1979 neque
602 1893 754 1978 primum,
781 1911 853 1954 cum
885 1891 935 1954 isti
964 1889 1120 1954 societatis
1144 1885 1367 1974 jusjurandum

332 1979 421 2064 prius
437 1979 595 2062 violarint,
611 1999 670 2042 noa
690 1977 721 2041 in
738 1977 824 2042 hunc
838 1997 952 2064 agrum
976 1977 1090 2061 injuste
1105 1975 1235 2054 venisse,
1251 1974 1284 2037 in
1305 1993 1369 2059 quo

331 2079 437 2149 patres
457 2065 556 2131 nostri
580 2076 652 2150 post
678 2077 751 2128 rota
773 2062 862 2127 rubis
884 2075 1078 2147 nuncupata,
1103 2060 1220 2126 Medos
1240 2081 1368 2145 supera·

331 2165 417 2230 runt,
445 2165 477 2217 et
505 2173 599 2239 quern
632 2151 757 2217 Graecis
787 2149 961 2237 benignum
992 2148 1181 2233 praebuistis,
1209 2159 1246 2211 ut
1274 2147 1308 2210 io
1330 2167 1369 2209 eo

331 2237 536 2302 dimicarent:
567 2259 671 2324 neque
694 2257 792 2311 nuuc,
818 2237 843 2298 si
873 2235 950 2322 quid
979 2234 1142 2312 faciamus,
1169 2253 1228 2296 noa
1255 2232 1371 2318 injuste

331 2322 481 2389 facturos.
496 2345 570 2410 uam
586 2343 659 2387 cum
677 2321 804 2400 multas,
819 2343 991 2409 oequasque
1004 2320 1204 2388 conditiones
1218 2317 1371 2384 obtuleri-

332 2431 415 2487 mus,
440 2407 519 2473 nihil
541 2408 583 2474 ab
609 2409 669 2474 illis
694 2409 866 2494 impetrare
887 2408 1059 2494 potuimus.
1114 2403 1249 2470 'Testes
1272 2403 1372 2506 igitur

331 2507 441 2573 estote,
455 2494 526 2560 illos
536 2493 676 2581 quidem,
689 2496 744 2598 qui
759 2516 818 2560 nos
833 2495 957 2581 injuriis
970 2503 1195 2579 provocarunt,
1210 2511 1272 2574 pro
1286 2488 1373 2576 ruju-

334 2583 389 2645 riis
403 2581 499 2647 illatis
514 2581 727 2666 poeuasnobra
740 2579 892 2646 daturos:
916 2603 975 2646 nos
989 2601 1076 2657 vero,
1088 2577 1144 2665 qui
1158 2575 1279 2642 bellum
1294 2575 1372 2664 ipsis

327 2667 402 2754 jure
416 2667 589 2746 inferimus,
605 2669 715 2732 merito
724 2687 837 2752 poenas
851 2665 892 2732 de
906 2665 969 2732 illia
983 2665 1174 2730 sumturus.”

378 2761 430 2822 75.
458 2751 522 2818 His
537 2753 655 2844 ⁴verbis
683 2753 774 2819 Deos
801 2753 985 2830 obusutus,
1015 2751 1116 2817 aciem
1146 2750 1187 2816 ad
1214 2748 1374 2835 proelium

333 2838 497 2904 instruxit.
534 2859 571 2903 ac
600 2839 740 2926 primum
770 2839 900 2924 quidem
928 2838 1025 2925 ipsos,
1052 2859 1094 2902 ne
1150 2837 1199 2902 uis
1233 2836 1376 2922 amplius

333 2926 447 3002 exiret,
478 2924 729 2990 circumvallavit
757 2924 936 3008 arboribus,
961 2945 1039 3012 quaa
1067 2858 1259 2989 ceciderant.
1303 2921 1376 2988 Da-

334 3011 409 3076 inde
440 3031 517 3075 vero
546 3033 695 3099 aggerem
726 3009 766 3075 ad
795 3009 909 3076 urbem
939 3022 1154 3100 aggesserunt,
1181 3008 1267 3073 illam
1298 3029 1378 3093 pro·

288 3099 291 3116 '
333 3097 459 3181 pediam
481 3109 700 3186 expugnatum
730 3096 770 3160 iri
797 3108 970 3182 sperantes,
1000 3109 1090 3162 tanta
1111 3095 1248 3162 militum
1274 3115 1377 3158 mauu

334 3187 366 3248 in
383 3205 481 3269 opere
494 3196 659 3270 occupata.
705 3182 820 3268 Itaque
833 3203 947 3248 caesam
967 3205 986 3248 e
1004 3181 1192 3247 Citboerone
1204 3181 1379 3246 materiam

334 3267 1229 3431 titiis?‘luttedlbtl'luittffltt“fitz
1255 3287 1402 3418 titt*

333 3441 475 3506 deretur.
534 3440 574 3506 In
609 3440 697 3506 hunc
731 3453 835 3505 autern
868 3375 1042 3540 aggereulg
1052 3441 1242 3528 ingerebant
1273 3439 1383 3526 ligna,

334 3526 467 3610 lapides,
490 3525 637 3605 hurounr,
660 3535 693 3590 et
718 3527 743 3590 si
766 3525 843 3612 quid
866 3527 954 3592 aliud
977 3527 1127 3612 injectum
1150 3527 1190 3590 ad
1212 3546 1296 3610 opus
1317 3525 1382 3590 ab·

335 3611 522 3702 solvendum
538 3611 641 3676 facere
655 3611 834 3678 videbatur.
885 3612 924 3676 ln
940 3613 1001 3678 boo
1015 3625 1122 3677 autem
1138 3613 1262 3698 aggeris
1275 3630 1385 3696 opere

334 3697 624 3786 septuagintadies
646 3718 721 3763 curn
740 3697 873 3762 totidem
896 3698 1043 3763 noctibus
1064 3699 1251 3784 conjunctos
1270 3697 1384 3762 conti·

334 3797 446 3848 neuter
478 3797 735 3860 consumserunt,
763 3784 809 3848 ita
837 3786 919 3848 inter
953 3805 986 3849 se
1015 3805 1096 3870 opus
1124 3783 1240 3871 quietis
1268 3785 1385 3872 gratia

333 3870 457 3957 partiti,
483 3883 521 3934 ut
548 3869 601 3934 ulii
627 3869 756 3957 quidem
783 3872 948 3934 materiam
971 3891 1031 3935 con
1074 3883 1192 3947 serent,
1216 3868 1269 3934 alii
1300 3891 1384 3935 vero

332 3977 481 4020 somnum
496 3965 529 4020 et
544 3955 650 4022 cibum
666 3967 827 4042 caperent.
883 3955 927 4021 llt
946 3955 1030 4021 Lace
1054 3957 1196 4032 aemonii,
1211 3955 1267 4041 qui
1281 3977 1383 4042 pere-

196 4085 200 4096 .
331 4041 435 4131 griuis
468 4041 668 4130 singularum
699 4041 862 4107 civitatum
893 4042 1047 4107 militibus
1081 4056 1252 4128 praeerant,
1283 4041 1383 4127 operi
1467 4051 1469 4054 ’

331 4129 507 4214 praepositi,
538 4128 578 4193 ad
608 4151 691 4214 opus
723 4126 892 4216 urgebant.
954 4128 1145 4194 Plataecnses
1174 4149 1251 4192 vero
1286 4127 1385 4192 hunc

363 4237 474 4329 ⁸ltudue
486 4269 620 4326 concedite,
637 4275 665 4314 ut
681 4275 705 4315 et
722 4268 750 4326 ii,
763 4267 805 4328 qui
821 4274 947 4327 coeperunt
964 4265 1079 4330 injuriam
1095 4269 1185 4328 lacem,
1197 4279 1281 4330 poenaa
1297 4269 1384 4320 dant}

331 4341 356 4381 at
367 4333 408 4394 qui
421 4333 508 4381 merito
519 4336 605 4395 punire
616 4339 713 4394 want,
725 4345 807 4393 prunas
819 4339 925 4379 sumant.
963 4332 1037 4379 Valla.
1073 4333 1156 4381 liunt.
