2982 4786
428 295 675 364 HISTORIAE
699 296 787 364 ΗΒ.
810 297 868 364 Vl.
1100 305 1163 366 ³5³

130 467 311 548 exercitum,
331 467 386 552 qui
410 478 515 534 tantus
537 481 629 548 esset,
646 469 768 536 nullam
794 467 916 534 cladem
943 479 1162 552 accepturum.
1195 479 1257 528 nen

131 549 201 616 Illos
216 575 301 630 vero,
318 552 374 639 qui
388 565 479 620 erant
493 567 587 620 aetate
607 557 740 640 integra,
757 555 843 641 quod
862 557 1063 642 peregrinam
1078 554 1162 641 regi·
1187 546 1268 659 ¹²⁰¹}ss

129 659 218 702 onem
241 642 342 702 visere
360 653 392 704 et
413 653 555 724 spectare
576 654 737 725 cuperent,
753 655 785 706 et
806 641 921 706 bonam
945 662 1033 726 spem
1055 643 1162 706 animo
1176 623 1276 734 hilm:

127 724 337 808 paucipe‘rent,
350 723 428 805 fore,
437 741 473 790 ut
487 725 660 791 incolumes
671 727 810 812 salvique
820 739 1060 792 reverterentur.
1106 726 1162 791 In·
1188 737 1227 784 91.
1241 735 1264 798 t.

128 831 203 910 gens
220 832 294 874 vero
310 811 445 876 militum
461 813 556 878 turbs
577 811 735 896 proficisci
756 811 914 896 cupiebat,
930 823 1163 896 spernentem
1187 801 1217 912 3·
1234 801 1262 846 ⁰·

127 915 158 958 m
175 897 347 982 praesentia
364 899 531 981 pecuniam
554 911 768 982 accepturam,
784 909 816 960 et
838 896 1006 981 imperium
1025 896 1163 982 ampliti-
1252 893 1262 912 ⁰

128 994 278 1059 caturam,
296 981 382 1046 unde
396 1005 452 1068 per
475 997 584 1048 etuum
601 983 793 1068 stipendium
814 983 876 1047 sibi
889 983 1163 1068 suppeditaturum

127 1067 276 1166 credebat.
321 1006 540 1144 Quamobrem
553 1083 687 1154 propter
699 1069 830 1133 nimiam
846 1067 946 1151 pluris
959 1068 1099 1134 habendi
1110 1090 1166 1134 cu·

129 1151 304 1238 prdttatem,
320 1153 346 1218 si
367 1155 419 1219 cui
435 1153 518 1220 forte
535 1178 585 1220 res
605 1157 666 1220 ista
689 1154 793 1219 minus
807 1153 963 1238 placebat,
979 1154 1108 1231 veritus,
1124 1175 1166 1220 ne

127 1241 245 1304 caeterr's
254 1239 445 1328 refragando
459 1241 643 1327 reipublicae
659 1239 831 1305 malevolus
852 1262 919 1304 esse
940 1238 1114 1318 videretur,
1125 1239 1166 1302 si·

125 1323 257 1389 lentium
273 1329 398 1411 agebat.

171 1417 225 1476 26.
249 1409 395 1476 Tandem
416 1435 492 1477 vero
514 1411 642 1498 quidam
665 1435 704 1478 ex
727 1411 976 1478 Atheniensibus
988 1413 1022 1475 iu
1035 1411 1167 1476 medium

127 1516 322 1582 progressus,
338 1513 370 1562 et
385 1497 511 1562 Niciam
534 1498 729 1576 adhortatus,
745 1499 834 1574 dixit,
850 1519 915 1562 non
938 1510 1086 1583 oportere
1099 1517 1167 1560 am·

128 1579 210 1668 plius
220 1605 286 1648 eram
300 1584 511 1733 teqpiversari,
522 1599 617 1670 atque
631 1584 796 1660 cunctari3
819 1583 918 1648 sedin
929 1583 1073 1649 omnium
1088 1603 1166 1646 con·

128 1681 238 1769 spectu
247 1669 316 1756 jam
362 1669 511 1749 solarere,
529 1691 698 1754 quemnam
721 1683 910 1754 apparatum
932 1669 974 1734 ab
989 1668 1166 1735 Athenien-

127 1753 217 1818 sibus
239 1753 300 1818 sibi
318 1754 447 1820 decerni
465 1757 570 1821 vellet.
616 1755 677 1822 Ille
696 1777 771 1820 vero
794 1755 911 1820 invitas
930 1754 1023 1830 dixit,
1037 1776 1071 1818 se
1093 1774 1167 1818 cum

128 1839 260 1927 collegis
285 1861 343 1926 per
371 1843 473 1906 otium
498 1843 556 1906 lactc
581 1844 618 1906 de
643 1864 678 1906 re
701 1840 878 1906 accuratius
903 1839 1166 1904 consultaturum.

131 1925 299 2002 Quantum
324 1940 428 1992 tamen
448 1927 595 2014 judicare
609 1938 743 2010 poterat,
759 1947 823 1990 non
846 1924 1050 2010 paucioribus
1071 1944 1168 2010 quam

129 2027 259 2076 centum
296 2012 478 2078 triremibus
514 2014 548 2078 in
578 2012 747 2097 praesentia
775 2010 990 2096 navigandum
1019 2010 1167 2074 cmnebot.

130 2097 271 2162 Navium
301 2112 407 2164 autem
437 2101 617 2164 Atticarum
648 2097 763 2163 milites
789 2095 970 2163 vehentium
998 2113 1169 2159 numerum

126 2193 248 2250 tautum
268 2183 345 2262 fore,
362 2198 500 2268 quantus
521 2187 595 2267 ipsis
616 2185 785 2260 videretur,
801 2181 942 2269 aliasque
958 2203 997 2246 ex
1012 2179 1104 2246 sociis
1118 2202 1168 2243 ar·

128 2269 307 2336 cessendas.
353 2271 580 2336 Universorum
595 2281 701 2335 autem
716 2269 821 2355 gravis
835 2280 1006 2334 armaturae
1020 2266 1169 2344 militum,

128 2367 196 2420 tam
213 2355 467 2436 Atheniensium,
483 2379 579 2442 quam
599 2357 771 2437 sociorum,
785 2375 965 2430 numerum,
985 2375 1051 2416 non
1065 2352 1171 2417 mino·

128 2463 200 2506 rern
214 2442 362 2527 quidem,
371 2465 467 2528 quam
482 2443 623 2528 quinque
636 2441 782 2516 millium,
795 2439 848 2506 sed
861 2439 1047 2524 ampliorem
1064 2439 1170 2515 edam,

128 2527 159 2592 ai
184 2543 322 2613 possent,
348 2531 526 2594 mittendum
549 2528 697 2592 censebat.
744 2526 915 2612 Reliquum
940 2546 1015 2588 vero
1035 2545 1170 2607 appara·

127 2625 212 2690 tum,
227 2636 288 2699 pro
308 2616 464 2682 exercitus
483 2613 712 2702 magnitudine,
729 2624 760 2677 et
781 2611 1017 2700 sagittariorum
1039 2609 1127 2674 illino
1140 2619 1174 2674 et

128 2721 174 2764 ex
191 2699 289 2765 Creta
302 2712 509 2779 statutorum,
525 2713 559 2766 et
576 2698 787 2778 funditorum,
802 2712 835 2764 et
856 2696 882 2761 si
904 2695 982 2784 quid
1005 2693 1093 2760 aliud
1114 2715 1172 2780 op-

127 2799 306 2873 portunum
322 2809 387 2852 esse
403 2787 572 2863 videretur,
588 2795 823 2870 praeparaturos
837 2795 867 2848 et
881 2783 1043 2849 ducturos.

177 2881 232 2938 26.
255 2871 339 2938 Cum
363 2887 470 2938 autem
494 2871 702 2940 Athenienses
723 2872 786 2934 inec
810 2869 981 2946 audissent,
1004 2867 1171 2932 confestim

128 2959 211 3044 ipsis
228 2959 471 3044 imperatoribus
491 2979 646 3023 summam
664 2956 789 3040 imperii
809 2967 993 3040 potestatem
1017 2953 1101 3018 facto
1114 2953 1172 3018 de·

130 3057 224 3109 creto
237 3045 405 3126 dederunt,
421 3058 458 3111 ut
476 3044 633 3109 arbitratu
649 3065 708 3106 suo
722 3055 755 3106 et
776 3040 817 3105 de
838 3042 1003 3125 copiarum
1025 3060 1172 3120 numero,

129 3130 232 3196 etde
257 3131 413 3196 universae
440 3129 652 3217 navigationis
679 3127 803 3191 ratione
831 3127 1050 3275 transiperent,
1076 3137 1175 3208 prout

1204 927 1254 1019 εξ.

128 3240 141 3281 r
169 3217 211 3280 sis
225 3238 266 3281 ex
281 3239 338 3280 usu
355 3215 538 3302 reipublicae
555 3213 757 3280 Atheniensis
772 3212 910 3276 maxime
932 3232 989 3274 ore
1003 3210 1173 3274 videretur.
1208 3237 1211 3245 ·

130 3239 216 3368 llos
230 3301 301 3366 haeu
314 3316 420 3368 autem
435 3302 488 3367 hic
510 3311 681 3386 apparatus
702 3298 808 3383 parari
830 3297 939 3383 coepit.
982 3296 1113 3360 Etcum
1133 3292 1175 3359 ad

130 3387 239 3454 socios
261 3388 439 3468 mittebant,
455 3400 523 3453 turn
546 3387 641 3450 etiam
657 3405 696 3450 ex
717 3405 776 3450 suo
799 3385 941 3468 ipsorum
961 3403 1041 3469 agro
1059 3380 1175 3444 milites

127 3473 388 3540 conscribebant.
432 3474 504 3539 Jam
520 3474 605 3538 enim
616 3471 726 3536 civitas
741 3484 773 3535 et
786 3493 805 3534 a
821 3468 934 3534 morbo
947 3481 980 3532 et
992 3466 1034 3532 ab
1048 3465 1176 3530 assiduo

129 3559 223 3625 bello
237 3581 270 3624 se
283 3573 487 3636 recreaverat,
501 3560 547 3624 ita
563 3571 598 3622 ut
612 3571 644 3622 et
658 3557 775 3622 civium
798 3568 893 3620 aetate
908 3553 1036 3618 militari
1056 3551 1175 3636 praedi-

129 3659 254 3722 torum,
270 3661 343 3731 post
357 3647 487 3716 morbum
505 3659 664 3721 natorum,
680 3664 814 3706 numero
835 3641 973 3718 floreret,
987 3652 1019 3704 et
1040 3638 1177 3723 pecunia

128 3745 249 3798 coacta
270 3733 456 3812 abundaret,
475 3742 607 3816 propter
628 3727 781 3793 inducias.
827 3725 1046 3802 Quamobrem
1068 3723 1176 3790 omnia

128 3817 261 3885 facilius
286 3817 578 3904 suppeditabantur.
616 3819 723 3902 Atque
748 3813 782 3876 hi
808 3812 937 3900 quidem
961 3813 995 3874 in
1019 3821 1176 3895 apparatu

127 3919 240 4060 manti
261 3989 389 4055 interea
408 4012 483 4054 vcro
504 3997 661 4075 quotquot
682 3983 808 4071 lapidea
828 3981 985 4048 Mercurii
1007 3979 1177 4046 simulacra

132 4076 276 4148 Athenis
291 4089 392 4155 erant,
408 4076 486 4159 (ritu
507 4087 611 4140 autern
634 4072 740 4155 patrio
762 4069 862 4134 multa
886 4089 958 4134 cum
982 4067 1014 4129 in
1038 4065 1177 4149 privata·

130 4185 214 4231 rum
228 4163 347 4228 aedium
369 4161 542 4236 vestibulis,
558 4173 625 4223 tum
648 4159 682 4220 in
704 4155 828 4239 templis
850 4166 950 4231 erant,
966 4173 1045 4238 opus
1067 4173 1107 4214 ex
1131 4149 1177 4213 la-

130 4249 218 4341 pide
240 4249 422 4337 quadrat0,)
438 4269 502 4312 una
522 4245 696 4329 eademque
718 4254 813 4306 nocte
838 4239 987 4326 pleraque
1006 4235 1097 4302 vultu
1116 4235 1178 4301 cir·

571 4385 580 4408 ,
633 4349 690 4392 aa
