2994 4788
360 269 421 332 172
650 305 653 310 -
719 257 1030 328 THUeYDmls

262 467 324 514 aar.
357 432 526 500 constabit.
571 432 670 509 Quod
696 435 721 498 si
747 455 835 498 nanc
861 435 912 499 isti
926 433 1016 499 vobis
1038 431 1130 498 utiles
1151 430 1300 496 videntur
1321 453 1396 510 eme,
1486 439 1488 482 ἱ

252 529 334 592 ¹³0¹⁰u
356 519 582 605 profectuum,
599 520 770 621 caeterique
784 521 895 586 Graeci
917 535 1005 596 tunc,
1020 539 1122 620 quum
1137 518 1171 582 in
1185 519 1396 618 majorinperi-
1486 515 1488 578 ἔ

172 613 175 622 ’
255 595 330 642 Μ
356 606 431 672 culo
443 607 549 672 essetis
563 608 737 684 constitutr,
754 606 844 670 vobis
858 606 960 670 multo
981 625 1084 690 magas
1098 604 1190 669 utiles
1206 617 1395 668 exsutamus.

240 661 340 774 iffi?
355 693 424 757 Vos
443 692 527 756 enim
550 715 637 758 nunc
658 692 787 779 quidem
810 691 890 756 alios
911 691 1071 767 invaditis,
1095 693 1173 774 ipsis
1185 687 1395 754 formidolosi.

255 789 325 838 tac.
357 778 418 844 Sed
436 777 491 842 illo
513 792 668 864 tempore,
685 801 750 864 quo
765 778 919 843 barbarus
935 777 1051 864 jugum
1074 775 1232 841 servitutis
1248 777 1396 840 omnibus

252 855 326 967 ζξξ·
357 865 481 930 Groecis
503 865 697 950 imponebat,
715 864 849 929 iaticum
872 864 942 948 ipso
956 862 1097 945 fuerunt,
1111 864 1250 946 creparent
1271 864 1396 948 adjacue-

312 949 320 963 '
355 961 439 1014 nant.
484 949 595 1026 Quare
663 971 737 1014 uum
753 963 810 1025 est,
828 961 862 1013 ut
877 949 952 1014 huic
971 963 1083 1012 nostro
1097 959 1231 1033 peccato
1244 949 1285 1032 (si
1300 949 1396 1012 modo
1487 963 1488 1020 s

355 1050 521 1121 peccatum
538 973 668 1124 aliqaibld
690 1059 711 1100 a
724 1037 817 1101 nobis
838 1050 885 1100 est
899 1035 1117 1116 commissum)
1135 1035 1203 1120 jam
1225 1033 1396 1118 opponatis
1487 1059 1488 1064 ¹

354 1122 433 1187 illud
450 1138 592 1188 nostrum
616 1123 713 1187 animi
736 1121 971 1208 studiumque
992 1135 1070 1186 tune
1090 1142 1167 1206 erga
1188 1141 1245 1184 vos
1267 1117 1396 1186 suimus.
1486 1149 1488 1182 J

353 1222 396 1290 et,
411 1209 437 1272 si
459 1211 624 1294 utriusque
645 1208 847 1274 collationem
869 1207 999 1284 faciatis,
1016 1207 1155 1272 studium
1177 1206 1309 1292 quidem
1329 1229 1397 1272 ma·
1487 1249 1488 1292 3

347 1296 412 1382 jus,
436 1308 601 1380 peccatum
621 1316 697 1360 vero
720 1296 825 1359 minue
848 1294 1027 1380 reperietis:
1059 1292 1155 1379 idque
1176 1313 1216 1356 eo
1238 1304 1394 1378 tempore,

353 1401 419 1468 quo
433 1381 516 1446 inter
532 1381 665 1445 Graecos
686 1381 837 1446 rarissimi
853 1381 1105 1465 reperiebantur,
1120 1379 1178 1465 qui
1199 1399 1290 1442 suam
1307 1377 1397 1444 forti·

353 1467 497 1532 tudinem
513 1466 558 1532 illi
571 1465 783 1549 formidandae
801 1467 922 1535 Xerxis
943 1465 1098 1549 potentiae
1119 1485 1163 1550 op
1207 1477 1339 1551 nerent:
1365 1479 1396 1530 et

352 1562 546 1638 cotempore,
561 1552 656 1638 quoii
679 1553 780 1703 magis
800 1551 1025 1630 laudabantur,
1043 1551 1114 1636 ¹qui
1171 1571 1279 1615 versus
1294 1551 1396 1636 impe·

353 1649 469 1704 tumet
487 1639 651 1704 incursum
674 1641 731 1702 bar
754 1659 882 1704 erorum
898 1637 1019 1703 nullam
1042 1636 1188 1702 utilitatis
1208 1649 1265 1701 aut
1286 1636 1396 1702 salutis

353 1745 421 1790 auae
443 1719 597 1790 rationem
621 1723 817 1801 babuerunt;
842 1725 897 1790 sed
920 1726 969 1789 vel
991 1723 1134 1788 maximo
1152 1743 1227 1788 cum
1249 1724 1395 1808 periculo

354 1831 404 1874 res
418 1812 553 1896 optimas
567 1821 597 1876 et
613 1812 814 1894 palmiram
834 1809 981 1877 alacriter
1001 1821 1035 1875 et
1047 1807 1173 1876 fortiter
1193 1829 1290 1910 agera
1303 1809 1395 1874 volu·

351 1910 456 1962 erunt.
479 1919 520 1962 ex
542 1919 679 1984 quorum
702 1917 838 1960 numero
858 1896 934 1962 licet
949 1917 1009 1961 nos
1022 1894 1186 1974 fuerimus,
1200 1893 1275 1959 licet
1297 1895 1394 1960 etiam

345 1993 515 2066 propterea
530 1982 668 2048 honores
682 1982 836 2069 praecipui
851 1983 946 2048 nobis
966 1980 1068 2047 habiti
1082 1979 1219 2056 fiterint3
1243 2001 1333 2046 nunc
1348 1994 1395 2046 ta·

351 2089 424 2132 men
440 2091 597 2147 veremur,
613 2090 654 2134 ne
667 2069 730 2134 hac
748 2068 819 2154 ipsa
837 2068 879 2133 de
890 2090 987 2134 causa
1000 2069 1192 2151 potissimum
1206 2065 1394 2152 perdamur,

351 2154 438 2240 quod
454 2155 666 2220 Athenienses
676 2156 761 2241 juste
774 2155 881 2240 potius
895 2154 984 2241 aequi
1005 2153 1209 2229 voluerimus,
1225 2173 1323 2239 quam
1339 2175 1395 2218 voa

351 2240 473 2323 iry‘ante,
489 2251 520 2309 et
532 2253 652 2304 uostrae
667 2241 795 2306 utilitati
809 2239 1018 2306 consulentes.
1063 2239 1162 2389 Atplui
1177 2237 1326 2328 derebus
1340 2240 1393 2304 iia·
1486 2237 1488 2274 s

351 2323 425 2390 dem
447 2325 532 2390 idem
553 2326 681 2410 pariter,
706 2337 737 2391 et
757 2347 873 2410 seraper
893 2348 951 2390 vos
973 2325 1090 2390 sentire
1134 2335 1212 2402 ecat,
1229 2336 1262 2388 et
1282 2326 1394 2390 existi-

351 2431 450 2488 mare,
466 2411 632 2477 utilitatem
656 2411 736 2476 nihil
759 2411 938 2491 aliudesse,
962 2431 1184 2498 quamquam
1208 2409 1315 2487 sociis,
1339 2413 1393 2498 qui

350 2509 478 2562 strenue
498 2519 531 2562 se
552 2511 727 2585 gesseruut,
749 2519 875 2582 semper
896 2509 1016 2562 certam
1038 2495 1233 2562 fortitudinis
1254 2498 1394 2581 gratiam

350 2584 563 2668 rependimus,
580 2597 610 2650 et
625 2583 718 2650 simul
733 2585 901 2669 praesentia
915 2583 1043 2671 negotia
1057 2603 1099 2648 ex
1114 2605 1172 2648 usn
1189 2594 1301 2647 nostro
1316 2605 1393 2648 con·

349 2670 520 2734 stituimus.
757 2702 762 2712 ·

393 2764 445 2822 57.
469 2755 592 2820 “Illud
608 2756 703 2820 etiam
724 2768 847 2821 mature
859 2755 1067 2833 considerate,
1082 2777 1139 2819 vos
1158 2775 1245 2818 nunc
1259 2755 1390 2840 quidem

349 2840 515 2925 probitatis
530 2854 563 2905 ct
577 2843 734 2926 aequitatis
748 2841 946 2927 exemplare
960 2841 1119 2927 plerisque
1142 2839 1267 2906 Graecis
1282 2841 1392 2906 existi·

348 2927 440 2991 mari.
486 2926 549 2992 Sed
572 2928 599 2990 si
613 2929 654 2991 de
675 2928 768 2992 uobis
790 2928 932 3015 iniquam
955 2928 1142 2994 sententiam
1166 2923 1303 2990 tuleritis
1319 2932 1392 3011 (nec

348 3009 434 3076 euim
449 3012 511 3078 hoc
529 3013 700 3098 judicium,
714 3013 801 3100 quod
816 3014 858 3079 de
870 3029 981 3078 nostra
995 3035 1090 3079 eausa
1103 3011 1232 3088 facietis,
1248 3012 1312 3078 erit
1333 3013 1391 3078 ob·

348 3120 477 3164 scarum
486 3123 495 3176 ;
517 3099 572 3164 aad
584 3121 650 3177 vos,
666 3100 722 3186 qui
737 3099 819 3164 bene
832 3098 958 3174 auditis,
974 3099 1016 3164 de
1035 3100 1137 3176 nobis,
1153 3099 1292 3184 quinon
1307 3099 1391 3164 male

347 3185 506 3263 audimus,
523 3187 710 3251 senteutiam
726 3184 845 3267 feretis)
864 3199 980 3262 cavete,
1003 3207 1044 3250 ne
1063 3206 1163 3250 omnes
1176 3183 1299 3249 scaturit
1323 3207 1391 3250 vea-

346 3283 431 3336 trum
447 3272 639 3374 improbent,
655 3273 741 3358 quod
756 3271 797 3336 de
812 3272 904 3336 bonis
917 3271 1003 3348 viria,
1018 3271 1162 3358 quamvis
1176 3271 1310 3354 vosipsi
1324 3291 1391 3336 me·

346 3355 441 3424 liores
455 3359 533 3438 aitis,
548 3357 669 3446 aliquid
690 3370 808 3444 praeter
828 3357 980 3422 decorum
1003 3367 1034 3421 et
1055 3359 1240 3443 dignitatem
1256 3367 1393 3422 cetram

347 3446 538 3525 statueritia3
570 3467 648 3510 neve
669 3465 731 3511 rem
753 3444 793 3508 ab
806 3445 1009 3508 humanitatis
1031 3441 1132 3530 afficio
1149 3439 1287 3508 olintum
1300 3442 1396 3528 ¹iterii

347 3541 425 3606 cent,
442 3531 469 3596 si
483 3530 585 3614 spolia
599 3531 640 3596 de
661 3530 765 3609 nobis,
780 3529 836 3616 qui
852 3529 894 3594 de
909 3529 1035 3594 Graecis
1057 3529 1210 3594 universis
1222 3528 1307 3593 bene
1320 3551 1391 3594 me·

347 3615 401 3679 riti
430 3637 547 3695 sumus,
578 3617 611 3680 in
640 3615 776 3701 publicis
805 3615 931 3717 templis
959 3615 1204 3702 suspendantur.
1249 3615 1392 3682 Facinus
1486 3625 1488 3704 ᾗ

346 3713 453 3766 autem
469 3715 563 3766 atrox
584 3723 650 3766 esse
665 3700 834 3780 videbitur,
851 3723 878 3767 si
902 3699 1139 3767 Lacedaemonii
1155 3699 1294 3767 Plataeas
1308 3701 1393 3766 diri-
1486 3757 1488 3772 ζ

346 3787 446 3869 piant.
491 3786 535 3852 Et
547 3809 648 3853 omnes
660 3791 768 3874 iniquo
775 3786 883 3870 serent
903 3789 1017 3866 animm
1032 3787 1119 3888 quod
1134 3801 1240 3873 patres
1253 3787 1391 3874 quidem
1487 3805 1488 3878 ζ

344 3871 533 3957 mary'oreeque
542 3876 646 3951 matri,
661 3896 778 3940 noman
791 3874 884 3961 hujus
893 3874 1028 3938 civitatis
1038 3895 1072 3938 m
1084 3873 1210 3958 tripode
1221 3872 1392 3959 Delphico
1486 3901 1488 3954 3

281 4020 291 4041 ἱ
344 3957 469 4022 virtutis
492 3981 570 4042 ergo
596 3961 829 4047 insculpserint,
852 3982 908 4025 vos
928 3981 1005 4024 vero
1024 3983 1065 4026 ex
1085 3959 1234 4025 universa
1255 3960 1393 4026 Graecia
1486 3963 1488 4034 i

343 4056 475 4130 propter
490 4044 664 4112 Thebanos
677 4047 740 4112 hoe
755 4046 858 4131 ipsum
874 4045 1018 4113 deleatis.
1063 4046 1147 4111 Nam
1168 4068 1207 4110 co
1221 4045 1392 4112 calamita-
1485 4041 1488 4116 l

510 4247 523 4275 ¹
536 4243 594 4300 Qui,
606 4245 666 4292 dum
679 4246 838 4302 invaduntur,
851 4247 944 4295 nullam
956 4251 1003 4294 ete.
1021 4245 1097 4293 Vatia.
1121 4243 1206 4293 nuos.
