2990 4792
591 691 782 778 LIBER
824 689 1099 778 TERTIUS.

750 973 946 1022 *¹*-

228 1212 291 1262 Μ
329 1193 593 1288 SEQUENTE
631 1224 739 1278 autem
773 1225 884 1280 oestate
921 1209 1157 1298 Peloponnesii,
1192 1231 1371 1296 eorumque

218 1279 303 1391 ¹:2¹⁰ss
327 1297 415 1378 socii,
437 1295 598 1364 frumento
619 1297 683 1366 'am
705 1297 827 1380 adulto,
849 1322 925 1368 oum
946 1297 1063 1364 infesto
1084 1295 1226 1362 exercitu
1249 1295 1284 1361 in
1307 1299 1369 1360 At·
1493 1357 1494 1360 ,

211 1407 311 1470 olymp
326 1385 423 1452 ticam
437 1384 580 1462 iveruut3
604 1321 883 1474 irchtdonusque
899 1382 1196 1464 Zeuxidamifilius,
1212 1379 1369 1450 Lacedae-

214 1471 256 1520 ⁸⁸·
274 1471 297 1520 1.
328 1471 510 1538 moniorum
532 1493 601 1550 rex,
624 1471 701 1558 ipsis
722 1486 878 1572 proeerst3
911 1471 1087 1557 castrique
1105 1468 1227 1554 positis,
1251 1490 1367 1556 agrurn

222 1536 301 1650 ξιξ
326 1555 502 1624 vastabant.
547 1555 792 1624 Atheniensium
816 1580 892 1625 vero
913 1559 1046 1646 equites,
1061 1560 1111 1642 (ut
1125 1555 1377 1636 consueuerant),

230 1665 289 1716 sse,
326 1643 565 1729 impressionem
590 1643 748 1710 iaciebant
771 1648 805 1710 in
830 1647 960 1712 hostium
984 1665 1106 1729 ogruers,
1130 1664 1195 1728 qua
1216 1640 1369 1717 cedebat3

231 1730 291 1778 ΡΜ
327 1739 359 1794 et
372 1729 544 1816 plurimam
559 1730 699 1796 militnm
715 1730 829 1797 leviter
849 1743 1046 1797 armatorum
1069 1727 1198 1794 turbam
1216 1725 1370 1812 probibe-

217 1795 304 1907 Ἓξ·
326 1813 415 1893 bant
432 1839 473 1880 ne
486 1839 506 1880 a
520 1831 708 1882 caeterarum
725 1817 890 1904 copiarum
911 1839 950 1882 oo
990 1839 1047 1881 ore
1060 1813 1189 1900 lougius
1203 1813 1368 1898 progressi

213 1925 266 1974 rur.
278 1900 397 1972 laloca
416 1901 600 1978 suburbana
618 1917 789 1970 vastarent.
833 1903 879 1969 Et
897 1916 962 1969 tam
987 1903 1020 1967 iu
1039 1901 1239 1977 commorati,
1256 1921 1369 1985 quem·

326 1987 383 2053 din
411 2001 609 2055 commeatus
635 1990 710 2076 ipsis
739 1989 965 2076 suppeditavit,
995 1991 1113 2054 domum
1138 1983 1314 2067 redierunt,
1336 1997 1370 2050 et

324 2074 359 2140 in
374 2095 464 2140 suem
480 2075 598 2163 quique
613 2075 770 2142 civitatem
786 2097 819 2142 se
833 2086 1031 2163 reoeperunt.

369 2167 401 2226 2.
435 2161 512 2227 Post
527 2160 610 2227 hane
624 2175 730 2228 autem
746 2161 1053 2248 Peloponnesiorum
1073 2159 1287 2244 irruptionem
1305 2171 1370 2226 sta·

326 2245 383 2312 tim
407 2247 540 2324 Lesbos,
564 2261 682 2332 praeter
707 2247 947 2334 Methymnam,
972 2247 1014 2313 ab
1038 2243 1289 2312 Atheniensibus
1313 2244 1369 2312 de·

324 2330 420 2398 feeit:
445 2332 611 2399 voluerant
625 2347 730 2400 autem
747 2335 997 2421 Lesbiiquidem
1014 2329 1151 2397 velante
1166 2329 1227 2396 hoe
1246 2330 1370 2397 bellum
1493 2339 1494 2344 ’

327 2433 449 2484 motum
473 2417 584 2501 facere
611 2419 829 2507 affectiosam,-
869 2419 924 2486 sed
956 2417 1194 2486 Lacedaemonii
1223 2417 1368 2504 recipere

324 2505 505 2571 uoluerant.
567 2505 629 2571 Sed
658 2517 730 2572 tanc
762 2508 794 2571 vi
825 2504 1018 2572 necessitatis
1054 2503 1168 2580 eoacti,
1198 2505 1367 2583 maturius,

349 2613 422 2656 uam
437 2613 543 2657 secum
559 2591 619 2678 ipsi
634 2593 874 2670 constituerant,
887 2591 971 2656 hanc
985 2589 1194 2656 defectionem
1210 2587 1367 2656 fecerunt.

326 2613 567 2763 Lxspeetabant
595 2677 682 2742 enirn
708 2678 812 2744 donec
837 2691 949 2764 portus
978 2675 1149 2766 aggeribus
1174 2691 1278 2741 essent
1307 2678 1367 2742 ob-

325 2763 447 2840 structi,
471 2773 503 2828 et
527 2785 693 2830 murorum
716 2763 899 2842 aedificium,
922 2763 1114 2850 naviumque
1135 2760 1303 2828 fabricatio
1324 2763 1368 2828 ad

325 2870 419 2913 suurn
443 2847 538 2914 finem
560 2862 643 2915 esset
663 2849 836 2936 perducta;
860 2851 934 2916 item
949 2850 1053 2916 donec
1073 2870 1115 2914 ex
1135 2846 1241 2914 Ponto
1263 2850 1367 2914 venis-

327 2946 407 3015 sent,
426 2947 629 3024 'quaecunque
650 2937 758 3001 venire
779 2937 960 3022 oportebat,
982 2933 1147 3023 sagittarii,
1170 2946 1202 3000 et
1222 2932 1367 3002 frumen·

329 3032 409 3097 tum,
426 3033 458 3086 et
470 3042 670 3109 quaecunque
680 3023 916 3088 accersiverunt.
960 3019 1095 3086 Tenedii
1109 3019 1206 3098 enim,
1242 3021 1274 3086 ui
1290 3023 1367 3108 ipsis

326 3119 418 3172 eraut
446 3106 578 3185 inimici,
605 3123 638 3174 et
664 3105 887 3194 Methymnaei,
915 3107 991 3195 quin
1022 3107 1116 3172 etiam
1144 3107 1219 3193 *qui
1264 3129 1297 3172 m
1322 3131 1365 3175 ex

326 3192 403 3277 ipsis
416 3191 611 3279 Mitylenaeis
624 3191 769 3259 homines
784 3194 909 3280 privati,
921 3193 1038 3280 quibus
1053 3207 1183 3279 propter
1193 3191 1365 3260 factionem

349 3278 490 3344 ublioum
512 3295 581 3346 erat
600 3301 673 3346 cum
694 3279 939 3346 Atheniensibus
958 3279 1141 3365 hospitium,
1159 3279 1367 3346 Atheniensi·

325 3300 385 3431 hus
401 3365 582 3431 indicarunt
601 3388 711 3432 omnes
727 3365 860 3432 Lesbios
875 3391 895 3431 a
912 3366 1105 3452 Mitylenaeis
1118 3386 1177 3450 per
1196 3365 1261 3430 vim
1276 3387 1366 3432 corn-

326 3451 370 3514 mi
410 3474 465 3517 are
479 3452 569 3540 cogi3
599 3473 791 3553 omnemque
805 3464 991 3539 apparatum
1006 3473 1080 3517 eum
1099 3450 1364 3532 Lacedaemoniis,

325 3549 359 3600 et
412 3539 516 3615 oeotis,
531 3537 587 3624 qui
607 3538 711 3626 gentis
726 3536 865 3624 ejusdem
889 3551 990 3615 erant,
1005 3535 1189 3604 deiectionis
1210 3536 1365 3605 faciendae

326 3643 422 3687 eausa
436 3623 476 3686 ab
488 3625 552 3689 illis
566 3623 691 3708 urgeri3
714 3638 746 3689 et
761 3624 820 3689 uisi
832 3625 904 3711 quis
918 3625 990 3690 utos
997 3625 1066 3710 jam
1081 3635 1267 3704 antevertat,
1279 3627 1366 3712 ipsos

327 3707 434 3774 Lesbo
451 3709 611 3791 privatum
626 3711 666 3774 iri
681 3711 838 3777 dixerunt.
1346 3756 1347 3759 κ

371 3803 402 3859 3.
427 3794 640 3860 Athenienses
655 3815 729 3859 vero
746 3799 833 3880 (nam
856 3795 981 3878 morbo,
997 3795 1143 3883 belloque
1164 3817 1275 3861 recens
1297 3821 1364 3864 sus-

327 3892 433 3964 cepto,
455 3894 487 3946 et
509 3882 634 3967 vigente
656 3881 811 3946 debilitati
832 3883 937 3961 erant)
960 3883 1048 3946 brem
1070 3881 1201 3968 quidem
1228 3883 1363 3950 arduam

327 3989 394 4031 esse
419 3965 591 4045 duxerunt,
619 3967 772 4048 Lesbum,
799 3990 871 4054 quae
896 3967 1037 4046 classem,
1062 3982 1094 4033 et
1118 3968 1200 4032 vires
1225 3969 1364 4059 integras

359 4135 420 4184 'Ex
430 4138 489 4198 ipsis
500 4141 649 4203 Mitytenaeis
658 4107 774 4204 privatim
785 4142 885 4201 quidam
896 4147 943 4189 ete.
970 4139 1029 4188 Aut
1064 4141 1150 4191 fluns·

359 4201 447 4250 baem
464 4219 561 4267 magnae
577 4207 650 4254 molis
660 4219 712 4253 esse
728 4207 784 4262 reu,
796 4205 872 4253 lesbo
888 4220 957 4255 uma
967 4206 1057 4254 inferre
1073 4208 1208 4264 instructae,
1219 4211 1245 4258 et
1262 4209 1362 4270 integris

327 4269 619 4330 rhibus,erirninationea
628 4277 674 4320 ete.
690 4269 751 4319 Ata.
785 4269 869 4321 Intra·
