<?xml version="1.0" encoding="UTF-8"?>
<!DOCTYPE html PUBLIC "-//W3C//DTD XHTML 1.0 Transitional//EN"
    "http://www.w3.org/TR/xhtml1/DTD/xhtml1-transitional.dtd">
<html xmlns="http://www.w3.org/1999/xhtml" xml:lang="en" lang="en">
 <head>
  <title>
</title>
<meta http-equiv="Content-Type" content="text/html;charset=utf-8" />
  <meta name='ocr-system' content='tesseract 3.04.00' />
  <meta name='ocr-capabilities' content='ocr_page ocr_carea ocr_par ocr_line ocrx_word'/>
</head>
<body>
  <div class='ocr_page' id='page_1' title='image "./thucydidisdebel00wassgoog_0412.png"; bbox 0 0 2964 4786; ppageno 0'>
   <div class='ocr_carea' id='block_1_1' title="bbox 324 307 997 386">
    <p class='ocr_par' dir='ltr' id='par_1_1' title="bbox 324 307 997 386">
     <span class='ocr_line' id='line_1_1' title="bbox 324 307 997 386; baseline -0.001 -2"><span class='ocrx_word' id='word_1_1' title='bbox 324 327 389 386; x_wconf 80' lang='lat' dir='ltr'><strong>sor</strong></span> <span class='ocrx_word' id='word_1_2' title='bbox 693 307 997 385; x_wconf 81' lang='lat' dir='ltr'><strong>THUcYle&#39;s</strong></span> 
     </span>
    </p>
   </div>
   <div class='ocr_carea' id='block_1_2' title="bbox 230 485 1368 572">
    <p class='ocr_par' dir='ltr' id='par_1_2' title="bbox 230 485 1368 572">
     <span class='ocr_line' id='line_1_2' title="bbox 230 485 1368 572; baseline 0 -22"><span class='ocrx_word' id='word_1_3' title='bbox 230 503 290 550; x_wconf 68' lang='lat' dir='ltr'><strong>sarr.</strong></span> <span class='ocrx_word' id='word_1_4' title='bbox 370 497 403 556; x_wconf 74' lang='lat'><strong>2.</strong></span> <span class='ocrx_word' id='word_1_5' title='bbox 426 489 585 554; x_wconf 90' lang='lat' dir='ltr'><strong>Corinthii</strong></span> <span class='ocrx_word' id='word_1_6' title='bbox 608 503 725 567; x_wconf 89' lang='lat' dir='ltr'><strong>autam,</strong></span> <span class='ocrx_word' id='word_1_7' title='bbox 749 488 930 555; x_wconf 70' lang='lat' dir='ltr'><strong>eleucade</strong></span> <span class='ocrx_word' id='word_1_8' title='bbox 952 488 1115 564; x_wconf 84' lang='lat' dir='ltr'><strong>solventes,</strong></span> <span class='ocrx_word' id='word_1_9' title='bbox 1134 507 1207 551; x_wconf 90' lang='lat' dir='ltr'><strong>cum</strong></span> <span class='ocrx_word' id='word_1_10' title='bbox 1234 485 1368 572; x_wconf 84' lang='lat' dir='ltr'><strong>reliquis</strong></span> 
     </span>
    </p>
   </div>
   <div class='ocr_carea' id='block_1_3' title="bbox 216 565 1368 680">
    <p class='ocr_par' dir='ltr' id='par_1_3' title="bbox 216 565 1368 680">
     <span class='ocr_line' id='line_1_3' title="bbox 216 565 1368 680; baseline 0.001 -41"><span class='ocrx_word' id='word_1_11' title='bbox 216 565 307 680; x_wconf 48' lang='lat' dir='ltr'><strong>3⁹}ss</strong></span> <span class='ocrx_word' id='word_1_12' title='bbox 328 577 470 652; x_wconf 85' lang='lat' dir='ltr'><strong>navibus,</strong></span> <span class='ocrx_word' id='word_1_13' title='bbox 486 574 644 639; x_wconf 89' lang='lat' dir='ltr'><strong>celeritate</strong></span> <span class='ocrx_word' id='word_1_14' title='bbox 658 591 778 662; x_wconf 83' lang='lat' dir='ltr'><strong>quante</strong></span> <span class='ocrx_word' id='word_1_15' title='bbox 792 577 933 639; x_wconf 87' lang='lat' dir='ltr'><strong>maxima</strong></span> <span class='ocrx_word' id='word_1_16' title='bbox 947 587 1131 660; x_wconf 87' lang='lat' dir='ltr'><strong>potueruut,</strong></span> <span class='ocrx_word' id='word_1_17' title='bbox 1143 575 1182 638; x_wconf 85' lang='lat' dir='ltr'><strong>ad</strong></span> <span class='ocrx_word' id='word_1_18' title='bbox 1197 594 1293 656; x_wconf 85' lang='lat' dir='ltr'><strong>opem</strong></span> <span class='ocrx_word' id='word_1_19' title='bbox 1311 573 1368 657; x_wconf 77' lang='lat' dir='ltr'><strong>Sy·</strong></span> 
     </span>
    </p>
   </div>
   <div class='ocr_carea' id='block_1_4' title="bbox 213 658 1369 759">
    <p class='ocr_par' dir='ltr' id='par_1_4' title="bbox 213 658 1369 759">
     <span class='ocr_line' id='line_1_4' title="bbox 213 658 1369 759; baseline -0.01 -28"><span class='ocrx_word' id='word_1_20' title='bbox 213 663 488 758; x_wconf 68' lang='lat' dir='ltr'><strong>01„„„,rccrsacnis</strong></span> <span class='ocrx_word' id='word_1_21' title='bbox 508 660 667 724; x_wconf 73' lang='lat' dir='ltr'><strong>ferendam</strong></span> <span class='ocrx_word' id='word_1_22' title='bbox 687 675 853 726; x_wconf 86' lang='lat' dir='ltr'><strong>venerunt.</strong></span> <span class='ocrx_word' id='word_1_23' title='bbox 900 659 943 724; x_wconf 87' lang='lat' dir='ltr'><strong>Et</strong></span> <span class='ocrx_word' id='word_1_24' title='bbox 958 658 1136 759; x_wconf 80' lang='lat' dir='ltr'><strong>Gongylus,</strong></span> <span class='ocrx_word' id='word_1_25' title='bbox 1153 680 1235 723; x_wconf 92' lang='lat' dir='ltr'><strong>unus</strong></span> <span class='ocrx_word' id='word_1_26' title='bbox 1251 658 1369 722; x_wconf 90' lang='lat' dir='ltr'><strong>Corin-</strong></span> 
     </span>
    </p>
   </div>
   <div class='ocr_carea' id='block_1_5' title="bbox 225 743 1474 3922">
    <p class='ocr_par' dir='ltr' id='par_1_5' title="bbox 226 743 1368 832">
     <span class='ocr_line' id='line_1_5' title="bbox 226 743 1368 832; baseline -0.006 -18"><span class='ocrx_word' id='word_1_27' title='bbox 226 761 267 810; x_wconf 81' lang='grc'><strong>91.</strong></span> <span class='ocrx_word' id='word_1_28' title='bbox 277 761 300 807; x_wconf 73' lang='lat'><strong>8-</strong></span> <span class='ocrx_word' id='word_1_29' title='bbox 328 749 466 814; x_wconf 90' lang='lat' dir='ltr'><strong>thicrum</strong></span> <span class='ocrx_word' id='word_1_30' title='bbox 478 744 558 823; x_wconf 88' lang='lat' dir='ltr'><strong>dux,</strong></span> <span class='ocrx_word' id='word_1_31' title='bbox 569 746 623 832; x_wconf 93' lang='lat' dir='ltr'><strong>qui</strong></span> <span class='ocrx_word' id='word_1_32' title='bbox 638 760 819 831; x_wconf 86' lang='lat' dir='ltr'><strong>postremus</strong></span> <span class='ocrx_word' id='word_1_33' title='bbox 828 769 900 812; x_wconf 90' lang='lat' dir='ltr'><strong>cum</strong></span> <span class='ocrx_word' id='word_1_34' title='bbox 917 768 982 810; x_wconf 88' lang='lat' dir='ltr'><strong>una</strong></span> <span class='ocrx_word' id='word_1_35' title='bbox 995 766 1067 808; x_wconf 87' lang='lat' dir='ltr'><strong>navr</strong></span> <span class='ocrx_word' id='word_1_36' title='bbox 1076 743 1238 829; x_wconf 86' lang='lat' dir='ltr'><strong>profectus</strong></span> <span class='ocrx_word' id='word_1_37' title='bbox 1252 743 1368 825; x_wconf 86' lang='lat' dir='ltr'><strong>suerat,</strong></span> 
     </span>
    </p>

    <p class='ocr_par' dir='ltr' id='par_1_6' title="bbox 227 825 1372 919">
     <span class='ocr_line' id='line_1_6' title="bbox 227 825 1372 919; baseline -0.003 -22"><span class='ocrx_word' id='word_1_38' title='bbox 227 825 258 873; x_wconf 66' lang='grc' dir='ltr'><strong>υ·</strong></span> <span class='ocrx_word' id='word_1_39' title='bbox 269 827 296 872; x_wconf 79' lang='lat'><strong>⁰·</strong></span> <span class='ocrx_word' id='word_1_40' title='bbox 326 835 451 919; x_wconf 87' lang='lat' dir='ltr'><strong>primus</strong></span> <span class='ocrx_word' id='word_1_41' title='bbox 466 831 605 918; x_wconf 89' lang='lat' dir='ltr'><strong>quidem,</strong></span> <span class='ocrx_word' id='word_1_42' title='bbox 622 833 677 896; x_wconf 87' lang='lat' dir='ltr'><strong>sed</strong></span> <span class='ocrx_word' id='word_1_43' title='bbox 693 845 798 898; x_wconf 89' lang='lat' dir='ltr'><strong>tamen</strong></span> <span class='ocrx_word' id='word_1_44' title='bbox 814 831 912 918; x_wconf 91' lang='lat' dir='ltr'><strong>paulo</strong></span> <span class='ocrx_word' id='word_1_45' title='bbox 931 843 1006 896; x_wconf 88' lang='lat' dir='ltr'><strong>ante</strong></span> <span class='ocrx_word' id='word_1_46' title='bbox 1021 829 1210 917; x_wconf 86' lang='lat' dir='ltr'><strong>Gylippum‚</strong></span> <span class='ocrx_word' id='word_1_47' title='bbox 1229 832 1372 916; x_wconf 88' lang='lat' dir='ltr'><strong>Syracu·</strong></span> 
     </span>
    </p>

    <p class='ocr_par' dir='ltr' id='par_1_7' title="bbox 225 889 1370 1432">
     <span class='ocr_line' id='line_1_7' title="bbox 225 889 1370 1003; baseline -0.006 -18"><span class='ocrx_word' id='word_1_48' title='bbox 225 889 294 1000; x_wconf 50' lang='lat' dir='ltr'><strong>iffi</strong></span> <span class='ocrx_word' id='word_1_49' title='bbox 327 941 378 984; x_wconf 89' lang='lat' dir='ltr'><strong>sas</strong></span> <span class='ocrx_word' id='word_1_50' title='bbox 393 940 433 1003; x_wconf 93' lang='lat' dir='ltr'><strong>ap</strong></span> <span class='ocrx_word' id='word_1_51' title='bbox 458 918 527 981; x_wconf 89' lang='lat' dir='ltr'><strong>ulit.</strong></span> <span class='ocrx_word' id='word_1_52' title='bbox 572 919 695 982; x_wconf 91' lang='lat' dir='ltr'><strong>Nactus</strong></span> <span class='ocrx_word' id='word_1_53' title='bbox 709 935 814 984; x_wconf 84' lang='lat' dir='ltr'><strong>autem</strong></span> <span class='ocrx_word' id='word_1_54' title='bbox 831 919 915 1002; x_wconf 88' lang='lat' dir='ltr'><strong>ipsos</strong></span> <span class='ocrx_word' id='word_1_55' title='bbox 925 919 1142 1002; x_wconf 75' lang='lat' dir='ltr'><strong>Syrcauanos,</strong></span> <span class='ocrx_word' id='word_1_56' title='bbox 1157 917 1212 1002; x_wconf 90' lang='lat' dir='ltr'><strong>qui</strong></span> <span class='ocrx_word' id='word_1_57' title='bbox 1227 917 1269 980; x_wconf 88' lang='lat' dir='ltr'><strong>de</strong></span> <span class='ocrx_word' id='word_1_58' title='bbox 1286 915 1370 980; x_wconf 87' lang='lat' dir='ltr'><strong>bello</strong></span> 
     </span>
     <span class='ocr_line' id='line_1_8' title="bbox 327 939 1369 1088; baseline -0.004 -20"><span class='ocrx_word' id='word_1_59' title='bbox 327 939 469 1068; x_wconf 80' lang='lat' dir='ltr'><strong>sedandh</strong></span> <span class='ocrx_word' id='word_1_60' title='bbox 479 1014 511 1067; x_wconf 89' lang='lat' dir='ltr'><strong>et</strong></span> <span class='ocrx_word' id='word_1_61' title='bbox 525 1004 755 1088; x_wconf 83' lang='lat' dir='ltr'><strong>compositione</strong></span> <span class='ocrx_word' id='word_1_62' title='bbox 764 1002 908 1068; x_wconf 85' lang='lat' dir='ltr'><strong>facienda</strong></span> <span class='ocrx_word' id='word_1_63' title='bbox 917 1003 1103 1067; x_wconf 84' lang='lat' dir='ltr'><strong>concionem</strong></span> <span class='ocrx_word' id='word_1_64' title='bbox 1115 1014 1206 1066; x_wconf 85' lang='lat' dir='ltr'><strong>erant</strong></span> <span class='ocrx_word' id='word_1_65' title='bbox 1215 1001 1369 1080; x_wconf 86' lang='lat' dir='ltr'><strong>habituri,</strong></span> 
     </span>
     <span class='ocr_line' id='line_1_9' title="bbox 327 1087 1369 1176; baseline -0.003 -22"><span class='ocrx_word' id='word_1_66' title='bbox 327 1092 383 1154; x_wconf 79' lang='lat' dir='ltr'><strong>loc</strong></span> <span class='ocrx_word' id='word_1_67' title='bbox 404 1111 443 1152; x_wconf 85' lang='lat' dir='ltr'><strong>ne</strong></span> <span class='ocrx_word' id='word_1_68' title='bbox 461 1090 613 1172; x_wconf 78' lang='lat' dir='ltr'><strong>facerent,</strong></span> <span class='ocrx_word' id='word_1_69' title='bbox 630 1090 803 1176; x_wconf 83' lang='lat' dir='ltr'><strong>impedivit,</strong></span> <span class='ocrx_word' id='word_1_70' title='bbox 819 1109 982 1154; x_wconf 84' lang='lat' dir='ltr'><strong>saeorum</strong></span> <span class='ocrx_word' id='word_1_71' title='bbox 1006 1088 1129 1152; x_wconf 87' lang='lat' dir='ltr'><strong>animos</strong></span> <span class='ocrx_word' id='word_1_72' title='bbox 1148 1087 1369 1160; x_wconf 82' lang='lat' dir='ltr'><strong>confirmavit3</strong></span> 
     </span>
     <span class='ocr_line' id='line_1_10' title="bbox 328 1157 1370 1261; baseline -0.004 -21"><span class='ocrx_word' id='word_1_73' title='bbox 328 1176 414 1261; x_wconf 89' lang='lat' dir='ltr'><strong>quod</strong></span> <span class='ocrx_word' id='word_1_74' title='bbox 430 1157 571 1252; x_wconf 78' lang='lat' dir='ltr'><strong>dixisset,</strong></span> <span class='ocrx_word' id='word_1_75' title='bbox 587 1175 664 1240; x_wconf 90' lang='lat' dir='ltr'><strong>alias</strong></span> <span class='ocrx_word' id='word_1_76' title='bbox 679 1177 773 1240; x_wconf 89' lang='lat' dir='ltr'><strong>etiam</strong></span> <span class='ocrx_word' id='word_1_77' title='bbox 790 1197 895 1250; x_wconf 88' lang='lat' dir='ltr'><strong>naves,</strong></span> <span class='ocrx_word' id='word_1_78' title='bbox 911 1188 942 1238; x_wconf 90' lang='lat' dir='ltr'><strong>et</strong></span> <span class='ocrx_word' id='word_1_79' title='bbox 957 1173 1057 1260; x_wconf 89' lang='lat' dir='ltr'><strong>Gylip</strong></span> <span class='ocrx_word' id='word_1_80' title='bbox 1082 1194 1145 1249; x_wconf 91' lang='lat' dir='ltr'><strong>urn,</strong></span> <span class='ocrx_word' id='word_1_81' title='bbox 1163 1173 1370 1238; x_wconf 84' lang='lat' dir='ltr'><strong>Cleandridae</strong></span> 
     </span>
     <span class='ocr_line' id='line_1_11' title="bbox 313 1260 1370 1346; baseline 0 -22"><span class='ocrx_word' id='word_1_82' title='bbox 313 1263 432 1346; x_wconf 72' lang='lat' dir='ltr'><strong>flium,</strong></span> <span class='ocrx_word' id='word_1_83' title='bbox 444 1261 557 1324; x_wconf 90' lang='lat' dir='ltr'><strong>ducem</strong></span> <span class='ocrx_word' id='word_1_84' title='bbox 573 1283 591 1322; x_wconf 91' lang='lat' dir='ltr'><strong>a</strong></span> <span class='ocrx_word' id='word_1_85' title='bbox 605 1261 857 1325; x_wconf 84' lang='lat' dir='ltr'><strong>Lacedaemoniis</strong></span> <span class='ocrx_word' id='word_1_86' title='bbox 871 1261 1014 1340; x_wconf 89' lang='lat' dir='ltr'><strong>missum,</strong></span> <span class='ocrx_word' id='word_1_87' title='bbox 1026 1281 1043 1323; x_wconf 95' lang='lat' dir='ltr'><strong>a</strong></span> <span class='ocrx_word' id='word_1_88' title='bbox 1068 1275 1206 1326; x_wconf 83' lang='lat' dir='ltr'><strong>ventare.</strong></span> <span class='ocrx_word' id='word_1_89' title='bbox 1245 1260 1370 1336; x_wconf 87' lang='lat' dir='ltr'><strong>Quam·</strong></span> 
     </span>
     <span class='ocr_line' id='line_1_12' title="bbox 327 1345 1369 1432; baseline -0.002 -22"><span class='ocrx_word' id='word_1_90' title='bbox 327 1348 438 1410; x_wconf 84' lang='lat' dir='ltr'><strong>obrem</strong></span> <span class='ocrx_word' id='word_1_91' title='bbox 464 1346 653 1432; x_wconf 78' lang='lat' dir='ltr'><strong>Syracusani</strong></span> <span class='ocrx_word' id='word_1_92' title='bbox 682 1347 797 1411; x_wconf 86' lang='lat' dir='ltr'><strong>animis</strong></span> <span class='ocrx_word' id='word_1_93' title='bbox 827 1346 1007 1410; x_wconf 85' lang='lat' dir='ltr'><strong>confirmati</strong></span> <span class='ocrx_word' id='word_1_94' title='bbox 1029 1359 1113 1422; x_wconf 88' lang='lat' dir='ltr'><strong>sunt,</strong></span> <span class='ocrx_word' id='word_1_95' title='bbox 1140 1358 1171 1410; x_wconf 90' lang='lat' dir='ltr'><strong>et</strong></span> <span class='ocrx_word' id='word_1_96' title='bbox 1200 1345 1369 1410; x_wconf 83' lang='lat' dir='ltr'><strong>confestim</strong></span> 
     </span>
    </p>

    <p class='ocr_par' dir='ltr' id='par_1_8' title="bbox 228 1431 1372 1688">
     <span class='ocr_line' id='line_1_13' title="bbox 228 1431 1369 1518; baseline 0 -24"><span class='ocrx_word' id='word_1_97' title='bbox 228 1489 231 1502; x_wconf 93' lang='grc'>,</span> <span class='ocrx_word' id='word_1_98' title='bbox 329 1432 472 1518; x_wconf 86' lang='lat' dir='ltr'><strong>Gylippo</strong></span> <span class='ocrx_word' id='word_1_99' title='bbox 502 1451 575 1495; x_wconf 84' lang='lat' dir='ltr'><strong>curn</strong></span> <span class='ocrx_word' id='word_1_100' title='bbox 606 1431 754 1496; x_wconf 88' lang='lat' dir='ltr'><strong>omnibus</strong></span> <span class='ocrx_word' id='word_1_101' title='bbox 779 1433 877 1518; x_wconf 88' lang='lat' dir='ltr'><strong>copiis</strong></span> <span class='ocrx_word' id='word_1_102' title='bbox 906 1431 1033 1495; x_wconf 87' lang='lat' dir='ltr'><strong>obviam</strong></span> <span class='ocrx_word' id='word_1_103' title='bbox 1064 1432 1140 1495; x_wconf 90' lang='lat' dir='ltr'><strong>ituri</strong></span> <span class='ocrx_word' id='word_1_104' title='bbox 1168 1432 1369 1516; x_wconf 85' lang='lat' dir='ltr'><strong>prodierunt.</strong></span> 
     </span>
     <span class='ocr_line' id='line_1_14' title="bbox 327 1515 1370 1602; baseline -0.001 -21"><span class='ocrx_word' id='word_1_105' title='bbox 327 1517 402 1581; x_wconf 86' lang='lat' dir='ltr'><strong>Jam</strong></span> <span class='ocrx_word' id='word_1_106' title='bbox 428 1517 512 1580; x_wconf 88' lang='lat' dir='ltr'><strong>enirn</strong></span> <span class='ocrx_word' id='word_1_107' title='bbox 539 1516 643 1602; x_wconf 89' lang='lat' dir='ltr'><strong>ipsum</strong></span> <span class='ocrx_word' id='word_1_108' title='bbox 670 1517 840 1583; x_wconf 84' lang='lat' dir='ltr'><strong>adventare</strong></span> <span class='ocrx_word' id='word_1_109' title='bbox 865 1516 1042 1582; x_wconf 86' lang='lat' dir='ltr'><strong>audierant.</strong></span> <span class='ocrx_word' id='word_1_110' title='bbox 1078 1515 1160 1582; x_wconf 80' lang='lat' dir='ltr'><strong>·llle</strong></span> <span class='ocrx_word' id='word_1_111' title='bbox 1184 1539 1273 1598; x_wconf 87' lang='lat' dir='ltr'><strong>vero,</strong></span> <span class='ocrx_word' id='word_1_112' title='bbox 1297 1539 1370 1582; x_wconf 88' lang='lat' dir='ltr'><strong>cum</strong></span> 
     </span>
     <span class='ocr_line' id='line_1_15' title="bbox 326 1601 1372 1688; baseline 0.001 -21"><span class='ocrx_word' id='word_1_113' title='bbox 326 1601 422 1688; x_wconf 83' lang='lat' dir='ltr'><strong>Jegas</strong></span> <span class='ocrx_word' id='word_1_114' title='bbox 439 1601 618 1667; x_wconf 90' lang='lat' dir='ltr'><strong>Siculorum</strong></span> <span class='ocrx_word' id='word_1_115' title='bbox 635 1605 842 1668; x_wconf 87' lang='lat' dir='ltr'><strong>munitionem</strong></span> <span class='ocrx_word' id='word_1_116' title='bbox 856 1603 962 1668; x_wconf 88' lang='lat' dir='ltr'><strong>obiter</strong></span> <span class='ocrx_word' id='word_1_117' title='bbox 976 1602 1117 1688; x_wconf 74' lang='lat' dir='ltr'><strong>cepisset,</strong></span> <span class='ocrx_word' id='word_1_118' title='bbox 1130 1614 1162 1667; x_wconf 90' lang='lat' dir='ltr'><strong>et</strong></span> <span class='ocrx_word' id='word_1_119' title='bbox 1170 1604 1273 1668; x_wconf 88' lang='lat' dir='ltr'><strong>aciem</strong></span> <span class='ocrx_word' id='word_1_120' title='bbox 1284 1617 1321 1668; x_wconf 90' lang='lat' dir='ltr'><strong>ut</strong></span> <span class='ocrx_word' id='word_1_121' title='bbox 1332 1603 1372 1668; x_wconf 92' lang='lat' dir='ltr'><strong>ad</strong></span> 
     </span>
    </p>

    <p class='ocr_par' dir='ltr' id='par_1_9' title="bbox 325 1686 1396 2806">
     <span class='ocr_line' id='line_1_16' title="bbox 367 1686 1373 1775; baseline 0.005 -25"><span class='ocrx_word' id='word_1_122' title='bbox 367 1686 476 1750; x_wconf 86' lang='lat' dir='ltr'><strong>oelium</strong></span> <span class='ocrx_word' id='word_1_123' title='bbox 500 1688 708 1767; x_wconf 85' lang='lat' dir='ltr'><strong>instruxisset,</strong></span> <span class='ocrx_word' id='word_1_124' title='bbox 725 1689 764 1753; x_wconf 90' lang='lat' dir='ltr'><strong>ad</strong></span> <span class='ocrx_word' id='word_1_125' title='bbox 782 1689 936 1775; x_wconf 79' lang='lat' dir='ltr'><strong>Epipolas</strong></span> <span class='ocrx_word' id='word_1_126' title='bbox 961 1688 1143 1754; x_wconf 83' lang='lat' dir='ltr'><strong>contendit:</strong></span> <span class='ocrx_word' id='word_1_127' title='bbox 1165 1703 1198 1754; x_wconf 87' lang='lat' dir='ltr'><strong>et</strong></span> <span class='ocrx_word' id='word_1_128' title='bbox 1222 1711 1299 1754; x_wconf 90' lang='lat' dir='ltr'><strong>cum</strong></span> <span class='ocrx_word' id='word_1_129' title='bbox 1316 1712 1373 1775; x_wconf 88' lang='lat' dir='ltr'><strong>per</strong></span> 
     </span>
     <span class='ocr_line' id='line_1_17' title="bbox 326 1709 1371 1861; baseline 0.005 -26"><span class='ocrx_word' id='word_1_130' title='bbox 326 1709 503 1859; x_wconf 47' lang='lat' dir='ltr'><strong>hruryelum</strong></span> <span class='ocrx_word' id='word_1_131' title='bbox 531 1773 751 1852; x_wconf 76' lang='lat' dir='ltr'><strong>adscendisset,</strong></span> <span class='ocrx_word' id='word_1_132' title='bbox 768 1797 831 1860; x_wconf 89' lang='lat' dir='ltr'><strong>qua</strong></span> <span class='ocrx_word' id='word_1_133' title='bbox 846 1788 878 1838; x_wconf 91' lang='lat' dir='ltr'><strong>et</strong></span> <span class='ocrx_word' id='word_1_134' title='bbox 894 1777 956 1858; x_wconf 73' lang='grc' dir='ltr'><strong>ἰρςί</strong></span> <span class='ocrx_word' id='word_1_135' title='bbox 970 1774 1177 1840; x_wconf 82' lang='lat' dir='ltr'><strong>Athenienses</strong></span> <span class='ocrx_word' id='word_1_136' title='bbox 1200 1777 1294 1861; x_wconf 84' lang='lat' dir='ltr'><strong>prius</strong></span> <span class='ocrx_word' id='word_1_137' title='bbox 1316 1779 1371 1840; x_wconf 84' lang='lat' dir='ltr'><strong>ad-</strong></span> 
     </span>
     <span class='ocr_line' id='line_1_18' title="bbox 325 1859 1371 1947; baseline 0.003 -25"><span class='ocrx_word' id='word_1_138' title='bbox 325 1861 516 1935; x_wconf 76' lang='lat' dir='ltr'><strong>scenderunt,</strong></span> <span class='ocrx_word' id='word_1_139' title='bbox 532 1880 605 1923; x_wconf 91' lang='lat' dir='ltr'><strong>cum</strong></span> <span class='ocrx_word' id='word_1_140' title='bbox 620 1861 826 1947; x_wconf 76' lang='lat' dir='ltr'><strong>Syracusanis</strong></span> <span class='ocrx_word' id='word_1_141' title='bbox 840 1859 988 1925; x_wconf 82' lang='lat' dir='ltr'><strong>adversas</strong></span> <span class='ocrx_word' id='word_1_142' title='bbox 1003 1859 1248 1927; x_wconf 86' lang='lat' dir='ltr'><strong>Atheniensium</strong></span> <span class='ocrx_word' id='word_1_143' title='bbox 1265 1863 1371 1926; x_wconf 90' lang='lat' dir='ltr'><strong>muni·</strong></span> 
     </span>
     <span class='ocr_line' id='line_1_19' title="bbox 326 1945 1372 2035; baseline 0.004 -28"><span class='ocrx_word' id='word_1_144' title='bbox 326 1945 447 2008; x_wconf 90' lang='lat' dir='ltr'><strong>tionem</strong></span> <span class='ocrx_word' id='word_1_145' title='bbox 473 1947 626 2028; x_wconf 88' lang='lat' dir='ltr'><strong>perrexit.</strong></span> <span class='ocrx_word' id='word_1_146' title='bbox 670 1946 766 2012; x_wconf 88' lang='lat' dir='ltr'><strong>Forte</strong></span> <span class='ocrx_word' id='word_1_147' title='bbox 788 1959 892 2011; x_wconf 88' lang='lat' dir='ltr'><strong>sutem</strong></span> <span class='ocrx_word' id='word_1_148' title='bbox 914 1946 948 2011; x_wconf 92' lang='lat' dir='ltr'><strong>id</strong></span> <span class='ocrx_word' id='word_1_149' title='bbox 971 1961 1033 2010; x_wconf 90' lang='lat' dir='ltr'><strong>tem</strong></span> <span class='ocrx_word' id='word_1_150' title='bbox 1078 1947 1121 2010; x_wconf 88' lang='lat' dir='ltr'><strong>ris</strong></span> <span class='ocrx_word' id='word_1_151' title='bbox 1141 1969 1177 2012; x_wconf 87' lang='lat' dir='ltr'><strong>eo</strong></span> <span class='ocrx_word' id='word_1_152' title='bbox 1191 1948 1292 2024; x_wconf 86' lang='lat' dir='ltr'><strong>venit,</strong></span> <span class='ocrx_word' id='word_1_153' title='bbox 1308 1971 1372 2035; x_wconf 91' lang='lat' dir='ltr'><strong>quo</strong></span> 
     </span>
     <span class='ocr_line' id='line_1_20' title="bbox 326 2027 1372 2120; baseline 0.005 -26"><span class='ocrx_word' id='word_1_154' title='bbox 326 2027 370 2094; x_wconf 91' lang='lat' dir='ltr'><strong>du</strong></span> <span class='ocrx_word' id='word_1_155' title='bbox 395 2029 448 2094; x_wconf 83' lang='lat' dir='ltr'><strong>lex</strong></span> <span class='ocrx_word' id='word_1_156' title='bbox 463 2051 573 2094; x_wconf 90' lang='lat' dir='ltr'><strong>murus</strong></span> <span class='ocrx_word' id='word_1_157' title='bbox 589 2053 603 2094; x_wconf 89' lang='lat' dir='ltr'><strong>s</strong></span> <span class='ocrx_word' id='word_1_158' title='bbox 646 2045 709 2096; x_wconf 89' lang='lat' dir='ltr'><strong>tem</strong></span> <span class='ocrx_word' id='word_1_159' title='bbox 724 2046 837 2096; x_wconf 79' lang='lat' dir='ltr'><strong>octove</strong></span> <span class='ocrx_word' id='word_1_160' title='bbox 848 2031 1020 2096; x_wconf 89' lang='lat' dir='ltr'><strong>stadiorum</strong></span> <span class='ocrx_word' id='word_1_161' title='bbox 1045 2031 1236 2120; x_wconf 77' lang='lat' dir='ltr'><strong>aegitudine</strong></span> <span class='ocrx_word' id='word_1_162' title='bbox 1245 2036 1316 2120; x_wconf 86' lang='lat' dir='ltr'><strong>jam</strong></span> <span class='ocrx_word' id='word_1_163' title='bbox 1332 2034 1372 2099; x_wconf 85' lang='lat' dir='ltr'><strong>ah</strong></span> 
     </span>
     <span class='ocr_line' id='line_1_21' title="bbox 328 2051 1396 2206; baseline 0.006 -28"><span class='ocrx_word' id='word_1_164' title='bbox 328 2051 575 2180; x_wconf 75' lang='lat' dir='ltr'><strong>Atheniensibus</strong></span> <span class='ocrx_word' id='word_1_165' title='bbox 590 2053 797 2206; x_wconf 49' lang='lat' dir='ltr'><strong>admaprum</strong></span> <span class='ocrx_word' id='word_1_166' title='bbox 815 2130 944 2204; x_wconf 88' lang='lat' dir='ltr'><strong>portum</strong></span> <span class='ocrx_word' id='word_1_167' title='bbox 966 2117 1123 2203; x_wconf 88' lang='lat' dir='ltr'><strong>perfectus</strong></span> <span class='ocrx_word' id='word_1_168' title='bbox 1137 2132 1216 2198; x_wconf 85' lang='lat' dir='ltr'><strong>erat,</strong></span> <span class='ocrx_word' id='word_1_169' title='bbox 1234 2135 1374 2204; x_wconf 82' lang='lat' dir='ltr'><strong>excepta</strong></span> <span class='ocrx_word' id='word_1_170' title='bbox 1389 2157 1396 2166; x_wconf 95' lang='lat'><em>·</em></span> 
     </span>
     <span class='ocr_line' id='line_1_22' title="bbox 326 2201 1370 2292; baseline 0.005 -29"><span class='ocrx_word' id='word_1_171' title='bbox 326 2201 445 2286; x_wconf 82' lang='lat' dir='ltr'><strong>exigua</strong></span> <span class='ocrx_word' id='word_1_172' title='bbox 469 2201 606 2286; x_wconf 88' lang='lat' dir='ltr'><strong>quadam</strong></span> <span class='ocrx_word' id='word_1_173' title='bbox 631 2202 693 2288; x_wconf 70' lang='lat' dir='ltr'><strong>eirca</strong></span> <span class='ocrx_word' id='word_1_174' title='bbox 717 2217 819 2288; x_wconf 88' lang='lat' dir='ltr'><strong>parte,</strong></span> <span class='ocrx_word' id='word_1_175' title='bbox 840 2225 912 2290; x_wconf 88' lang='lat' dir='ltr'><strong>quae</strong></span> <span class='ocrx_word' id='word_1_176' title='bbox 938 2225 1027 2268; x_wconf 87' lang='lat' dir='ltr'><strong>mare</strong></span> <span class='ocrx_word' id='word_1_177' title='bbox 1052 2227 1161 2270; x_wconf 87' lang='lat' dir='ltr'><strong>versus</strong></span> <span class='ocrx_word' id='word_1_178' title='bbox 1184 2209 1370 2292; x_wconf 70' lang='lat' dir='ltr'><strong>spectabat:</strong></span> 
     </span>
     <span class='ocr_line' id='line_1_23' title="bbox 327 2286 1371 2372; baseline 0.007 -25"><span class='ocrx_word' id='word_1_179' title='bbox 327 2305 402 2348; x_wconf 87' lang='lat' dir='ltr'><strong>nam</strong></span> <span class='ocrx_word' id='word_1_180' title='bbox 418 2286 619 2351; x_wconf 77' lang='lat' dir='ltr'><strong>Athenienses</strong></span> <span class='ocrx_word' id='word_1_181' title='bbox 641 2299 765 2372; x_wconf 80' lang='lat' dir='ltr'><strong>partem</strong></span> <span class='ocrx_word' id='word_1_182' title='bbox 791 2290 883 2354; x_wconf 84' lang='lat' dir='ltr'><strong>istam</strong></span> <span class='ocrx_word' id='word_1_183' title='bbox 909 2289 1016 2355; x_wconf 90' lang='lat' dir='ltr'><strong>adhuc</strong></span> <span class='ocrx_word' id='word_1_184' title='bbox 1046 2290 1261 2356; x_wconf 71' lang='lat' dir='ltr'><strong>aedificabant.</strong></span> <span class='ocrx_word' id='word_1_185' title='bbox 1299 2291 1371 2357; x_wconf 71' lang='lat' dir='ltr'><strong>’Ab</strong></span> 
     </span>
     <span class='ocr_line' id='line_1_24' title="bbox 327 2368 1371 2463; baseline 0.009 -29"><span class='ocrx_word' id='word_1_186' title='bbox 327 2368 427 2434; x_wconf 87' lang='lat' dir='ltr'><strong>altera</strong></span> <span class='ocrx_word' id='word_1_187' title='bbox 441 2392 527 2451; x_wconf 84' lang='lat' dir='ltr'><strong>vero,</strong></span> <span class='ocrx_word' id='word_1_188' title='bbox 542 2393 642 2460; x_wconf 88' lang='lat' dir='ltr'><strong>eaque</strong></span> <span class='ocrx_word' id='word_1_189' title='bbox 657 2377 775 2460; x_wconf 85' lang='lat' dir='ltr'><strong>majore</strong></span> <span class='ocrx_word' id='word_1_190' title='bbox 789 2375 926 2440; x_wconf 87' lang='lat' dir='ltr'><strong>ambitus</strong></span> <span class='ocrx_word' id='word_1_191' title='bbox 938 2386 1045 2460; x_wconf 80' lang='lat' dir='ltr'><strong>parte,</strong></span> <span class='ocrx_word' id='word_1_192' title='bbox 1061 2375 1234 2463; x_wconf 81' lang='lat' dir='ltr'><strong>Trogilurn</strong></span> <span class='ocrx_word' id='word_1_193' title='bbox 1251 2399 1371 2458; x_wconf 87' lang='lat' dir='ltr'><strong>versus,</strong></span> 
     </span>
     <span class='ocr_line' id='line_1_25' title="bbox 327 2453 1373 2550; baseline 0.009 -31"><span class='ocrx_word' id='word_1_194' title='bbox 327 2453 368 2519; x_wconf 89' lang='lat' dir='ltr'><strong>ad</strong></span> <span class='ocrx_word' id='word_1_195' title='bbox 383 2456 518 2522; x_wconf 89' lang='lat' dir='ltr'><strong>alterum</strong></span> <span class='ocrx_word' id='word_1_196' title='bbox 536 2481 631 2538; x_wconf 89' lang='lat' dir='ltr'><strong>mare,</strong></span> <span class='ocrx_word' id='word_1_197' title='bbox 644 2461 764 2545; x_wconf 90' lang='lat' dir='ltr'><strong>lapides</strong></span> <span class='ocrx_word' id='word_1_198' title='bbox 773 2464 840 2546; x_wconf 87' lang='lat' dir='ltr'><strong>jam</strong></span> <span class='ocrx_word' id='word_1_199' title='bbox 853 2463 1044 2545; x_wconf 87' lang='lat' dir='ltr'><strong>comportati</strong></span> <span class='ocrx_word' id='word_1_200' title='bbox 1053 2462 1221 2547; x_wconf 83' lang='lat' dir='ltr'><strong>jacebant3</strong></span> <span class='ocrx_word' id='word_1_201' title='bbox 1246 2477 1373 2550; x_wconf 87' lang='lat' dir='ltr'><strong>etopus</strong></span> 
     </span>
     <span class='ocr_line' id='line_1_26' title="bbox 326 2541 1373 2634; baseline 0.011 -30"><span class='ocrx_word' id='word_1_202' title='bbox 326 2541 401 2606; x_wconf 91' lang='lat' dir='ltr'><strong>alibi</strong></span> <span class='ocrx_word' id='word_1_203' title='bbox 413 2543 541 2628; x_wconf 92' lang='lat' dir='ltr'><strong>quidem</strong></span> <span class='ocrx_word' id='word_1_204' title='bbox 552 2545 815 2631; x_wconf 83' lang='lat' dir='ltr'><strong>semiperfectum,</strong></span> <span class='ocrx_word' id='word_1_205' title='bbox 828 2545 905 2610; x_wconf 88' lang='lat' dir='ltr'><strong>alibi</strong></span> <span class='ocrx_word' id='word_1_206' title='bbox 915 2568 991 2611; x_wconf 83' lang='lat' dir='ltr'><strong>vero</strong></span> <span class='ocrx_word' id='word_1_207' title='bbox 1002 2547 1097 2612; x_wconf 87' lang='lat' dir='ltr'><strong>etiarn</strong></span> <span class='ocrx_word' id='word_1_208' title='bbox 1110 2548 1289 2634; x_wconf 76' lang='lat' dir='ltr'><strong>perfectum</strong></span> <span class='ocrx_word' id='word_1_209' title='bbox 1304 2563 1373 2616; x_wconf 85' lang='lat' dir='ltr'><strong>crat</strong></span> 
     </span>
     <span class='ocr_line' id='line_1_27' title="bbox 327 2626 1086 2720; baseline 0.013 -31"><span class='ocrx_word' id='word_1_210' title='bbox 327 2626 484 2694; x_wconf 88' lang='lat' dir='ltr'><strong>relictum.</strong></span> <span class='ocrx_word' id='word_1_211' title='bbox 530 2629 581 2694; x_wconf 92' lang='lat' dir='ltr'><strong>Eo</strong></span> <span class='ocrx_word' id='word_1_212' title='bbox 595 2633 726 2716; x_wconf 91' lang='lat' dir='ltr'><strong>periculi</strong></span> <span class='ocrx_word' id='word_1_213' title='bbox 742 2634 908 2720; x_wconf 80' lang='lat' dir='ltr'><strong>Syracusae</strong></span> <span class='ocrx_word' id='word_1_214' title='bbox 923 2647 1086 2704; x_wconf 79' lang='lat' dir='ltr'><strong>uenerant.</strong></span> 
     </span>
     <span class='ocr_line' id='line_1_28' title="bbox 371 2713 1373 2806; baseline 0.014 -32"><span class='ocrx_word' id='word_1_215' title='bbox 371 2722 403 2778; x_wconf 81' lang='grc'><strong>3.</strong></span> <span class='ocrx_word' id='word_1_216' title='bbox 428 2713 637 2782; x_wconf 86' lang='lat' dir='ltr'><strong>Athenienses</strong></span> <span class='ocrx_word' id='word_1_217' title='bbox 657 2731 890 2806; x_wconf 61' lang='lat' dir='ltr'><strong>sarapropter</strong></span> <span class='ocrx_word' id='word_1_218' title='bbox 907 2721 1111 2804; x_wconf 84' lang='lat' dir='ltr'><strong>repentinum</strong></span> <span class='ocrx_word' id='word_1_219' title='bbox 1134 2743 1172 2787; x_wconf 87' lang='lat' dir='ltr'><strong>sc</strong></span> <span class='ocrx_word' id='word_1_220' title='bbox 1194 2721 1256 2786; x_wconf 91' lang='lat' dir='ltr'><strong>sibi</strong></span> <span class='ocrx_word' id='word_1_221' title='bbox 1276 2723 1373 2788; x_wconf 81' lang='lat' dir='ltr'><strong>inies·</strong></span> 
     </span>
    </p>

    <p class='ocr_par' dir='ltr' id='par_1_10' title="bbox 326 2797 1474 3922">
     <span class='ocr_line' id='line_1_29' title="bbox 327 2797 1474 2896; baseline 0.013 -36"><span class='ocrx_word' id='word_1_222' title='bbox 327 2807 394 2860; x_wconf 88' lang='lat' dir='ltr'><strong>turn</strong></span> <span class='ocrx_word' id='word_1_223' title='bbox 406 2797 541 2884; x_wconf 87' lang='lat' dir='ltr'><strong>Gylippi</strong></span> <span class='ocrx_word' id='word_1_224' title='bbox 556 2813 587 2866; x_wconf 88' lang='lat' dir='ltr'><strong>et</strong></span> <span class='ocrx_word' id='word_1_225' title='bbox 603 2805 875 2891; x_wconf 87' lang='lat' dir='ltr'><strong>Syracusanorum</strong></span> <span class='ocrx_word' id='word_1_226' title='bbox 888 2809 1069 2884; x_wconf 83' lang='lat' dir='ltr'><strong>adventurn,</strong></span> <span class='ocrx_word' id='word_1_227' title='bbox 1080 2807 1221 2894; x_wconf 89' lang='lat' dir='ltr'><strong>primum</strong></span> <span class='ocrx_word' id='word_1_228' title='bbox 1239 2811 1373 2896; x_wconf 86' lang='lat' dir='ltr'><strong>quidem</strong></span> <span class='ocrx_word' id='word_1_229' title='bbox 1473 2861 1474 2890; x_wconf 71' lang='lat'><strong>,</strong></span> 
     </span>
     <span class='ocr_line' id='line_1_30' title="bbox 328 2881 1474 2982; baseline 0.014 -36"><span class='ocrx_word' id='word_1_230' title='bbox 328 2881 446 2947; x_wconf 89' lang='lat' dir='ltr'><strong>turbati</strong></span> <span class='ocrx_word' id='word_1_231' title='bbox 468 2897 551 2966; x_wconf 90' lang='lat' dir='ltr'><strong>sunt,</strong></span> <span class='ocrx_word' id='word_1_232' title='bbox 566 2890 665 2953; x_wconf 88' lang='lat' dir='ltr'><strong>aciem</strong></span> <span class='ocrx_word' id='word_1_233' title='bbox 691 2903 798 2955; x_wconf 88' lang='lat' dir='ltr'><strong>tamen</strong></span> <span class='ocrx_word' id='word_1_234' title='bbox 824 2891 1055 2957; x_wconf 71' lang='lat' dir='ltr'><strong>instruxerunt·</strong></span> <span class='ocrx_word' id='word_1_235' title='bbox 1101 2893 1159 2958; x_wconf 90' lang='lat' dir='ltr'><strong>llle</strong></span> <span class='ocrx_word' id='word_1_236' title='bbox 1174 2917 1262 2972; x_wconf 82' lang='lat' dir='ltr'><strong>vero,</strong></span> <span class='ocrx_word' id='word_1_237' title='bbox 1273 2897 1372 2982; x_wconf 86' lang='lat' dir='ltr'><strong>juxta</strong></span> <span class='ocrx_word' id='word_1_238' title='bbox 1473 2893 1474 2898; x_wconf 60' lang='grc'>’</span> 
     </span>
     <span class='ocr_line' id='line_1_31' title="bbox 327 2969 1373 3067; baseline 0.014 -36"><span class='ocrx_word' id='word_1_239' title='bbox 327 2969 411 3052; x_wconf 71' lang='lat' dir='ltr'><strong>specs</strong></span> <span class='ocrx_word' id='word_1_240' title='bbox 432 2991 546 3058; x_wconf 83' lang='lat' dir='ltr'><strong>agmen</strong></span> <span class='ocrx_word' id='word_1_241' title='bbox 569 2974 690 3054; x_wconf 90' lang='lat' dir='ltr'><strong>sistens,</strong></span> <span class='ocrx_word' id='word_1_242' title='bbox 705 2977 944 3042; x_wconf 87' lang='lat' dir='ltr'><strong>caduceatorem</strong></span> <span class='ocrx_word' id='word_1_243' title='bbox 961 2979 1001 3042; x_wconf 87' lang='lat' dir='ltr'><strong>arl</strong></span> <span class='ocrx_word' id='word_1_244' title='bbox 1017 2979 1104 3064; x_wconf 90' lang='lat' dir='ltr'><strong>ipsos</strong></span> <span class='ocrx_word' id='word_1_245' title='bbox 1118 2981 1303 3066; x_wconf 84' lang='lat' dir='ltr'><strong>praemittit,</strong></span> <span class='ocrx_word' id='word_1_246' title='bbox 1318 2983 1373 3067; x_wconf 90' lang='lat' dir='ltr'><strong>qui</strong></span> 
     </span>
     <span class='ocr_line' id='line_1_32' title="bbox 327 3053 1473 3149; baseline 0.017 -31"><span class='ocrx_word' id='word_1_247' title='bbox 327 3053 456 3132; x_wconf 83' lang='lat' dir='ltr'><strong>diceret,</strong></span> <span class='ocrx_word' id='word_1_248' title='bbox 473 3058 498 3120; x_wconf 92' lang='lat' dir='ltr'><strong>si</strong></span> <span class='ocrx_word' id='word_1_249' title='bbox 513 3056 597 3124; x_wconf 90' lang='lat' dir='ltr'><strong>intra</strong></span> <span class='ocrx_word' id='word_1_250' title='bbox 618 3063 760 3149; x_wconf 90' lang='lat' dir='ltr'><strong>quinque</strong></span> <span class='ocrx_word' id='word_1_251' title='bbox 783 3063 849 3127; x_wconf 90' lang='lat' dir='ltr'><strong>dies</strong></span> <span class='ocrx_word' id='word_1_252' title='bbox 868 3085 909 3128; x_wconf 90' lang='lat' dir='ltr'><strong>ex</strong></span> <span class='ocrx_word' id='word_1_253' title='bbox 925 3063 1035 3130; x_wconf 87' lang='lat' dir='ltr'><strong>Sicilia</strong></span> <span class='ocrx_word' id='word_1_254' title='bbox 1056 3063 1218 3130; x_wconf 83' lang='lat' dir='ltr'><strong>discedere</strong></span> <span class='ocrx_word' id='word_1_255' title='bbox 1240 3067 1370 3145; x_wconf 87' lang='lat' dir='ltr'><strong>vellent,</strong></span> <span class='ocrx_word' id='word_1_256' title='bbox 1472 3115 1473 3138; x_wconf 58' lang='lat' dir='ltr'><strong>r</strong></span> 
     </span>
     <span class='ocr_line' id='line_1_33' title="bbox 327 3141 1373 3237; baseline 0.017 -36"><span class='ocrx_word' id='word_1_257' title='bbox 327 3141 438 3204; x_wconf 78' lang='lat' dir='ltr'><strong>sunnis</strong></span> <span class='ocrx_word' id='word_1_258' title='bbox 453 3141 518 3206; x_wconf 90' lang='lat' dir='ltr'><strong>suis</strong></span> <span class='ocrx_word' id='word_1_259' title='bbox 533 3145 637 3223; x_wconf 87' lang='lat' dir='ltr'><strong>rebus,</strong></span> <span class='ocrx_word' id='word_1_260' title='bbox 650 3169 682 3210; x_wconf 89' lang='lat' dir='ltr'><strong>se</strong></span> <span class='ocrx_word' id='word_1_261' title='bbox 696 3164 842 3234; x_wconf 84' lang='lat' dir='ltr'><strong>paratum</strong></span> <span class='ocrx_word' id='word_1_262' title='bbox 859 3173 925 3214; x_wconf 90' lang='lat' dir='ltr'><strong>esse</strong></span> <span class='ocrx_word' id='word_1_263' title='bbox 936 3150 977 3214; x_wconf 87' lang='lat' dir='ltr'><strong>ad</strong></span> <span class='ocrx_word' id='word_1_264' title='bbox 992 3150 1099 3216; x_wconf 81' lang='lat' dir='ltr'><strong>fredus</strong></span> <span class='ocrx_word' id='word_1_265' title='bbox 1115 3173 1189 3216; x_wconf 88' lang='lat' dir='ltr'><strong>cum</strong></span> <span class='ocrx_word' id='word_1_266' title='bbox 1200 3153 1280 3237; x_wconf 87' lang='lat' dir='ltr'><strong>ipsis</strong></span> <span class='ocrx_word' id='word_1_267' title='bbox 1295 3153 1373 3219; x_wconf 79' lang='lat' dir='ltr'><strong>iaci·</strong></span> 
     </span>
     <span class='ocr_line' id='line_1_34' title="bbox 326 3225 1375 3324; baseline 0.019 -38"><span class='ocrx_word' id='word_1_268' title='bbox 326 3225 454 3290; x_wconf 90' lang='lat' dir='ltr'><strong>endum.</strong></span> <span class='ocrx_word' id='word_1_269' title='bbox 500 3227 551 3291; x_wconf 91' lang='lat' dir='ltr'><strong>Illi</strong></span> <span class='ocrx_word' id='word_1_270' title='bbox 566 3253 642 3297; x_wconf 85' lang='lat' dir='ltr'><strong>vero</strong></span> <span class='ocrx_word' id='word_1_271' title='bbox 661 3235 725 3297; x_wconf 83' lang='lat' dir='ltr'><strong>loec</strong></span> <span class='ocrx_word' id='word_1_272' title='bbox 745 3235 835 3319; x_wconf 85' lang='lat' dir='ltr'><strong>parvi</strong></span> <span class='ocrx_word' id='word_1_273' title='bbox 856 3235 1023 3312; x_wconf 86' lang='lat' dir='ltr'><strong>faciehant,</strong></span> <span class='ocrx_word' id='word_1_274' title='bbox 1039 3237 1194 3324; x_wconf 89' lang='lat' dir='ltr'><strong>nulloque</strong></span> <span class='ocrx_word' id='word_1_275' title='bbox 1215 3259 1375 3324; x_wconf 84' lang='lat' dir='ltr'><strong>responso</strong></span> 
     </span>
     <span class='ocr_line' id='line_1_35' title="bbox 327 3309 1375 3412; baseline 0.019 -41"><span class='ocrx_word' id='word_1_276' title='bbox 327 3309 463 3389; x_wconf 88' lang='lat' dir='ltr'><strong>reddito,</strong></span> <span class='ocrx_word' id='word_1_277' title='bbox 487 3317 713 3382; x_wconf 83' lang='lat' dir='ltr'><strong>caduceatorem</strong></span> <span class='ocrx_word' id='word_1_278' title='bbox 742 3320 941 3386; x_wconf 87' lang='lat' dir='ltr'><strong>remiserunt.</strong></span> <span class='ocrx_word' id='word_1_279' title='bbox 998 3323 1115 3388; x_wconf 84' lang='lat' dir='ltr'><strong>Postea</strong></span> <span class='ocrx_word' id='word_1_280' title='bbox 1139 3345 1216 3388; x_wconf 85' lang='lat' dir='ltr'><strong>vero</strong></span> <span class='ocrx_word' id='word_1_281' title='bbox 1243 3328 1375 3412; x_wconf 91' lang='lat' dir='ltr'><strong>utrique</strong></span> 
     </span>
     <span class='ocr_line' id='line_1_36' title="bbox 327 3395 1472 3492; baseline 0.02 -35"><span class='ocrx_word' id='word_1_282' title='bbox 327 3395 425 3459; x_wconf 86' lang='lat' dir='ltr'><strong>aciem</strong></span> <span class='ocrx_word' id='word_1_283' title='bbox 447 3398 525 3462; x_wconf 83' lang='lat' dir='ltr'><strong>aciei</strong></span> <span class='ocrx_word' id='word_1_284' title='bbox 546 3401 707 3467; x_wconf 88' lang='lat' dir='ltr'><strong>adversam</strong></span> <span class='ocrx_word' id='word_1_285' title='bbox 733 3419 770 3470; x_wconf 87' lang='lat' dir='ltr'><strong>ut</strong></span> <span class='ocrx_word' id='word_1_286' title='bbox 791 3406 831 3470; x_wconf 90' lang='lat' dir='ltr'><strong>ad</strong></span> <span class='ocrx_word' id='word_1_287' title='bbox 855 3407 1006 3492; x_wconf 87' lang='lat' dir='ltr'><strong>praelium</strong></span> <span class='ocrx_word' id='word_1_288' title='bbox 1026 3409 1262 3476; x_wconf 86' lang='lat' dir='ltr'><strong>instruxerunt.</strong></span> <span class='ocrx_word' id='word_1_289' title='bbox 1310 3412 1375 3478; x_wconf 83' lang='lat' dir='ltr'><strong>Sed</strong></span> <span class='ocrx_word' id='word_1_290' title='bbox 1470 3451 1472 3470; x_wconf 82' lang='lat'>‹</span> 
     </span>
     <span class='ocr_line' id='line_1_37' title="bbox 327 3478 1472 3581; baseline 0.017 -38"><span class='ocrx_word' id='word_1_291' title='bbox 327 3478 487 3580; x_wconf 60' lang='lat' dir='ltr'><strong>§iylippus</strong></span> <span class='ocrx_word' id='word_1_292' title='bbox 498 3486 761 3566; x_wconf 83' lang='lat' dir='ltr'><strong>animadvertens,</strong></span> <span class='ocrx_word' id='word_1_293' title='bbox 776 3493 989 3578; x_wconf 86' lang='lat' dir='ltr'><strong>Syracusanos</strong></span> <span class='ocrx_word' id='word_1_294' title='bbox 999 3496 1194 3581; x_wconf 87' lang='lat' dir='ltr'><strong>perturbari,</strong></span> <span class='ocrx_word' id='word_1_295' title='bbox 1202 3511 1269 3561; x_wconf 82' lang='lat' dir='ltr'><strong>&#39;nec</strong></span> <span class='ocrx_word' id='word_1_296' title='bbox 1281 3497 1375 3564; x_wconf 81' lang='lat' dir='ltr'><strong>facile</strong></span> <span class='ocrx_word' id='word_1_297' title='bbox 1471 3491 1472 3518; x_wconf 65' lang='lat'>³</span> 
     </span>
     <span class='ocr_line' id='line_1_38' title="bbox 326 3569 1375 3666; baseline 0.022 -41"><span class='ocrx_word' id='word_1_298' title='bbox 326 3585 445 3664; x_wconf 68' lang='lat' dir='ltr'><strong>rnsuos</strong></span> <span class='ocrx_word' id='word_1_299' title='bbox 457 3569 583 3636; x_wconf 88' lang='lat' dir='ltr'><strong>ordines</strong></span> <span class='ocrx_word' id='word_1_300' title='bbox 595 3575 706 3662; x_wconf 86' lang='lat' dir='ltr'><strong>redigi,</strong></span> <span class='ocrx_word' id='word_1_301' title='bbox 717 3578 824 3662; x_wconf 90' lang='lat' dir='ltr'><strong>copias</strong></span> <span class='ocrx_word' id='word_1_302' title='bbox 839 3579 988 3643; x_wconf 89' lang='lat' dir='ltr'><strong>inlocum</strong></span> <span class='ocrx_word' id='word_1_303' title='bbox 1002 3581 1213 3666; x_wconf 88' lang='lat' dir='ltr'><strong>patentiorem</strong></span> <span class='ocrx_word' id='word_1_304' title='bbox 1227 3583 1375 3650; x_wconf 85' lang='lat' dir='ltr'><strong>reduxit.</strong></span> 
     </span>
     <span class='ocr_line' id='line_1_39' title="bbox 330 3647 1374 3736; baseline 0.024 -24"><span class='ocrx_word' id='word_1_305' title='bbox 330 3647 436 3714; x_wconf 86' lang='lat' dir='ltr'><strong>Nrcras</strong></span> <span class='ocrx_word' id='word_1_306' title='bbox 458 3673 532 3718; x_wconf 84' lang='lat' dir='ltr'><strong>vero</strong></span> <span class='ocrx_word' id='word_1_307' title='bbox 548 3657 757 3726; x_wconf 85' lang='lat' dir='ltr'><strong>Athenienses</strong></span> <span class='ocrx_word' id='word_1_308' title='bbox 779 3663 929 3728; x_wconf 86' lang='lat' dir='ltr'><strong>adversus</strong></span> <span class='ocrx_word' id='word_1_309' title='bbox 951 3667 1065 3731; x_wconf 76' lang='lat' dir='ltr'><strong>hostem</strong></span> <span class='ocrx_word' id='word_1_310' title='bbox 1090 3687 1155 3731; x_wconf 91' lang='lat' dir='ltr'><strong>non</strong></span> <span class='ocrx_word' id='word_1_311' title='bbox 1178 3669 1296 3735; x_wconf 83' lang='lat' dir='ltr'><strong>duxit:</strong></span> <span class='ocrx_word' id='word_1_312' title='bbox 1320 3670 1374 3736; x_wconf 88' lang='lat' dir='ltr'><strong>sed</strong></span> 
     </span>
     <span class='ocr_line' id='line_1_40' title="bbox 327 3747 1376 3844; baseline 0.022 -44"><span class='ocrx_word' id='word_1_313' title='bbox 327 3753 429 3833; x_wconf 74' lang='lat' dir='ltr'><strong>prope</strong></span> <span class='ocrx_word' id='word_1_314' title='bbox 442 3757 529 3803; x_wconf 88' lang='lat' dir='ltr'><strong>suarn</strong></span> <span class='ocrx_word' id='word_1_315' title='bbox 544 3747 753 3810; x_wconf 88' lang='lat' dir='ltr'><strong>munitionem</strong></span> <span class='ocrx_word' id='word_1_316' title='bbox 769 3769 802 3812; x_wconf 84' lang='lat' dir='ltr'><strong>se</strong></span> <span class='ocrx_word' id='word_1_317' title='bbox 815 3771 880 3813; x_wconf 86' lang='lat' dir='ltr'><strong>cum</strong></span> <span class='ocrx_word' id='word_1_318' title='bbox 894 3753 958 3815; x_wconf 83' lang='lat' dir='ltr'><strong>suis</strong></span> <span class='ocrx_word' id='word_1_319' title='bbox 971 3754 1070 3836; x_wconf 84' lang='lat' dir='ltr'><strong>copiis</strong></span> <span class='ocrx_word' id='word_1_320' title='bbox 1084 3753 1256 3821; x_wconf 90' lang='lat' dir='ltr'><strong>continuit.</strong></span> <span class='ocrx_word' id='word_1_321' title='bbox 1305 3757 1376 3844; x_wconf 88' lang='lat' dir='ltr'><strong>Gy·</strong></span> 
     </span>
     <span class='ocr_line' id='line_1_41' title="bbox 326 3817 1374 3922; baseline 0.029 -43"><span class='ocrx_word' id='word_1_322' title='bbox 326 3817 431 3904; x_wconf 87' lang='lat' dir='ltr'><strong>hppus</strong></span> <span class='ocrx_word' id='word_1_323' title='bbox 445 3837 562 3908; x_wconf 86' lang='lat' dir='ltr'><strong>autem,</strong></span> <span class='ocrx_word' id='word_1_324' title='bbox 578 3849 651 3894; x_wconf 91' lang='lat' dir='ltr'><strong>cum</strong></span> <span class='ocrx_word' id='word_1_325' title='bbox 666 3833 939 3901; x_wconf 86' lang='lat' dir='ltr'><strong>animadvertisset</strong></span> <span class='ocrx_word' id='word_1_326' title='bbox 954 3837 1039 3922; x_wconf 88' lang='lat' dir='ltr'><strong>ipsos</strong></span> <span class='ocrx_word' id='word_1_327' title='bbox 1055 3853 1169 3904; x_wconf 85' lang='lat' dir='ltr'><strong>contra</strong></span> <span class='ocrx_word' id='word_1_328' title='bbox 1183 3865 1218 3906; x_wconf 91' lang='lat' dir='ltr'><strong>se</strong></span> <span class='ocrx_word' id='word_1_329' title='bbox 1234 3863 1305 3908; x_wconf 90' lang='lat' dir='ltr'><strong>non</strong></span> <span class='ocrx_word' id='word_1_330' title='bbox 1320 3865 1374 3908; x_wconf 84' lang='lat' dir='ltr'><strong>ve-</strong></span> 
     </span>
    </p>
   </div>
   <div class='ocr_carea' id='block_1_6' title="bbox 332 4020 1375 4143">
    <p class='ocr_par' dir='ltr' id='par_1_11' title="bbox 332 4020 1375 4143">
     <span class='ocr_line' id='line_1_42' title="bbox 332 4020 1375 4143; baseline 0.016 -60"><span class='ocrx_word' id='word_1_331' title='bbox 332 4020 536 4143; x_wconf 48' lang='lat' dir='ltr'><strong>Vduiile’fliffl</strong></span> <span class='ocrx_word' id='word_1_332' title='bbox 554 4034 579 4081; x_wconf 87' lang='lat' dir='ltr'><strong>tn</strong></span> <span class='ocrx_word' id='word_1_333' title='bbox 599 4037 652 4098; x_wconf 85' lang='lat' dir='ltr'><strong>ipso</strong></span> <span class='ocrx_word' id='word_1_334' title='bbox 669 4040 755 4088; x_wconf 83' lang='lat' dir='ltr'><strong>itinere</strong></span> <span class='ocrx_word' id='word_1_335' title='bbox 768 4042 843 4104; x_wconf 71' lang='lat' dir='ltr'><strong>tegas</strong></span> <span class='ocrx_word' id='word_1_336' title='bbox 860 4042 998 4092; x_wconf 81' lang='lat' dir='ltr'><strong>Siculorum</strong></span> <span class='ocrx_word' id='word_1_337' title='bbox 1016 4061 1117 4094; x_wconf 89' lang='lat' dir='ltr'><strong>murum</strong></span> <span class='ocrx_word' id='word_1_338' title='bbox 1135 4059 1306 4111; x_wconf 75' lang='lat' dir='ltr'><strong>expugnasset</strong></span> <span class='ocrx_word' id='word_1_339' title='bbox 1328 4060 1375 4100; x_wconf 86' lang='lat' dir='ltr'><strong>ete.</strong></span> 
     </span>
    </p>
   </div>
   <div class='ocr_carea' id='block_1_7' title="bbox 360 4149 1376 4241">
    <p class='ocr_par' dir='ltr' id='par_1_12' title="bbox 360 4149 1376 4241">
     <span class='ocr_line' id='line_1_43' title="bbox 360 4149 1376 4241; baseline 0.04 -45"><span class='ocrx_word' id='word_1_340' title='bbox 360 4149 372 4186; x_wconf 75' lang='lat' dir='ltr'>b</span> <span class='ocrx_word' id='word_1_341' title='bbox 389 4152 428 4199; x_wconf 75' lang='grc' dir='ltr'><strong>Ει</strong></span> <span class='ocrx_word' id='word_1_342' title='bbox 437 4157 605 4209; x_wconf 76' lang='lat' dir='ltr'><strong>altercantem</strong></span> <span class='ocrx_word' id='word_1_343' title='bbox 622 4166 882 4228; x_wconf 49' lang='lat' dir='ltr'><strong>mmruonum‘pane,</strong></span> <span class='ocrx_word' id='word_1_344' title='bbox 890 4169 965 4233; x_wconf 82' lang='lat' dir='ltr'><strong>juxta</strong></span> <span class='ocrx_word' id='word_1_345' title='bbox 974 4173 1116 4236; x_wconf 59' lang='lat' dir='ltr'><strong>nostrum,</strong></span> <span class='ocrx_word' id='word_1_346' title='bbox 1125 4179 1284 4241; x_wconf 75' lang='lat' dir='ltr'><strong>altamque</strong></span> <span class='ocrx_word' id='word_1_347' title='bbox 1295 4189 1376 4237; x_wconf 59' lang='lat' dir='ltr'><strong>mm,</strong></span> 
     </span>
    </p>
   </div>
   <div class='ocr_carea' id='block_1_8' title="bbox 327 4214 1374 4339">
    <p class='ocr_par' dir='ltr' id='par_1_13' title="bbox 327 4214 1374 4339">
     <span class='ocr_line' id='line_1_44' title="bbox 328 4214 1374 4306; baseline 0.045 -49"><span class='ocrx_word' id='word_1_348' title='bbox 328 4214 419 4273; x_wconf 80' lang='lat' dir='ltr'><strong>lapides</strong></span> <span class='ocrx_word' id='word_1_349' title='bbox 429 4222 538 4296; x_wconf 54' lang='lat' dir='ltr'><strong>manime</strong></span> <span class='ocrx_word' id='word_1_350' title='bbox 553 4223 776 4290; x_wconf 72' lang='lat' dir='ltr'><strong>sdjeenjscebantr</strong></span> <span class='ocrx_word' id='word_1_351' title='bbox 794 4239 819 4280; x_wconf 84' lang='lat' dir='ltr'><strong>et</strong></span> <span class='ocrx_word' id='word_1_352' title='bbox 829 4238 945 4296; x_wconf 74' lang='lat' dir='ltr'><strong>quedem</strong></span> <span class='ocrx_word' id='word_1_353' title='bbox 963 4239 1031 4288; x_wconf 79' lang='lat' dir='ltr'><strong>haud</strong></span> <span class='ocrx_word' id='word_1_354' title='bbox 1046 4241 1108 4290; x_wconf 86' lang='lat' dir='ltr'><strong>dum</strong></span> <span class='ocrx_word' id='word_1_355' title='bbox 1125 4244 1246 4304; x_wconf 61' lang='lat' dir='ltr'><strong>pesas,</strong></span> <span class='ocrx_word' id='word_1_356' title='bbox 1258 4246 1374 4306; x_wconf 62' lang='lat' dir='ltr'><strong>qm!</strong></span> 
     </span>
     <span class='ocr_line' id='line_1_45' title="bbox 327 4277 680 4339; baseline 0.048 -19"><span class='ocrx_word' id='word_1_357' title='bbox 327 4277 436 4326; x_wconf 80' lang='lat' dir='ltr'><strong>absoluta</strong></span> <span class='ocrx_word' id='word_1_358' title='bbox 448 4283 538 4334; x_wconf 75' lang='lat' dir='ltr'><strong>relicta.</strong></span> <span class='ocrx_word' id='word_1_359' title='bbox 571 4289 680 4339; x_wconf 80' lang='lat' dir='ltr'><strong>Aeacius.</strong></span> 
     </span>
    </p>
   </div>
   <div class='ocr_carea' id='block_1_9' title="bbox 0 0 1491 4786">
    <p class='ocr_par' dir='ltr' id='par_1_14' title="bbox 0 0 1491 4786">
     <span class='ocr_line' id='line_1_46' title="bbox 0 0 1491 4786; baseline 0 0"><span class='ocrx_word' id='word_1_360' title='bbox 0 0 1491 4786; x_wconf 95' lang='lat' dir='ltr'><strong> </strong></span> 
     </span>
    </p>
   </div>
  </div>
 </body>
</html>
