3004 4768
348 711 538 796 LIBER
573 709 860 798 OCTAVUS.

501 985 696 1028 -Φ-

92 1227 197 1312 HOC
221 1255 327 1310 autem
354 1253 451 1310 tunice
472 1246 571 1311 cladis
595 1246 709 1310 nuntio
735 1244 879 1313 Athenas
901 1245 1012 1325 allato,
1027 1246 1124 1314 Atte-
1156 1259 1219 1307 Bell·

91 1331 202 1396 aienses
226 1329 282 1396 diu
308 1352 349 1395 ne
376 1332 547 1417 praecipuis
570 1332 699 1418 quidem
724 1333 888 1412 militibus,
911 1335 966 1422 qui
988 1354 1027 1397 ex
1053 1335 1125 1418 ipso
1146 1322 1167 1370 1²
1167 1325 1231 1384 ⁰¹⁰⁹·

90 1415 201 1499 proelio
222 1429 397 1495 evaserant,
412 1429 445 1482 et
465 1429 575 1502 aperte
597 1419 792 1499 nuntiarant,
813 1418 910 1485 fidem
932 1387 1235 1514 babuerunt‚3i'51i,⁹⁰

89 1515 125 1566 ut
138 1503 182 1573 sic
195 1502 336 1567 funditus
349 1524 459 1567 eversa
477 1503 651 1568 crederent.
698 1503 764 1570 Sed
782 1517 951 1656 postquam
966 1527 1124 1594 cognore-
1155 1517 1196 1564 91·

90 1601 173 1667 runt,
188 1589 382 1667 oratoribus,
397 1589 471 1675 'qui
493 1610 567 1654 cum
590 1588 658 1654 aliis
678 1588 762 1655 hanc
784 1613 845 1657 nar
877 1614 927 1657 em
943 1591 1125 1692 expeditio·
1150 1579 1229 1692 ξιξ·

88 1694 159 1738 nern
182 1674 320 1740 studiose
341 1686 515 1753 suaserant,
530 1685 620 1740 erant
642 1675 766 1756 infensi,
782 1677 874 1764 quasi
891 1679 971 1742 lanc
984 1677 1045 1764 rpsi
1060 1699 1127 1743 uon
1163 1675 1229 1758 3er

87 1757 312 1836 decrevisseut;
336 1761 508 1860 quinetiam
533 1761 749 1827 irascebantur
765 1777 797 1828 et
819 1762 924 1829 ariolis
945 1775 976 1828 et
990 1763 1127 1842 vatibus,

85 1857 117 1910 et
138 1858 296 1933 quotquot
317 1845 436 1933 ahquid
459 1849 566 1912 afflatu
590 1846 700 1912 divino
722 1869 778 1914 cor
837 1849 861 1912 ti
886 1847 1047 1928 dixerant,
1062 1871 1128 1936 quo

87 1943 164 1998 tuuc
178 1931 265 2017 ipsos
284 1933 316 1996 in
334 1931 452 1999 sicitiae
474 1933 639 2018 capiendae
660 1954 749 2018 spem
771 1935 803 1998 in
829 1946 975 2000 uxerant.
1021 1933 1128 2000 Undi-

85 2040 149 2104 que
165 2029 272 2083 autem
293 2019 401 2083 omnia
423 2018 507 2104 ipsos
530 2040 668 2084 moerore
689 2017 879 2099 afficiebant,
894 2033 927 2084 et
948 2041 1047 2105 pavor
1062 2020 1129 2086 ani-

86 2103 196 2190 mique
209 2106 423 2170 consternatio
436 2105 577 2172 maxima
597 2103 751 2189 prolecto,
766 2119 898 2192 propter
913 2105 958 2184 id,
974 2105 1061 2192 quod
1076 2127 1130 2172 ac·

84 2190 220 2270 ciderat,
249 2192 331 2272 ipsos
359 2189 593 2256 circumstabat.
640 2189 743 2256 Simul
771 2192 856 2256 enirn
885 2189 1131 2272 afflictabantur,

83 2275 173 2362 quod
189 2288 221 2341 et
237 2276 382 2361 privatim
393 2288 425 2342 et
440 2276 566 2359 publice
581 2276 695 2360 privati
707 2289 810 2344 essent
820 2289 853 2342 et
868 2277 971 2343 multo
985 2277 1128 2363 peditatu

83 2375 117 2427 et
131 2362 287 2450 equitatu,
302 2373 334 2427 et
348 2364 526 2448 juventute,
540 2362 666 2448 qualern
681 2363 811 2428 alteram
828 2385 989 2448 superesse
1004 2386 1068 2428 non
1085 2364 1129 2428 vi·

80 2447 217 2513 debant.
264 2448 369 2514 Simul
395 2449 487 2514 etiam
510 2447 597 2535 quod
622 2448 776 2526 viderent,
796 2471 860 2514 non
886 2450 960 2515 satis
981 2471 1048 2514 esse
1071 2470 1128 2514 ue·

83 2535 174 2600 vium
192 2534 225 2597 in
241 2533 416 2616 navalibus,
431 2555 491 2619 nec
503 2536 582 2602 satis
602 2536 746 2621 pecuniae
762 2537 794 2600 in
810 2535 936 2613 aerario,
951 2555 1011 2601 nec
1025 2557 1128 2600 arma-

80 2633 269 2686 mentorum
292 2620 334 2685 ad
358 2619 502 2685 nauticos
524 2642 599 2686 usus
623 2620 885 2699 necessariorum,
902 2622 936 2686 iu
960 2621 1129 2706 praesentia

79 2707 125 2772 de
141 2728 202 2771 sua
215 2706 316 2771 salute
330 2705 560 2792 desperabant:
583 2717 615 2774 et
636 2707 742 2773 hostes
760 2729 801 2772 ex
818 2707 926 2774 Sicilia
942 2731 1015 2773 cunr
1030 2707 1128 2773 classe

77 2791 256 2858 confestim
272 2792 305 2856 iu
323 2793 478 2857 Piroeeum
494 2792 643 2859 adversus
662 2817 696 2858 se
712 2807 861 2859 venturos
883 2793 1130 2872 arbitrabantur,

77 2879 266 2964 praesertinr
284 2889 373 2944 tanta
387 2878 519 2944 victoria
540 2879 676 2965 potitos:
699 2881 872 2967 quinetiam
893 2879 1011 2962 hostes,
1026 2880 1129 2967 quiin

76 2965 141 3032 illa
165 2965 296 3054 regione
310 2963 398 3030 aedes
418 2965 589 3043 habebant,
604 2976 682 3030 tunc
697 2979 782 3032 certe
796 2988 869 3030 cum
891 2965 1006 3032 bellico
1023 2988 1129 3031 rerum

76 3051 236 3118 omnium
252 3063 407 3136 apparatu
418 3051 521 3137 duplo
538 3051 666 3138 majore,
682 3073 817 3152 suosque
832 3050 944 3130 socios,
956 3049 1132 3117 defectione

76 3137 124 3202 ab
150 3137 388 3203 Atheniensibus
400 3139 508 3218 fricta,
529 3157 594 3201 una
618 3158 691 3201 cum
713 3137 790 3223 ipsis
810 3139 877 3223 jam
905 3137 979 3202 totis
1001 3136 1131 3220 viribus,

73 3237 176 3290 terra
192 3223 336 3310 marique
350 3245 434 3289 suam
448 3222 662 3306 rempublicam
677 3238 928 3312 oppugnaturos.
974 3223 1131 3289 Verunta-

74 3331 164 3374 men
186 3310 290 3394 (utin
312 3309 462 3395 praeseuti
486 3330 593 3374 rerum
615 3318 699 3376 statu
720 3309 852 3378 facultas
867 3309 1015 3392 dabatur)
1029 3311 1132 3374 visum

73 3409 133 3462 est
151 3417 219 3460 non
234 3409 382 3481 oportere
405 3395 629 3461 succumbere:
654 3395 709 3460 sed
725 3408 756 3460 et
780 3396 910 3462 classem
926 3418 1050 3483 parare,
1065 3418 1133 3461 ma-

74 3482 172 3548 teria
187 3494 220 3546 et
234 3482 380 3568 pecunia,
395 3481 481 3546 uude
503 3494 640 3566 possent,
656 3496 858 3568 comparata;
881 3495 912 3548 et
927 3481 1027 3547 socios
1051 3504 1133 3566 prae-

70 3567 181 3634 fl'diis
193 3567 335 3650 firmare,
349 3583 381 3634 et
394 3568 556 3654 praecipue
573 3565 733 3632 Euboeam
738 3592 748 3646 3
764 3580 795 3633 et
810 3592 859 3633 res
874 3568 1013 3634 urbanas
1027 3568 1135 3654 aliqua

72 3677 125 3720 ex
158 3669 250 3738 parte
274 3655 434 3742 corrigere
459 3664 644 3740 sumtusque
667 3655 828 3720 minuere:
852 3669 884 3719 et
908 3677 1017 3720 creare
1042 3657 1135 3740 etiam

63 3742 213 3827 placuit
237 3739 374 3825 aliquem
398 3737 626 3828 Magistratum
653 3741 824 3818 seniorum,
840 3741 895 3829 qui
911 3739 961 3806 de
985 3742 1135 3826 praesenti

72 3848 202 3892 rerum
228 3838 322 3904 statu,
338 3825 415 3892 dum
439 3827 540 3890 adhuc
562 3838 624 3890 tem
648 3848 685 3890 us
707 3839 925 3911 opportunum
948 3833 1039 3906 esset,
1063 3840 1137 3892 ante

71 3923 221 3979 caeteros
234 3935 334 3978 omaus
348 3911 573 3977 consultarent.
617 3847 768 3997 Benique
783 3914 884 4000 (quod
900 3912 1012 4000 vulgus
1033 3913 1137 3978 facere

68 3997 186 4081 solet)
210 4011 341 4086 propter
365 3999 530 4086 praeaentia
556 4009 659 4062 metus
685 3997 937 4087 magnitudinem
961 3999 1001 4063 ad
1027 3999 1136 4064 omnia

114 4201 134 4232 ¹
151 4198 252 4253 Quibus
263 4211 313 4245 uae
321 4211 379 4246 cum
390 4197 443 4246 aliis
454 4209 587 4257 propensus
595 4198 625 4243 ad
638 4197 816 4258 navigationem
826 4197 906 4245 luerat
916 4199 1024 4258 animus,
1036 4197 1052 4244 i.
1062 4211 1084 4248 e.
1094 4197 1136 4260 qut

67 4263 116 4312 nd
131 4263 244 4310 aliorum
256 4261 438 4311 inclinationem
450 4261 527 4310 autari
538 4274 608 4308 auam
619 4258 787 4326 adjunxerant.
820 4262 899 4324 Stqrtt.
