3004 4768
401 309 646 376 HlSTORlAE
669 307 758 374 LlB.
784 307 876 372 Vlll.
1091 315 1155 376 6οῖ

129 481 175 548 rel
196 481 337 582 maxime
358 481 531 582 impedivitt
576 477 639 546 Sed
662 477 919 628 puendoquidem
945 475 1011 579 ipse
1034 495 1158 548 creatus
1188 501 1250 552 lat.

127 580 209 632 esset
232 580 413 653 imperator,
429 585 463 632 se
481 585 620 652 primum
645 587 664 628 a
706 563 950 650 Tissaphernem
973 581 1105 646 iturum,
1127 584 1159 633 et
1176 565 1260 626 ΜΨ

127 651 201 718 belli
226 654 353 744 negotia
375 652 593 724 confecturum
617 652 710 718 distr.
756 649 931 716 Confestim
959 667 1064 718 eutem
1088 669 1160 739 post
1174 629 1272 754 35¹²ss

128 738 217 806 istem
237 741 422 806 concionem
438 739 524 814 abiit,
541 753 576 802 ut
590 737 751 804 rideretur
771 737 879 802 omnin
899 749 973 802 curn
995 738 1052 804 illo
1072 763 1159 805 corn·
1186 757 1264 818 sea.

126 826 296 904 municure,
313 825 407 890 simul
419 826 514 890 etiam
529 823 616 910 quod
638 822 723 906 apud
741 821 879 888 illumin
901 825 1021 908 majore
1038 825 1160 892 honore
1186 822 1259 934 ξω·

126 933 191 976 esse
205 928 345 994 cuperet,
360 924 393 978 et
412 925 582 988 osterstere,
597 929 631 976 se
651 908 747 976 etium
769 909 992 993 imperatorem
1009 913 1077 995 jam
1091 936 1160 978 ese·
1196 899 1259 1013 ἦ

127 1009 211 1063 stum
233 1019 314 1079 esse,
334 997 378 1062 illi
401 1019 441 1065 ue
461 1011 495 1062 et
515 995 664 1082 prodesse
686 1009 719 1059 et
738 995 851 1072 ,obeso
871 1016 973 1076 posse.
1018 997 1161 1086 Contigit

128 1095 229 1148 nutem
247 1019 416 1160 sisinnii,
428 1096 461 1147 ut
477 1105 534 1175 per
549 1081 793 1166 'Tissaphernem
810 1079 939 1168 quidem·
949 1079 1162 1150 Athenienses

128 1168 335 1246 terrefaceret,
350 1187 408 1254 per
423 1168 494 1234 illos
508 1191 583 1236 vero
593 1167 851 1250 Tissaphernem.
983 1229 985 1236 .

169 1265 222 1322 83.
248 1254 468 1340 Peloponnesii
491 1267 604 1330 eutem,
620 1253 676 1340 qui
699 1251 804 1318 Mileti
828 1264 926 1326 eraut,
950 1253 1058 1320 audito
1074 1255 1162 1320 Alci·

126 1339 227 1407 biedis
252 1340 366 1418 reditu,
385 1361 458 1406 cum
481 1353 513 1404 et
538 1353 631 1406 antea
646 1338 852 1424 Tissapherni
874 1337 1065 1417 diffiderent,
1086 1357 1163 1408 tune

128 1445 200 1488 vero
216 1426 318 1492 multo
339 1427 485 1514 mugiswei
505 1425 683 1492 obtrectare
703 1437 879 1508 coeperunt.
922 1426 1063 1490 ‘Accidit
1077 1428 1162 1492 enim

125 1512 210 1595 ipsis,
236 1526 270 1578 ut
297 1511 525 1598 Tissaphernes
551 1510 664 1596 (quod,
690 1532 754 1594 quo
782 1523 925 1595 tempore
956 1514 1164 1578 Athenienses

125 1619 197 1666 curn
221 1598 331 1664 iniecta
352 1597 451 1666 classo
471 1597 620 1663 aduersus
636 1595 787 1662 Miletum
807 1597 943 1673 iverunt,
958 1597 1084 1664 obviam
1100 1601 1165 1664 iltis

126 1683 267 1767 prodire,
281 1697 313 1750 et
326 1681 436 1750 stavela
457 1683 608 1768 proelium
626 1684 825 1750 committere
840 1681 1036 1763 noluissent)
1054 1684 1095 1749 sd
1110 1685 1165 1749 sti-

124 1769 276 1853 pendium
293 1771 368 1851 s'psie
381 1769 622 1854 persolvendum
645 1771 740 1855 longe
754 1767 935 1855 languilior
949 1767 1063 1847 fectus,
1078 1771 1163 1856 ipsis,

125 1855 220 1920 etiam
239 1855 413 1922 Alcibiadis
435 1875 542 1939 opere,
556 1855 605 1920 rel
629 1853 729 1918 multo
750 1865 825 1918 ante
847 1854 928 1932 baec,
948 1853 1045 1941 longe
1066 1858 1166 1942 magis

125 1955 205 2014 esset
228 1941 354 2006 inrisus.
400 1941 617 2016 Quamobrem
645 1940 761 2004 milites
783 1940 867 2006 inter
885 1961 919 2004 se
943 1941 1166 2004 conversiones

126 2026 380 2102 mnsiderebsmt,
396 2037 469 2112 qu'ae
484 2025 533 2091 rel
555 2027 643 2111 prius
664 2047 760 2091 secssm
776 2028 839 2108 s'psi
859 2025 1056 2108 reputabam,
1072 2029 1165 2111 quin·

125 2115 221 2182 etiam
245 2113 298 2176 nlii
312 2112 441 2198 quidam
465 2111 658 2178 auctoritatis
678 2133 743 2174 nun
765 2110 1007 2176 contemnenda
1021 2111 1092 2191 viri,
1107 2133 1166 2176 uec

2 2212 5 2233 ¹
125 2199 184 2272 toli
205 2200 351 2282 gregarii
374 2197 496 2272 milites,
520 2197 606 2282 quod
632 2217 691 2263 nec
713 2197 870 2283 integrum
894 2197 1084 2279 stipendium
1102 2219 1167 2262 un-

3 2315 4 2318 *
126 2306 229 2370 quam,
250 2284 443 2368 acciperent,
464 2297 496 2348 et
510 2283 596 2368 quod
620 2282 760 2356 dermur.
783 2283 937 2366 exiguum
961 2295 1051 2358 esset,
1073 2294 1106 2350 et
1126 2305 1167 2348 ne

2 2373 4 2409 ³
126 2370 193 2437 hoc
204 2369 332 2454 quidem
350 2369 472 2435 assidue
485 2371 723 2452 persolveretur,¹
748 2365 794 2435 ‘ct
813 2367 872 2432 nisi
893 2367 966 2453 quis
986 2380 1042 2432 aut
1063 2369 1167 2432 navali

127 2455 242 2539 proelio
256 2454 431 2530 dimicaret,
447 2455 603 2520 acridiae
617 2451 803 2532 discederet,
817 2475 855 2518 oc
869 2476 903 2518 eo
912 2455 1166 2536 pnchciseerctur,

3 2545 5 2582 ²
126 2541 214 2608 surde
227 2541 418 2625 stipendium
434 2540 576 2616 haberet,
593 2559 687 2602 naves
704 2541 744 2603 ab
759 2538 940 2606 homiuibus
954 2537 1112 2602 &ertum
1129 2540 1168 2602 iri

127 2629 285 2693 d'cetanr:
312 2629 453 2692 onmium
479 2640 583 2694 autem
605 2622 801 2709 Astyocbum
828 2637 993 2692 suetorern
1014 2647 1091 2702 ese,
1113 2627 1169 2710 qui

127 2725 268 2798 quoestus
282 2711 398 2794 privati
411 2711 513 2797 gratia
528 2709 733 2793 Tissapherni
749 2731 868 2774 morem
884 2722 1017 2796 gereret.

171 2807 225 2864 84.
249 2797 337 2864 Dum
361 2812 464 2862 nutem
490 2798 549 2881 ipsi
570 2817 667 2860 secum
690 2795 1024 2873 itaratioeinarentur,
1039 2794 1169 2881 quidam

3 2965 4 2968 Ἴ
128 2885 222 2948 eti-am
251 2882 430 2968 hujusmodi
453 2883 609 2948 tumultus
634 2882 667 2944 in
692 2882 891 2964 Astyocbum
914 2882 1091 2946 concitatus
1110 2896 1168 2946 est.

130 2970 215 3034 Nam
241 2970 510 3052 Syracusanorum
534 2988 570 3032 uc
593 2965 791 3032 Thuriorum
814 2979 931 3044 nsutoe,
955 2989 1019 3050 quo
1041 2966 1171 3030 liberior

130 3053 304 3120 multitudo
325 3066 404 3132 erat,
426 3076 465 3119 eo
489 3055 582 3116 etiam
606 3049 818 3118 confidentius
844 3050 1027 3137 ingruentes
1052 3051 1170 3134 stipen-

129 3140 219 3212 dium
251 3139 468 3223 reposcebant.
515 3136 573 3202 ille
596 3158 672 3202 rero
699 3136 861 3221 quoddam
889 3137 1092 3224 arrogantius
1121 3141 1171 3200 re-

130 3245 282 3310 sponsum
299 3228 375 3308 ipsis
390 3223 538 3298 reddidit,
555 3222 727 3308 quinetiam
750 3222 971 3288 interminatus
986 3231 1033 3288 est
1048 3221 1171 3286 Dorico

130 3313 195 3378 suis
211 3311 315 3379 nautis
337 3309 562 3393 patrocinanti,
574 3325 606 3374 et
628 3307 801 3392 scipionem
817 3307 953 3383 austttlit,
968 3329 1033 3372 eun
1046 3329 1172 3390 percm-

2 3428 5 3450 ι
128 3419 227 3462 eurus.
273 3397 356 3462 Cum
386 3409 490 3460 autem
521 3391 694 3458 multitudo
723 3395 777 3458 hoc
804 3393 1086 3469 atriundsertisset,
1112 3405 1172 3457 tut

128 3495 249 3560 nuutae,
265 3481 405 3548 clamore
425 3479 518 3548 simul
540 3478 666 3547 sublato
687 3478 720 3542 in
736 3479 933 3564 Astyochum
957 3479 1113 3562 im'petum
1125 3477 1171 3542 se·

3 3589 4 3626 t
132 3582 256 3648 cerunt,
270 3581 308 3631 ut
332 3590 398 3635 eun
420 3566 560 3632 ferirent.
606 3563 703 3640 Quod
730 3563 783 3630 ille
804 3564 994 3648 praerideus,
1015 3564 1056 3628 ed
1082 3571 1173 3628 arem

131 3654 291 3738 quandam
304 3653 459 3739 confugit.
503 3651 578 3718 Non
594 3663 699 3726 tamen
715 3671 881 3734 percussus
892 3649 966 3722 fuis3
992 3649 1046 3714 sed
1061 3649 1116 3714 siii
1130 3649 1174 3714 ab

132 3740 202 3804 aliis
216 3740 343 3807 diremti
359 3739 577 3805 discesserunt.
620 3736 802 3806 Quinetiam
817 3734 935 3800 Milesii
951 3733 1174 3819 Tissaphernia

3 3877 4 3886 ,
133 3826 295 3892 castellum
321 3824 426 3890 Mileti
452 3836 650 3892 exstructum
676 3821 756 3892 claui
781 3821 920 3908 aggressi
942 3837 1111 3907 ceperuut;
1141 3833 1173 3884 et

3 3967 4 3974 ,
132 3911 331 3996 praesidium,
354 3909 439 3996 quod
462 3909 527 3972 illic
548 3921 628 3986 met,
649 3907 820 3991 ejecerunt.
866 3905 951 3972 Haec
971 3920 1076 3972 autem
1100 3925 1174 3970 cum

167 4088 179 4114 ⁸
190 4085 305 4134 liciatum
317 4082 383 4130 enim
394 4083 426 4128 nd
436 4095 478 4128 eos
487 4083 576 4136 lueret.
587 4086 635 4128 etc.
671 4079 744 4126 Vnda.

165 4137 177 4177 s
198 4149 232 4196 Ac
250 4149 296 4194 nisi
314 4147 398 4214 natale
417 4147 529 4206 proelium
548 4147 665 4200 finiretur,
678 4149 730 4202 aut,
741 4145 821 4190 navali
838 4145 921 4205 proelio
938 4145 992 4190 smis
1008 4144 1172 4203 imponeretur

134 4211 284 4338 “ellim
294 4283 385 4326 nsutss.
405 4273 480 4324 Velis.
513 4274 625 4329 Qualiter
634 4273 746 4322 nontnss
756 4273 848 4321 nautici
859 4273 936 4320 tacere
947 4273 1034 4322 ment.
1065 4271 1175 4320 Acastus.
