2964 4786
378 327 627 398 HISTORIAE
650 327 740 398 LlB.
764 327 842 397 v11.
1071 335 1135 402 418

104 513 263 570 sescentos
283 503 389 592 gravis
411 518 582 572 armature
605 503 731 585 milites,
746 502 933 592 delegerunt
943 525 954 580 ς,
974 514 1007 569 et
1020 503 1135 572 Eccri-
1166 519 1231 571 aar.

103 603 176 668 tum,
194 590 308 656 ducem
333 593 538 676 Spartanum,
556 593 629 654 illac
649 592 815 657 miserunt:
839 589 945 655 Boeoti
967 613 1053 674 vero,
1074 606 1136 658 tre·
1159 585 1242 696 ¹⁹⁸¹?

1 750 2 753 Ἴ
102 689 204 748 eentoa
228 677 336 764 gravis
361 692 532 742 armeturoe
558 675 682 754 milites,
698 675 814 762 quibus
838 690 998 760 praeerant
1018 675 1135 744 Xenon
1150 651 1251 774 ὃῗωῗ,

102 774 133 828 et
151 762 265 840 Nicon,
283 762 443 844 Thebani,
457 777 488 828 et
510 763 721 849 Hegesander
737 760 952 847 'l'hcspiensis⁸
998 761 1055 829 Isti
1076 765 1136 854 igi-
1160 777 1241 842 914.

1 929 2 932 ¹
102 861 153 917 tur
172 849 254 912 inter
268 849 398 936 ‚primos
421 872 442 913 a
464 848 604 914 Taenaro
626 847 797 913 Laconicae
819 847 964 933 profecti,
979 851 1012 914 in
1036 849 1137 916 altum
1166 841 1237 952 Ἢ·

101 933 341 1000 valefecerunt.
386 935 464 1000 Post
493 935 607 1000 horum
636 945 741 998 autem
768 933 950 1011 discessum,
977 935 1138 1002 Corinthii
1176 919 1240 1031 322⁷,

1 1055 2 1087 ι
101 1041 164 1085 non
194 1023 295 1085 multo
325 1034 398 1107 post
430 1021 582 1086 miserunt
611 1021 801 1108 quingentos
834 1021 939 1108 grevia
968 1034 1140 1088 armeturae

101 1105 223 1186 milites,
238 1109 355 1192 partim
379 1105 506 1194 quidem
529 1129 570 1171 ex
590 1107 659 1193 ipsa
675 1103 845 1184 Corintho,
860 1107 977 1192 partim
1001 1130 1077 1172 vero
1099 1131 1141 1174 ex

1 1225 2 1234 ¹
102 1191 279 1258 Arcadibus
312 1192 458 1258 mercede
492 1193 676 1269 conductos,
707 1206 739 1258 et
767 1191 988 1258 Alexarchum
1022 1193 1139 1258 Corin-

101 1277 211 1358 thium,
227 1301 322 1365 quem
347 1279 421 1364 ipsis
440 1279 554 1344 ducem
577 1277 801 1364 proefecerunt.
846 1279 986 1378 Sicyonii
1012 1301 1141 1366 quoque

100 1385 170 1430 eum
184 1363 359 1430 Corinthiis
370 1365 525 1432 ducentos
538 1366 644 1454 gravis
659 1379 830 1430 armaturae
845 1365 960 1429 milites
974 1366 1138 1442 miseruut,

99 1450 212 1537 quibus
233 1464 371 1536 preerat
395 1451 530 1540 Sargens
553 1451 734 1537 Sicyonius.
778 1451 848 1516 llloe
870 1465 975 1516 autem
998 1452 1140 1538 quinque

100 1549 132 1605 et
144 1537 255 1625 viginti
271 1536 514 1602 Corinthiorum
530 1559 637 1614 neum,
653 1559 726 1623 quae
745 1559 801 1622 per
815 1537 961 1625 hyemem
976 1538 1141 1602 instructae

100 1621 230 1703 merant,
246 1646 265 1688 e
279 1623 410 1709 regione
425 1623 536 1710 viginti
553 1623 734 1690 Atticarum
749 1625 888 1702 nerium,
904 1645 977 1710 quae
993 1623 1034 1689 ad
1051 1623 1140 1688 Nau·

99 1723 226 1794 pactum
250 1708 386 1788 stabant,
408 1711 442 1774 in
468 1711 604 1775 statione
625 1708 940 1787 manserunt,'douec
961 1709 1012 1775 isti
1033 1711 1139 1798 gravis
1185 1706 1189 1726 ¹

99 1808 269 1862 armaturae
294 1795 419 1873 milites,
441 1796 496 1883 qui
521 1797 655 1862 navibus
676 1794 829 1860 onerariis
850 1816 891 1860 ex
915 1793 1139 1881 Peloponneso

98 1881 303 1960 vehebantur,
319 1882 519 1948 transissent:
540 1883 630 1969 cujus
641 1881 734 1947 etiam
749 1882 795 1947 rei
810 1902 906 1948 causa
920 1882 1057 1946 triremes
1072 1884 1140 1947 istae

96 1972 185 2057 prius
198 1965 323 2034 fuerant
338 1969 510 2047 instructae,
525 1991 566 2034 ne
582 1967 792 2033 Athenienses
807 1966 848 2032 ed
866 1967 1029 2032 onerarias
1042 1989 1139 2032 naves

96 2056 215 2143 potius,
232 2077 328 2142 quam
343 2053 385 2120 ed
400 2055 553 2132 triremes,
570 2054 710 2118 animum
726 2051 935 2120 adverterent.

142 2150 195 2208 20.
219 2141 347 2207 Interea
369 2162 454 2215 vero,
470 2139 548 2206 dum
568 2140 708 2206 Decelea
729 2139 917 2218 muniretur,
933 2139 1014 2204 veris
1036 2138 1139 2216 initio,

96 2228 216 2309 statim,
238 2241 270 2292 et
295 2228 364 2312 ipsi·
382 2225 593 2292 Athenienses
617 2228 703 2292 circe
730 2225 982 2314 Peloponnesum
1009 2225 1141 2314 triginta

96 2335 207 2394 neree,
219 2312 315 2380 duces
330 2311 486 2392 Charicle,
500 2312 687 2398 Apollodori
701 2310 778 2388 filio,
790 2313 952 2378 miserunt.
974 2311 1035 2376 Cui
1050 2333 1141 2376 mau-

95 2403 210 2468 detum
238 2399 350 2478 fuerat,
380 2413 415 2466 ut
443 2413 475 2465 et
498 2405 604 2486 Argos
632 2397 803 2484 profectus,
825 2421 867 2464 ex
887 2399 962 2484 jure
984 2398 1141 2464 societatis

95 2487 236 2576 Argivos
250 2486 293 2552 ad
306 2507 402 2550 neres
423 2485 578 2550 militibus
600 2485 730 2550 ermetis
752 2483 924 2569 explendas
945 2483 1140 2550 horreretur.

97 2575 182 2643 Item
205 2571 455 2638 Demosthenem
480 2570 763 2659 (quemadmodum
787 2571 987 2650 statuerant,)
1003 2571 1035 2634 iu
1060 2570 1141 2636 Sici·

95 2660 176 2726 liam
204 2660 367 2738 miserunt,
391 2681 464 2724 cum
488 2659 652 2806 serapium
677 2656 810 2722 navibus
833 2655 1086 2730 Atheniensium,
1109 2668 1142 2720 et

95 2745 242 2847 quinque
258 2744 425 2846 Chiorum,
436 2767 509 2831 quoe
525 2747 566 2808 mi
581 2744 610 2809 le
625 2755 656 2808 et
670 2743 823 2808 ducentos
833 2740 1142 2844 'legionariosAthe-

94 2835 256 2898 niensrum
273 2831 387 2896 milites
401 2844 540 2896 armatos
561 2830 714 2907 ferebant,
730 2843 816 2894 etex
832 2829 1007 2894 insularum
1030 2827 1143 2893 recolis

95 2940 198 3006 quem
220 2930 393 3004 potuerant
415 2917 555 3004 undique
568 2917 724 3004 plurimos
746 2915 949 2982 contrahere:
973 2929 1005 2980 et
1020 2937 1059 2980 ex
1073 2915 1143 2980 aliis

93 3027 169 3070 suae
183 3001 313 3069 ditionis
327 3004 430 3082 sociis,
447 3003 578 3069 sicunde
599 3002 720 3089 aliquid
736 3002 778 3066 ad
798 3024 865 3067 rem
888 3002 1056 3066 militarem
1072 3001 1143 3067 ido-

92 3113 197 3158 neum
213 3112 399 3177 comparare
412 3103 593 3176 potuerant.
617 3089 683 3238 Ipsi
698 3100 803 3154 autern
815 3101 1012 3174 praeceptum
1028 3085 1141 3164 luerat,

93 3193 137 3244 ut
148 3178 291 3264 primum
307 3178 407 3262 copiis
422 3198 493 3241 cum
512 3175 668 3240 Charieis
683 3174 824 3239 exercitu
846 3173 1033 3263 conjunctis,
1049 3173 1143 3238 simul

89 3285 190 3330 oram
207 3261 399 3338 laconicum
415 3263 643 3328 circumvectus
657 3259 827 3324 infestaret.
851 3259 894 3325 Et
908 3257 1142 3324 Demosthenes

91 3349 243 3440 quidem,
258 3349 292 3414 in
308 3348 461 3438 AEginem
483 3347 653 3434 profectus,
671 3348 717 3412 iti
737 3368 863 3410 suarum
886 3346 1049 3430 copiarum
1068 3343 1142 3409 reli-

89 3437 203 3525 quias,
219 3435 246 3500 si
261 3457 335 3537 quse
349 3449 450 3512 erant,
460 3449 492 3500 et
509 3433 699 3512 Chariclem,
712 3431 814 3498 donec
827 3433 966 3520 Argivos
980 3431 1142 3497 assumsis-

88 3535 156 3602 set,
173 3523 409 3609 opperiebatur.

142 3619 199 3676 21.
223 3609 262 3674 ln
281 3608 388 3675 Sicilie
411 3629 495 3684 vero,
511 3629 570 3691 per
590 3607 700 3672 eadem
723 3604 818 3690 hujus
836 3605 917 3670 veris
938 3615 1094 3689 tempora,
1110 3615 1143 3668 et

89 3698 264 3783 Gylippus
280 3695 452 3784 Syracusas
473 3695 578 3771 rediit,
593 3694 753 3758 adducens
766 3713 806 3756 ex
821 3690 1012 3771 civitatibus,
1027 3689 1144 3777 quibus

87 3795 310 3870 perseuerat,
332 3791 366 3847 ut
387 3783 538 3845 ancilium
552 3781 756 3866 Syracusanis
777 3778 942 3853 mitterent,
963 3776 1142 3844 exercitum

88 3891 199 3958 quarn
229 3879 376 3956 potuerat
406 3866 547 3952 undique
575 3867 763 3931 maximum.
814 3863 1007 3930 Convocatis
1037 3877 1143 3928 eutem

90 3954 323 4043 Syracusanis,
334 3953 429 4031 dixit,
442 3974 538 4038 quem
554 3951 706 4038 plurimes
722 3959 851 4036 possent
865 3971 960 4016 naves
975 3947 1144 4014 armandas

86 4065 180 4120 esse,
206 4061 388 4130 pugnaeque
414 4037 533 4104 navalis
562 4039 738 4122 periculum
768 4059 835 4102 esse
864 4032 1055 4100 faciendum.
1101 4035 1144 4100 Se

84 4131 188 4196 enim
203 4149 340 4213 sperare,
356 4126 381 4190 si
396 4123 457 4190 hoc
472 4137 640 4202 tentarent,
654 4123 687 4189 in
701 4122 763 4202 hoc
777 4121 862 4189 bello
875 4121 998 4186 facinus
1012 4119 1144 4206 aliquod

83 4218 161 4282 isto
190 4211 334 4300 periculo
355 4211 490 4300 dignum
514 4211 666 4278 edituros.
710 4209 892 4282 Quinetiam
917 4207 1144 4272 Hermocrates

85 4301 313 4389 potissimum,
335 4321 484 4384 una-crem
504 4297 642 4386 Gylr'ppo
660 4299 867 4384 Syracrtsenos
887 4292 1088 4372 hortabatur,
1102 4313 1144 4358 ne
