2982 4786
355 303 419 378 ,μ
717 289 1028 362 succumms

261 487 323 541 net
402 477 476 538 let.
499 467 626 536 lateres
638 485 715 532 vero
730 463 854 532 Mende
868 463 954 541 urbs,
970 483 1043 548 qum
1056 473 1126 526 erat
1139 459 1199 528 sita
1209 461 1244 526 in
1258 460 1397 538 Pellene,

250 553 332 614 ΜΨ·
358 555 588 624 Eretriensium
603 553 738 631 colonia,
754 549 878 616 defecit.
924 548 1074 614 Brasides
1088 561 1193 624 eutem
1210 549 1298 634 ipsos
1307 549 1397 614 Men·

251 631 293 667 '¹'
358 647 439 710 daeos
454 643 597 725 inficiens
615 661 700 706 mmm
719 637 849 722 recepit,
864 657 930 700 non
952 635 1147 713 existimans,
1161 655 1195 709 se
1216 635 1336 720 injuste
1356 633 1398 708 te-

243 681 341 818 cerff
357 751 440 806 cere,
461 728 537 815 quia
561 724 704 804 Mendai,
726 722 927 802 induciarum
949 719 1104 786 factarum
1124 735 1270 806 tempore
1292 733 1398 822 qperte

258 813 326 932 3⁸3
358 826 390 917 et
402 817 469 882 sine
478 815 664 914 proditione·
674 809 868 912 deditionem
891 807 1039 874 fecerant.
1080 807 1239 907 ‘Habebat
1260 829 1347 872 emm
1368 817 1397 872 et

239 892 1397 1065 ,ntettttff⁰¹⁵ttttttttthidrtttltlfflfltltl:

245 1079 334 1131 '³³¹0-
381 1074 407 1138 is
422 1085 497 1140 suut
511 1073 589 1150 susi,
606 1083 675 1135 tum
689 1069 764 1154 quie
778 1085 972 1154 propensum
991 1065 1136 1132 Braaidoe
1155 1064 1300 1133 animum
1315 1065 1398 1132 vide·

358 1097 456 1237 ἕως
479 1173 564 1224 etex
586 1157 655 1242 ipsa
679 1155 794 1222 Scione
813 1153 1028 1239 conjecturam
1050 1150 1209 1230 facientes,
1224 1151 1303 1238 quis
1317 1153 1398 1218 Bro-

358 1249 444 1313 sidat
457 1267 524 1310 eam
538 1265 604 1308 non
615 1240 781 1327 prodebat,
797 1245 889 1305 *tum
903 1239 1010 1318 etiem,
1024 1238 1109 1324 quis,
1126 1237 1180 1322 qui
1189 1239 1398 1321 proditionem

358 1353 432 1398 oum
447 1329 523 1415 ipsis
537 1327 761 1404 moliebantur,
776 1325 922 1412 quumvis
943 1325 1038 1410 pauci
1060 1337 1172 1423 essent,
1189 1329 1327 1407 temen(
1352 1325 1399 1424 uis

358 1439 427 1484 rem
442 1414 539 1482 semel
553 1425 739 1498 susceptam,
756 1433 851 1498 quam
873 1421 952 1476 tunc
971 1421 1248 1494 personuerunt,
1264 1432 1344 1496 emp
1368 1432 1399 1476 us

358 1503 568 1567 intermittere
588 1497 738 1564 nolebant
749 1520 758 1574 ;
780 1495 834 1562 sed
859 1496 922 1561 sibi
943 1497 1018 1582 ipsis
1039 1494 1231 1573 metuebant,
1251 1517 1295 1561 ue
1315 1509 1399 1582 pate·

359 1587 497 1668 fierent)
520 1584 647 1671 plebem
668 1595 787 1669 praeter
807 1584 945 1648 omnium·
960 1582 1143 1666 opinionem
1165 1595 1400 1666 superaverunt.

360 1671 569 1740 Athenienses
591 1683 707 1747 autem,
724 1690 797 1735 cum
820 1669 968 1754 protinus
990 1669 1056 1732 taec
1076 1667 1282 1754 accepissent,
1302 1669 1400 1736 multo

361 1757 601 1912 ttttltl
616 1752 1400 1925 'tt’{tatttttlttltltttttlt

360 1942 527 2017 spectaret,
545 1887 764 1995 Scihnoeomm
777 1937 810 1991 et
824 1925 1049 1992 Mendaeorum
1065 1925 1183 1991 liberos
1197 1939 1229 1992 et
1252 1929 1402 2016 conjuges

360 2017 395 2084 in
412 2015 627 2084 Chalcidicam
640 2011 819 2101 Olynthum
834 2011 995 2078 subduxit.
1040 2011 1084 2076 Et
1105 2013 1146 2076 sd
1161 2012 1248 2097 ipsos
1284 2016 1404 2082 cesidii

360 2125 454 2170 casco
469 2101 555 2167 misit
576 2101 766 2187 quingentos
784 2097 890 2182 gravis
913 2111 1084 2164 armaturas
1106 2097 1221 2162 milites
1272 2100 1403 2186 elopon-

362 2189 475 2266 hesim,
503 2199 535 2252 et
559 2197 716 2251 trecentos
738 2184 874 2270 peltatos
904 2183 1138 2262 Chalcidenses,
1162 2206 1235 2250 cum
1265 2185 1403 2272 Polyda·

362 2274 450 2340 mide
472 2276 605 2356 ipsomn
626 2272 846 2342 universorum
868 2269 1032 2357 proesecto.
1078 2275 1186 2356 Atque
1206 2270 1240 2334 hi
1263 2273 1401 2359 quidem,

362 2359 449 2445 quod
472 2356 684 2424 Athenienses
704 2357 892 2442 propediem
915 2355 1081 2436 adfuturos
1104 2370 1403 2444 exspectarentur

363 2466 435 2510 sues
450 2444 662 2510 communiter
676 2442 886 2508 edornsbsnt.

257 2560 342 2610 m,
408 2538 481 2598 124.
505 2529 655 2631 Brasidss
671 2541 788 2594 verost
805 2525 1405 2627 Perdiccasintereeeopiiseonjunctlr

249 2632 345 2750 m,
360 2612 1404 2788 tlttrt'zllttftttrhlffiltt‘tlttt‘nffltt

361 2800 394 2854 et
423 2788 614 2854 Graecorum
645 2788 680 2848 io
709 2785 901 2850 Macedonio
930 2783 1142 2850 habitantium
1171 2786 1302 2854 milites.
1348 2789 1405 2854 llle

361 2893 447 2948 vero,
462 2885 580 2956 prester
594 2870 898 2954 Peloponnesiorum
913 2869 1073 2957 reliquias,
1084 2893 1163 2957 quas
1177 2871 1243 2938 illic
1256 2873 1403 2951 habebnt,

363 2956 598 3034 Chalcidenses,
609 2968 642 3022 et
661 2955 842 3034 Acanthius,
863 2967 897 3020 et
918 2977 958 3022 ex
978 2956 1047 3020 eliis
1064 2960 1201 3040 populis,
1217 2981 1280 3043 pro
1302 2962 1405 3047 cujus·

361 3065 424 3132 que
438 3041 587 3110 lacultste
601 3065 638 3108 ae
645 3045 801 3126 potentio.
848 3042 1076 3110 Universamm
1090 3057 1198 3108 sutem
1214 3047 1403 3112 Groemmm

361 3131 524 3214 copiarum
551 3141 642 3194 erent
664 3128 730 3193 fere
750 3129 812 3193 tria
836 3128 944 3194 millis.
1045 3127 1126 3193 uites
1151 3149 1227 3194 vero
1253 3133 1403 3212 uniuern',

361 3217 417 3304 qui
437 3215 658 3300 sequebantur,
684 3213 901 3280 Macedonum
925 3235 998 3281 cum
1052 3213 1299 3294 helcidensihue,
1316 3234 1403 3284 eraut

362 3303 460 3389 paulo
473 3302 480 3338 ¹
492 3303 657 3388 pauciores
672 3323 769 3385 quem
784 3300 882 3366 mille.
928 3300 972 3366 Et
987 3301 1195 3367 barbarorum
1212 3303 1274 3368 alie
1290 3327 1403 3370 menos

361 3389 530 3474 permulto.
577 3390 661 3452 Cum
676 3399 781 3450 eutem
803 3387 834 3448 in
853 3386 1014 3450 Arrhibaei
1035 3389 1188 3474 regionem
1203 3388 1403 3475 irrupissent,

361 3490 394 3540 et
411 3475 583 3560 Lyncestes
598 3487 701 3538 cestra
716 3472 776 3535 sibi
790 3475 937 3556 oppositu
951 3471 1102 3538 hebentes
1124 3474 1330 3554 invenissent,
1345 3478 1404 3562 ipsi
1441 3481 1443 3488 ⁴

362 3581 489 3645 quoque
503 3573 605 3625 oestro
620 3560 684 3623 illis
699 3558 844 3706 opposite
857 3555 1009 3623 fecerunt.
1056 3558 1138 3624 Cum
1160 3575 1266 3625 eutem
1282 3564 1404 3648 pedites

363 3644 490 3730 quidem
508 3646 656 3730 utrinque
671 3644 719 3707 col
735 3665 784 3706 ern
807 3641 970 3721 haherent,
988 3647 1022 3708 in
1036 3667 1096 3729 quo
1110 3650 1321 3726 consederant,
1335 3650 1404 3733 pla·

362 3731 456 3794 nities
470 3752 545 3796 vero
561 3733 643 3794 inter
656 3739 787 3813 utraque
800 3741 904 3794 castra
926 3730 1131 3815 inter-jaceret,
1148 3734 1269 3833 equites
1284 3735 1318 3797 in
1332 3757 1403 3800 eam

361 3815 573 3891 decurrentes,
595 3815 745 3900 utrinque
763 3817 902 3900 primum
927 3831 1072 3901 equestre
1094 3817 1244 3903 prothum
1269 3823 1404 3886 commi·

361 3915 480 3967 serunt.
525 3902 652 3966 Deinde
666 3922 741 3964 vero
756 3901 904 3966 Bresidss
925 3916 957 3968 et
981 3901 1155 3980 Perdiccas,
1172 3925 1244 3972 cum
1264 3907 1405 3992 Lynces-

360 3999 466 4053 tarum
481 3989 586 4075 grevis
599 4000 770 4052 armeturae
794 3987 906 4054 milites
928 4009 1001 4054 cum
1023 3989 1181 4076 equitibus
1200 4014 1240 4059 ex
1252 4014 1307 4056 nso
1320 3992 1405 4060 colle

392 4206 408 4246 ¹
424 4207 462 4255 ns
473 4209 519 4256 loel
530 4207 603 4272 hujus
614 4209 813 4268 interpretatione
821 4209 911 4258 ridens
925 4209 1024 4261 Arndt.
1043 4209 1130 4260 noos.

391 4271 399 4308 ¹
418 4271 519 4320 ciretter
529 4273 605 4320 mille.
643 4271 716 4320 Valle.
744 4273 826 4324 lours.
