<?xml version="1.0" encoding="UTF-8"?>
<!DOCTYPE html PUBLIC "-//W3C//DTD XHTML 1.0 Transitional//EN"
    "http://www.w3.org/TR/xhtml1/DTD/xhtml1-transitional.dtd">
<html xmlns="http://www.w3.org/1999/xhtml" xml:lang="en" lang="en">
 <head>
  <title>
</title>
<meta http-equiv="Content-Type" content="text/html;charset=utf-8" />
  <meta name='ocr-system' content='tesseract 3.04.00' />
  <meta name='ocr-capabilities' content='ocr_page ocr_carea ocr_par ocr_line ocrx_word'/>
</head>
<body>
  <div class='ocr_page' id='page_1' title='image "./thucydidisdebel00wassgoog_0440.png"; bbox 0 0 2964 4786; ppageno 0'>
   <div class='ocr_carea' id='block_1_1' title="bbox 371 287 1048 374">
    <p class='ocr_par' dir='ltr' id='par_1_1' title="bbox 371 287 1048 374">
     <span class='ocr_line' id='line_1_1' title="bbox 371 287 1048 374; baseline 0.007 -5"><span class='ocrx_word' id='word_1_1' title='bbox 371 311 437 372; x_wconf 80' lang='lat' dir='ltr'><strong>sae</strong></span> <span class='ocrx_word' id='word_1_2' title='bbox 697 287 700 295; x_wconf 82' lang='lat'>&#39;</span> <span class='ocrx_word' id='word_1_3' title='bbox 724 288 1048 374; x_wconf 81' lang='lat' dir='ltr'><strong>··rnucrnnns</strong></span> 
     </span>
    </p>
   </div>
   <div class='ocr_carea' id='block_1_2' title="bbox 237 461 1415 4192">
    <p class='ocr_par' dir='ltr' id='par_1_2' title="bbox 273 461 1415 570">
     <span class='ocr_line' id='line_1_2' title="bbox 273 461 1415 570; baseline 0 -24"><span class='ocrx_word' id='word_1_4' title='bbox 273 481 334 546; x_wconf 78' lang='lat' dir='ltr'><strong>uati.</strong></span> <span class='ocrx_word' id='word_1_5' title='bbox 368 461 625 570; x_wconf 70' lang='lat' dir='ltr'><strong>molestbreriau</strong></span> <span class='ocrx_word' id='word_1_6' title='bbox 647 461 935 566; x_wconf 69' lang='lat' dir='ltr'><strong>&#39;&#39;pt&#39;teterea,quod&#39;</strong></span> <span class='ocrx_word' id='word_1_7' title='bbox 943 461 989 545; x_wconf 74' lang='lat' dir='ltr'><strong>&#39;de</strong></span> <span class='ocrx_word' id='word_1_8' title='bbox 998 479 1121 546; x_wconf 73' lang='lat' dir='ltr'><strong>caeteris</strong></span> <span class='ocrx_word' id='word_1_9' title='bbox 1131 461 1264 547; x_wconf 72' lang='lat' dir='ltr'><strong>tactui</strong></span> <span class='ocrx_word' id='word_1_10' title='bbox 1279 461 1373 547; x_wconf 69' lang='lat' dir='ltr'><strong>iebrts</strong></span> <span class='ocrx_word' id='word_1_11' title='bbox 1382 483 1415 546; x_wconf 85' lang='lat' dir='ltr'><strong>in</strong></span> 
     </span>
    </p>

    <p class='ocr_par' dir='ltr' id='par_1_3' title="bbox 255 563 1415 678">
     <span class='ocr_line' id='line_1_3' title="bbox 255 563 1415 678; baseline 0 -46"><span class='ocrx_word' id='word_1_12' title='bbox 255 563 344 678; x_wconf 42' lang='grc' dir='ltr'><strong>Εἷς</strong></span> <span class='ocrx_word' id='word_1_13' title='bbox 365 587 450 642; x_wconf 77' lang='lat' dir='ltr'><strong>raom</strong></span> <span class='ocrx_word' id='word_1_14' title='bbox 465 575 648 650; x_wconf 80' lang='lat' dir='ltr'><strong>potestatem</strong></span> <span class='ocrx_word' id='word_1_15' title='bbox 667 565 848 668; x_wconf 59' lang='lat' dir='ltr'><strong>redigendis</strong></span> <span class='ocrx_word' id='word_1_16' title='bbox 861 565 949 630; x_wconf 84' lang='lat' dir='ltr'><strong>nulla</strong></span> <span class='ocrx_word' id='word_1_17' title='bbox 963 567 1182 668; x_wconf 71' lang='lat' dir='ltr'><strong>spesarnplius</strong></span> <span class='ocrx_word' id='word_1_18' title='bbox 1204 567 1283 652; x_wconf 87' lang='lat' dir='ltr'><strong>ipsis</strong></span> <span class='ocrx_word' id='word_1_19' title='bbox 1295 571 1415 646; x_wconf 59' lang='lat' dir='ltr'><strong>&#39;osteni</strong></span> 
     </span>
    </p>

    <p class='ocr_par' dir='ltr' id='par_1_4' title="bbox 251 649 1413 824">
     <span class='ocr_line' id='line_1_4' title="bbox 251 649 1413 824; baseline -0.003 -16"><span class='ocrx_word' id='word_1_20' title='bbox 251 661 351 813; x_wconf 59' lang='lat' dir='ltr'><strong>‘time</strong></span> <span class='ocrx_word' id='word_1_21' title='bbox 364 649 901 822; x_wconf 63' lang='lat' dir='ltr'><strong>iit¹tt..i.it¹⁰⁹ttt¹¹.⁰tt⁸¹.tt</strong></span> <span class='ocrx_word' id='word_1_22' title='bbox 913 674 982 802; x_wconf 70' lang='lat' dir='ltr'><strong>tt*</strong></span> <span class='ocrx_word' id='word_1_23' title='bbox 994 652 1413 824; x_wconf 64' lang='lat' dir='ltr'><strong>iti&#39;tttitttttt‘itt</strong></span> 
     </span>
    </p>

    <p class='ocr_par' dir='ltr' id='par_1_5' title="bbox 263 784 1412 926">
     <span class='ocr_line' id='line_1_5' title="bbox 263 784 1412 926; baseline -0.001 -34"><span class='ocrx_word' id='word_1_24' title='bbox 263 793 334 893; x_wconf 40' lang='lat'><strong>⁰³¹⁰:</strong></span> <span class='ocrx_word' id='word_1_25' title='bbox 363 785 475 890; x_wconf 74' lang='lat' dir='ltr'><strong>tundm</strong></span> <span class='ocrx_word' id='word_1_26' title='bbox 495 805 581 926; x_wconf 81' lang='lat' dir='ltr'><strong>apud</strong></span> <span class='ocrx_word' id='word_1_27' title='bbox 598 823 750 914; x_wconf 78' lang='lat' dir='ltr'><strong>Epipolas</strong></span> <span class='ocrx_word' id='word_1_28' title='bbox 766 837 951 903; x_wconf 74' lang='lat' dir='ltr'><strong>tentaverat,</strong></span> <span class='ocrx_word' id='word_1_29' title='bbox 967 784 1039 889; x_wconf 60' lang='lat' dir='ltr'><strong>&#39;eunt</strong></span> <span class='ocrx_word' id='word_1_30' title='bbox 1058 825 1229 907; x_wconf 81' lang='lat' dir='ltr'><strong>fefellisset,</strong></span> <span class='ocrx_word' id='word_1_31' title='bbox 1247 833 1412 911; x_wconf 78' lang='lat' dir='ltr'><strong>pertrans·</strong></span> 
     </span>
    </p>

    <p class='ocr_par' dir='ltr' id='par_1_6' title="bbox 264 889 1411 1002">
     <span class='ocr_line' id='line_1_6' title="bbox 264 889 1411 1002; baseline 0.003 -27"><span class='ocrx_word' id='word_1_32' title='bbox 264 889 333 1002; x_wconf 48' lang='lat'><strong>{¹31</strong></span> <span class='ocrx_word' id='word_1_33' title='bbox 362 911 409 988; x_wconf 69' lang='lat' dir='ltr'><strong>ipe</strong></span> <span class='ocrx_word' id='word_1_34' title='bbox 428 912 600 986; x_wconf 73' lang='lat' dir='ltr'><strong>constituit,</strong></span> <span class='ocrx_word' id='word_1_35' title='bbox 617 931 676 976; x_wconf 90' lang='lat' dir='ltr'><strong>nec</strong></span> <span class='ocrx_word' id='word_1_36' title='bbox 691 910 819 986; x_wconf 84' lang='lat' dir='ltr'><strong>morari,</strong></span> <span class='ocrx_word' id='word_1_37' title='bbox 835 909 912 988; x_wconf 80' lang='lat' dir='ltr'><strong>dum</strong></span> <span class='ocrx_word' id='word_1_38' title='bbox 926 919 1016 976; x_wconf 83' lang='lat' dir='ltr'><strong>mare</strong></span> <span class='ocrx_word' id='word_1_39' title='bbox 1031 911 1113 976; x_wconf 78' lang='lat' dir='ltr'><strong>tores</strong></span> <span class='ocrx_word' id='word_1_40' title='bbox 1133 909 1242 978; x_wconf 84' lang='lat' dir='ltr'><strong>adbuc</strong></span> <span class='ocrx_word' id='word_1_41' title='bbox 1256 913 1411 978; x_wconf 77' lang='lat' dir='ltr'><strong>idoneum</strong></span> 
     </span>
    </p>

    <p class='ocr_par' dir='ltr' id='par_1_7' title="bbox 362 997 1412 1098">
     <span class='ocr_line' id='line_1_7' title="bbox 362 997 1412 1098; baseline 0.002 -34"><span class='ocrx_word' id='word_1_42' title='bbox 362 999 403 1064; x_wconf 80' lang='lat' dir='ltr'><strong>ed</strong></span> <span class='ocrx_word' id='word_1_43' title='bbox 425 998 657 1084; x_wconf 75' lang='lat' dir='ltr'><strong>trajiciendum,</strong></span> <span class='ocrx_word' id='word_1_44' title='bbox 680 1010 718 1061; x_wconf 83' lang='lat' dir='ltr'><strong>ac</strong></span> <span class='ocrx_word' id='word_1_45' title='bbox 733 998 792 1082; x_wconf 87' lang='lat' dir='ltr'><strong>ipsi</strong></span> <span class='ocrx_word' id='word_1_46' title='bbox 815 997 927 1061; x_wconf 85' lang='lat' dir='ltr'><strong>saitem</strong></span> <span class='ocrx_word' id='word_1_47' title='bbox 941 997 1061 1098; x_wconf 40' lang='lat' dir='ltr'><strong>&#39;classis&#39;</strong></span> <span class='ocrx_word' id='word_1_48' title='bbox 1081 999 1262 1064; x_wconf 75' lang='lat' dir='ltr'>accessione</span> <span class='ocrx_word' id='word_1_49' title='bbox 1283 1002 1412 1066; x_wconf 63' lang='lat' dir='ltr'><strong>navam</strong></span> 
     </span>
    </p>

    <p class='ocr_par' dir='ltr' id='par_1_8' title="bbox 361 1082 1411 1260">
     <span class='ocr_line' id='line_1_8' title="bbox 361 1082 1411 1260; baseline 0.001 -24"><span class='ocrx_word' id='word_1_50' title='bbox 361 1103 634 1251; x_wconf 57' lang='lat' dir='ltr'><strong>§egbirti</strong></span> <span class='ocrx_word' id='word_1_51' title='bbox 652 1095 809 1234; x_wconf 50' lang='lat' dir='ltr'><strong>isitii.</strong></span> <span class='ocrx_word' id='word_1_52' title='bbox 823 1082 1411 1260; x_wconf 54' lang='lat' dir='ltr'><strong>itttttiittttffttttu</strong></span> 
     </span>
    </p>

    <p class='ocr_par' dir='ltr' id='par_1_9' title="bbox 360 1259 1405 1344">
     <span class='ocr_line' id='line_1_9' title="bbox 360 1259 1405 1344; baseline 0.001 -22"><span class='ocrx_word' id='word_1_53' title='bbox 360 1276 439 1324; x_wconf 83' lang='lat' dir='ltr'><strong>ones</strong></span> <span class='ocrx_word' id='word_1_54' title='bbox 455 1259 604 1324; x_wconf 86' lang='lat' dir='ltr'><strong>adversus</strong></span> <span class='ocrx_word' id='word_1_55' title='bbox 619 1259 715 1338; x_wconf 82' lang='lat' dir='ltr'><em>ipsam</em></span> <span class='ocrx_word' id='word_1_56' title='bbox 738 1267 949 1334; x_wconf 80' lang='lat' dir='ltr'><strong>exstruerent,</strong></span> <span class='ocrx_word' id='word_1_57' title='bbox 966 1279 1061 1344; x_wconf 88' lang='lat' dir='ltr'><strong>qnam</strong></span> <span class='ocrx_word' id='word_1_58' title='bbox 1085 1277 1158 1322; x_wconf 89' lang='lat' dir='ltr'><strong>curn</strong></span> <span class='ocrx_word' id='word_1_59' title='bbox 1173 1259 1405 1344; x_wconf 74' lang='lat' dir='ltr'><strong>Syracusanis,</strong></span> 
     </span>
    </p>

    <p class='ocr_par' dir='ltr' id='par_1_10' title="bbox 360 1343 1405 1431">
     <span class='ocr_line' id='line_1_10' title="bbox 360 1343 1405 1431; baseline 0.003 -26"><span class='ocrx_word' id='word_1_60' title='bbox 360 1365 440 1431; x_wconf 80' lang='lat' dir='ltr'><strong>quos</strong></span> <span class='ocrx_word' id='word_1_61' title='bbox 463 1365 650 1430; x_wconf 70' lang='lat' dir='ltr'><strong>expugnare</strong></span> <span class='ocrx_word' id='word_1_62' title='bbox 672 1363 881 1430; x_wconf 57' lang='lat' dir='ltr'><strong>nequaquemv</strong></span> <span class='ocrx_word' id='word_1_63' title='bbox 896 1343 1030 1426; x_wconf 85' lang='lat' dir='ltr'><strong>amplius</strong></span> <span class='ocrx_word' id='word_1_64' title='bbox 1044 1343 1135 1408; x_wconf 79' lang='lat' dir='ltr'><strong>facile</strong></span> <span class='ocrx_word' id='word_1_65' title='bbox 1158 1359 1251 1408; x_wconf 88' lang='lat' dir='ltr'><strong>esset.</strong></span> <span class='ocrx_word' id='word_1_66' title='bbox 1298 1346 1405 1421; x_wconf 85' lang='lat' dir='ltr'><strong>Quin·</strong></span> 
     </span>
    </p>

    <p class='ocr_par' dir='ltr' id='par_1_11' title="bbox 358 1429 1403 1516">
     <span class='ocr_line' id='line_1_11' title="bbox 358 1429 1403 1516; baseline -0.002 -18"><span class='ocrx_word' id='word_1_67' title='bbox 358 1429 465 1508; x_wconf 78' lang='lat' dir='ltr'><strong>etiam,</strong></span> <span class='ocrx_word' id='word_1_68' title='bbox 481 1429 597 1494; x_wconf 84' lang='lat' dir='ltr'><strong>rationi</strong></span> <span class='ocrx_word' id='word_1_69' title='bbox 613 1429 743 1492; x_wconf 88' lang='lat' dir='ltr'><strong>minime</strong></span> <span class='ocrx_word' id='word_1_70' title='bbox 764 1441 1011 1493; x_wconf 86' lang='lat' dir='ltr'><strong>consentaneum</strong></span> <span class='ocrx_word' id='word_1_71' title='bbox 1026 1451 1104 1507; x_wconf 87' lang='lat' dir='ltr'><strong>esse,</strong></span> <span class='ocrx_word' id='word_1_72' title='bbox 1129 1437 1279 1516; x_wconf 80' lang='lat' dir='ltr'><strong>magnam</strong></span> <span class='ocrx_word' id='word_1_73' title='bbox 1308 1453 1403 1514; x_wconf 87' lang='lat' dir='ltr'><strong>pectr-</strong></span> 
     </span>
    </p>

    <p class='ocr_par' dir='ltr' id='par_1_12' title="bbox 357 1513 1404 1674">
     <span class='ocr_line' id='line_1_12' title="bbox 358 1513 1404 1604; baseline 0.002 -23"><span class='ocrx_word' id='word_1_74' title='bbox 358 1514 423 1581; x_wconf 68' lang='grc' dir='ltr'><strong>πίω</strong></span> <span class='ocrx_word' id='word_1_75' title='bbox 444 1515 507 1580; x_wconf 85' lang='lat' dir='ltr'><strong>vim</strong></span> <span class='ocrx_word' id='word_1_76' title='bbox 531 1515 568 1578; x_wconf 80' lang='lat' dir='ltr'><strong>iri</strong></span> <span class='ocrx_word' id='word_1_77' title='bbox 586 1513 753 1579; x_wconf 74' lang='lat' dir='ltr'>obsidione</span> <span class='ocrx_word' id='word_1_78' title='bbox 767 1513 885 1578; x_wconf 84' lang='lat' dir='ltr'><strong>frustra</strong></span> <span class='ocrx_word' id='word_1_79' title='bbox 906 1532 1103 1580; x_wconf 85' lang='lat' dir='ltr'><strong>consumere.</strong></span> <span class='ocrx_word' id='word_1_80' title='bbox 1147 1518 1257 1604; x_wconf 81' lang='lat' dir='ltr'><strong>Atque</strong></span> <span class='ocrx_word' id='word_1_81' title='bbox 1278 1518 1404 1583; x_wconf 88' lang='lat' dir='ltr'><strong>Demo·</strong></span> 
     </span>
     <span class='ocr_line' id='line_1_13' title="bbox 357 1599 1087 1674; baseline -0.004 -6"><span class='ocrx_word' id='word_1_82' title='bbox 357 1601 487 1672; x_wconf 75' lang='lat' dir='ltr'><strong>athenis,</strong></span> <span class='ocrx_word' id='word_1_83' title='bbox 515 1601 621 1669; x_wconf 88' lang='lat' dir='ltr'><strong>uidem</strong></span> <span class='ocrx_word' id='word_1_84' title='bbox 638 1599 708 1674; x_wconf 76' lang='lat' dir='ltr'><strong>baec</strong></span> <span class='ocrx_word' id='word_1_85' title='bbox 722 1613 791 1665; x_wconf 87' lang='lat' dir='ltr'><strong>erat</strong></span> <span class='ocrx_word' id='word_1_86' title='bbox 805 1601 970 1666; x_wconf 85' lang='lat' dir='ltr'><strong>sententia.</strong></span> <span class='ocrx_word' id='word_1_87' title='bbox 1084 1627 1087 1634; x_wconf 60' lang='lat'><em>¹</em></span> 
     </span>
    </p>

    <p class='ocr_par' dir='ltr' id='par_1_13' title="bbox 385 1687 1401 1774">
     <span class='ocr_line' id='line_1_14' title="bbox 385 1687 1401 1774; baseline 0.001 -20"><span class='ocrx_word' id='word_1_88' title='bbox 385 1694 454 1754; x_wconf 60' lang='lat' dir='ltr'><strong>Aa.</strong></span> <span class='ocrx_word' id='word_1_89' title='bbox 511 1689 587 1757; x_wconf 88' lang='lat' dir='ltr'><strong>icias</strong></span> <span class='ocrx_word' id='word_1_90' title='bbox 603 1707 678 1752; x_wconf 85' lang='lat' dir='ltr'><strong>vero</strong></span> <span class='ocrx_word' id='word_1_91' title='bbox 693 1687 847 1754; x_wconf 80' lang='lat' dir='ltr'><strong>sentiebat</strong></span> <span class='ocrx_word' id='word_1_92' title='bbox 861 1687 989 1774; x_wconf 88' lang='lat' dir='ltr'><strong>quidem</strong></span> <span class='ocrx_word' id='word_1_93' title='bbox 1011 1688 1135 1774; x_wconf 86' lang='lat' dir='ltr'><strong>etipse,</strong></span> <span class='ocrx_word' id='word_1_94' title='bbox 1151 1707 1201 1752; x_wconf 84' lang='lat' dir='ltr'><strong>res</strong></span> <span class='ocrx_word' id='word_1_95' title='bbox 1215 1708 1290 1753; x_wconf 83' lang='lat' dir='ltr'><strong>suas</strong></span> <span class='ocrx_word' id='word_1_96' title='bbox 1314 1691 1401 1755; x_wconf 82' lang='lat' dir='ltr'><strong>infir-</strong></span> 
     </span>
    </p>

    <p class='ocr_par' dir='ltr' id='par_1_14' title="bbox 355 1773 1404 1860">
     <span class='ocr_line' id='line_1_15' title="bbox 355 1773 1404 1860; baseline 0.002 -20"><span class='ocrx_word' id='word_1_97' title='bbox 355 1795 424 1842; x_wconf 84' lang='lat' dir='ltr'><strong>mas</strong></span> <span class='ocrx_word' id='word_1_98' title='bbox 439 1787 516 1854; x_wconf 78' lang='lat' dir='ltr'><strong>esse,</strong></span> <span class='ocrx_word' id='word_1_99' title='bbox 532 1774 588 1839; x_wconf 90' lang='lat' dir='ltr'><strong>sed</strong></span> <span class='ocrx_word' id='word_1_100' title='bbox 601 1787 708 1839; x_wconf 82' lang='lat' dir='ltr'><strong>tamen</strong></span> <span class='ocrx_word' id='word_1_101' title='bbox 724 1775 864 1860; x_wconf 88' lang='lat' dir='ltr'><strong>ipsarum</strong></span> <span class='ocrx_word' id='word_1_102' title='bbox 879 1773 1095 1850; x_wconf 80' lang='lat' dir='ltr'><strong>infirmitatem</strong></span> <span class='ocrx_word' id='word_1_103' title='bbox 1112 1775 1216 1840; x_wconf 84' lang='lat' dir='ltr'><strong>verbis</strong></span> <span class='ocrx_word' id='word_1_104' title='bbox 1236 1775 1404 1842; x_wconf 77' lang='lat' dir='ltr'><strong>declarare</strong></span> 
     </span>
    </p>

    <p class='ocr_par' dir='ltr' id='par_1_15' title="bbox 354 1857 1401 1946">
     <span class='ocr_line' id='line_1_16' title="bbox 354 1857 1401 1946; baseline 0.002 -20"><span class='ocrx_word' id='word_1_105' title='bbox 354 1861 501 1927; x_wconf 86' lang='lat' dir='ltr'><strong>uolebat:</strong></span> <span class='ocrx_word' id='word_1_106' title='bbox 523 1859 652 1926; x_wconf 80' lang='lat' dir='ltr'><strong>noteust</strong></span> <span class='ocrx_word' id='word_1_107' title='bbox 666 1857 760 1925; x_wconf 79' lang='lat' dir='ltr'><strong>etiam</strong></span> <span class='ocrx_word' id='word_1_108' title='bbox 777 1859 818 1924; x_wconf 89' lang='lat' dir='ltr'><strong>de</strong></span> <span class='ocrx_word' id='word_1_109' title='bbox 832 1861 1137 1946; x_wconf 79' lang='lat' dir='ltr'><strong>receptu-decretum</strong></span> <span class='ocrx_word' id='word_1_110' title='bbox 1150 1882 1169 1925; x_wconf 86' lang='lat' dir='ltr'><strong>a</strong></span> <span class='ocrx_word' id='word_1_111' title='bbox 1183 1884 1215 1926; x_wconf 87' lang='lat' dir='ltr'><strong>se</strong></span> <span class='ocrx_word' id='word_1_112' title='bbox 1227 1883 1303 1926; x_wconf 88' lang='lat' dir='ltr'><strong>curn</strong></span> <span class='ocrx_word' id='word_1_113' title='bbox 1319 1866 1401 1928; x_wconf 87' lang='lat' dir='ltr'><strong>mul-</strong></span> 
     </span>
    </p>

    <p class='ocr_par' dir='ltr' id='par_1_16' title="bbox 354 1946 1400 2035">
     <span class='ocr_line' id='line_1_17' title="bbox 354 1946 1400 2035; baseline 0.004 -23"><span class='ocrx_word' id='word_1_114' title='bbox 354 1947 394 2014; x_wconf 88' lang='lat' dir='ltr'><strong>tis</strong></span> <span class='ocrx_word' id='word_1_115' title='bbox 408 1947 512 2035; x_wconf 86' lang='lat' dir='ltr'><strong>palam</strong></span> <span class='ocrx_word' id='word_1_116' title='bbox 529 1947 607 2024; x_wconf 86' lang='lat' dir='ltr'><strong>fieri,</strong></span> <span class='ocrx_word' id='word_1_117' title='bbox 623 1968 664 2011; x_wconf 92' lang='lat' dir='ltr'><strong>ne</strong></span> <span class='ocrx_word' id='word_1_118' title='bbox 678 1967 790 2012; x_wconf 85' lang='lat' dir='ltr'><strong>rumor</strong></span> <span class='ocrx_word' id='word_1_119' title='bbox 803 1947 843 2011; x_wconf 82' lang='lat' dir='ltr'><strong>ad</strong></span> <span class='ocrx_word' id='word_1_120' title='bbox 859 1946 965 2012; x_wconf 88' lang='lat' dir='ltr'><strong>hostes</strong></span> <span class='ocrx_word' id='word_1_121' title='bbox 980 1957 1149 2022; x_wconf 83' lang='lat' dir='ltr'><strong>emanaret.</strong></span> <span class='ocrx_word' id='word_1_122' title='bbox 1194 1947 1282 2012; x_wconf 68' lang='lat' dir='ltr'><strong>Nem</strong></span> <span class='ocrx_word' id='word_1_123' title='bbox 1297 1951 1324 2014; x_wconf 87' lang='lat' dir='ltr'><strong>si</strong></span> <span class='ocrx_word' id='word_1_124' title='bbox 1339 1950 1400 2016; x_wconf 89' lang='lat' dir='ltr'><strong>boc</strong></span> 
     </span>
    </p>

    <p class='ocr_par' dir='ltr' id='par_1_17' title="bbox 354 2033 1397 2119">
     <span class='ocr_line' id='line_1_18' title="bbox 354 2033 1397 2119; baseline 0.001 -20"><span class='ocrx_word' id='word_1_125' title='bbox 354 2033 508 2112; x_wconf 83' lang='lat' dir='ltr'><strong>iecissent,</strong></span> <span class='ocrx_word' id='word_1_126' title='bbox 525 2057 557 2098; x_wconf 87' lang='lat' dir='ltr'><strong>se</strong></span> <span class='ocrx_word' id='word_1_127' title='bbox 571 2033 673 2100; x_wconf 86' lang='lat' dir='ltr'><strong>multo</strong></span> <span class='ocrx_word' id='word_1_128' title='bbox 695 2034 811 2109; x_wconf 84' lang='lat' dir='ltr'><strong>minus,</strong></span> <span class='ocrx_word' id='word_1_129' title='bbox 835 2034 1084 2119; x_wconf 83' lang='lat' dir='ltr'><strong>quotiescunque</strong></span> <span class='ocrx_word' id='word_1_130' title='bbox 1104 2033 1293 2116; x_wconf 79' lang='lat' dir='ltr'><strong>voluissent,</strong></span> <span class='ocrx_word' id='word_1_131' title='bbox 1317 2035 1397 2102; x_wconf 82' lang='lat' dir='ltr'><strong>clam</strong></span> 
     </span>
    </p>

    <p class='ocr_par' dir='ltr' id='par_1_18' title="bbox 321 2119 1398 2220">
     <span class='ocr_line' id='line_1_19' title="bbox 321 2119 1398 2220; baseline 0.003 -36"><span class='ocrx_word' id='word_1_132' title='bbox 321 2153 324 2160; x_wconf 93' lang='lat'>·</span> <span class='ocrx_word' id='word_1_133' title='bbox 352 2119 515 2186; x_wconf 81' lang='lat' dir='ltr'><strong>discedere</strong></span> <span class='ocrx_word' id='word_1_134' title='bbox 529 2141 631 2206; x_wconf 85' lang='lat' dir='ltr'><strong>posse.</strong></span> <span class='ocrx_word' id='word_1_135' title='bbox 678 2119 835 2184; x_wconf 80' lang='lat' dir='ltr'><strong>Praeterea</strong></span> <span class='ocrx_word' id='word_1_136' title='bbox 858 2120 995 2184; x_wconf 87' lang='lat' dir='ltr'><strong>boatium</strong></span> <span class='ocrx_word' id='word_1_137' title='bbox 1012 2140 1139 2220; x_wconf 82' lang='lat' dir='ltr'><strong>quoque</strong></span> <span class='ocrx_word' id='word_1_138' title='bbox 1162 2143 1211 2183; x_wconf 88' lang='lat' dir='ltr'><strong>res</strong></span> <span class='ocrx_word' id='word_1_139' title='bbox 1230 2123 1333 2208; x_wconf 90' lang='lat' dir='ltr'><strong>(quod</strong></span> <span class='ocrx_word' id='word_1_140' title='bbox 1348 2143 1398 2187; x_wconf 85' lang='lat' dir='ltr'><strong>ea-</strong></span> 
     </span>
    </p>

    <p class='ocr_par' dir='ltr' id='par_1_19' title="bbox 352 2203 1398 2296">
     <span class='ocr_line' id='line_1_20' title="bbox 352 2203 1398 2296; baseline 0.001 -25"><span class='ocrx_word' id='word_1_141' title='bbox 352 2227 423 2272; x_wconf 88' lang='lat' dir='ltr'><strong>rum</strong></span> <span class='ocrx_word' id='word_1_142' title='bbox 441 2209 603 2294; x_wconf 84' lang='lat' dir='ltr'><strong>majorem,</strong></span> <span class='ocrx_word' id='word_1_143' title='bbox 620 2225 715 2296; x_wconf 87' lang='lat' dir='ltr'><strong>quam</strong></span> <span class='ocrx_word' id='word_1_144' title='bbox 731 2203 838 2270; x_wconf 72' lang='lat' dir='ltr'><strong>caeteri</strong></span> <span class='ocrx_word' id='word_1_145' title='bbox 852 2207 983 2291; x_wconf 74' lang='lat' dir='ltr'><strong>college,</strong></span> <span class='ocrx_word' id='word_1_146' title='bbox 999 2206 1144 2282; x_wconf 79' lang='lat' dir='ltr'><strong>notitiam</strong></span> <span class='ocrx_word' id='word_1_147' title='bbox 1161 2207 1277 2273; x_wconf 82' lang='lat' dir='ltr'><strong>Nicias</strong></span> <span class='ocrx_word' id='word_1_148' title='bbox 1301 2207 1398 2272; x_wconf 85' lang='lat' dir='ltr'><strong>habe·</strong></span> 
     </span>
    </p>

    <p class='ocr_par' dir='ltr' id='par_1_20' title="bbox 351 2291 1397 2378">
     <span class='ocr_line' id='line_1_21' title="bbox 351 2291 1397 2378; baseline 0.003 -22"><span class='ocrx_word' id='word_1_149' title='bbox 351 2296 425 2374; x_wconf 90' lang='lat' dir='ltr'><strong>ret,)</strong></span> <span class='ocrx_word' id='word_1_150' title='bbox 442 2291 588 2358; x_wconf 88' lang='lat' dir='ltr'><strong>nonnihil</strong></span> <span class='ocrx_word' id='word_1_151' title='bbox 604 2292 669 2378; x_wconf 86' lang='lat' dir='ltr'><strong>spei</strong></span> <span class='ocrx_word' id='word_1_152' title='bbox 684 2291 792 2356; x_wconf 89' lang='lat' dir='ltr'><strong>adbuc</strong></span> <span class='ocrx_word' id='word_1_153' title='bbox 805 2293 869 2374; x_wconf 84' lang='lat' dir='ltr'><strong>ipsi</strong></span> <span class='ocrx_word' id='word_1_154' title='bbox 882 2293 1078 2377; x_wconf 84' lang='lat' dir='ltr'><strong>praebebant,</strong></span> <span class='ocrx_word' id='word_1_155' title='bbox 1094 2291 1172 2370; x_wconf 86' lang='lat' dir='ltr'><strong>iore,</strong></span> <span class='ocrx_word' id='word_1_156' title='bbox 1188 2305 1225 2356; x_wconf 88' lang='lat' dir='ltr'><strong>ut</strong></span> <span class='ocrx_word' id='word_1_157' title='bbox 1238 2293 1397 2360; x_wconf 86' lang='lat' dir='ltr'><strong>deteriore</strong></span> 
     </span>
    </p>

    <p class='ocr_par' dir='ltr' id='par_1_21' title="bbox 350 2377 1395 2464">
     <span class='ocr_line' id='line_1_22' title="bbox 350 2377 1395 2464; baseline 0.002 -21"><span class='ocrx_word' id='word_1_158' title='bbox 350 2377 534 2444; x_wconf 83' lang='lat' dir='ltr'><strong>conditione</strong></span> <span class='ocrx_word' id='word_1_159' title='bbox 555 2391 667 2455; x_wconf 88' lang='lat' dir='ltr'><strong>essent,</strong></span> <span class='ocrx_word' id='word_1_160' title='bbox 683 2399 778 2464; x_wconf 90' lang='lat' dir='ltr'><strong>quam</strong></span> <span class='ocrx_word' id='word_1_161' title='bbox 795 2397 871 2455; x_wconf 81' lang='lat' dir='ltr'><strong>snae,</strong></span> <span class='ocrx_word' id='word_1_162' title='bbox 887 2379 913 2442; x_wconf 88' lang='lat' dir='ltr'><strong>si</strong></span> <span class='ocrx_word' id='word_1_163' title='bbox 936 2379 1133 2443; x_wconf 77' lang='lat' dir='ltr'><strong>Athenienses</strong></span> <span class='ocrx_word' id='word_1_164' title='bbox 1154 2379 1187 2441; x_wconf 92' lang='lat' dir='ltr'><strong>in</strong></span> <span class='ocrx_word' id='word_1_165' title='bbox 1202 2380 1291 2444; x_wconf 70' lang='lat' dir='ltr'><strong>urbas</strong></span> <span class='ocrx_word' id='word_1_166' title='bbox 1312 2381 1395 2445; x_wconf 88' lang='lat' dir='ltr'><strong>obsi-</strong></span> 
     </span>
    </p>

    <p class='ocr_par' dir='ltr' id='par_1_22' title="bbox 348 2463 1395 2552">
     <span class='ocr_line' id='line_1_23' title="bbox 348 2463 1395 2552; baseline 0.004 -23"><span class='ocrx_word' id='word_1_167' title='bbox 348 2463 446 2529; x_wconf 84' lang='lat' dir='ltr'><strong>dione</strong></span> <span class='ocrx_word' id='word_1_168' title='bbox 468 2475 716 2551; x_wconf 87' lang='lat' dir='ltr'><strong>perseverarent.</strong></span> <span class='ocrx_word' id='word_1_169' title='bbox 761 2463 944 2552; x_wconf 32' lang='lat' dir='ltr'><strong>llioa&#39;enim</strong></span> <span class='ocrx_word' id='word_1_170' title='bbox 967 2464 1172 2548; x_wconf 83' lang='lat' dir='ltr'><strong>pecuniarum</strong></span> <span class='ocrx_word' id='word_1_171' title='bbox 1196 2465 1342 2551; x_wconf 82' lang='lat' dir='ltr'><strong>inopias</strong></span> <span class='ocrx_word' id='word_1_172' title='bbox 1363 2491 1395 2532; x_wconf 88' lang='lat' dir='ltr'><strong>sc</strong></span> 
     </span>
    </p>

    <p class='ocr_par' dir='ltr' id='par_1_23' title="bbox 349 2549 1395 2636">
     <span class='ocr_line' id='line_1_24' title="bbox 349 2549 1395 2636; baseline 0.002 -20"><span class='ocrx_word' id='word_1_173' title='bbox 349 2549 538 2620; x_wconf 79' lang='lat' dir='ltr'><strong>exhaustum</strong></span> <span class='ocrx_word' id='word_1_174' title='bbox 554 2549 593 2614; x_wconf 91' lang='lat' dir='ltr'><strong>iri</strong></span> <span class='ocrx_word' id='word_1_175' title='bbox 615 2550 745 2626; x_wconf 80' lang='lat' dir='ltr'><strong>dicebat,</strong></span> <span class='ocrx_word' id='word_1_176' title='bbox 761 2551 939 2635; x_wconf 70' lang='lat' dir='ltr'><strong>presertim</strong></span> <span class='ocrx_word' id='word_1_177' title='bbox 956 2549 1041 2635; x_wconf 91' lang='lat' dir='ltr'><strong>quod</strong></span> <span class='ocrx_word' id='word_1_178' title='bbox 1065 2550 1194 2614; x_wconf 75' lang='lat' dir='ltr'><strong>classem</strong></span> <span class='ocrx_word' id='word_1_179' title='bbox 1212 2552 1282 2636; x_wconf 88' lang='lat' dir='ltr'><strong>jam</strong></span> <span class='ocrx_word' id='word_1_180' title='bbox 1300 2555 1395 2618; x_wconf 78' lang='lat' dir='ltr'><strong>babe-</strong></span> 
     </span>
    </p>

    <p class='ocr_par' dir='ltr' id='par_1_24' title="bbox 349 2635 1394 2725">
     <span class='ocr_line' id='line_1_25' title="bbox 349 2635 1394 2725; baseline 0.003 -24"><span class='ocrx_word' id='word_1_181' title='bbox 349 2649 430 2715; x_wconf 85' lang='lat' dir='ltr'><strong>rent,</strong></span> <span class='ocrx_word' id='word_1_182' title='bbox 447 2659 511 2724; x_wconf 87' lang='lat' dir='ltr'><strong>qua</strong></span> <span class='ocrx_word' id='word_1_183' title='bbox 524 2637 621 2725; x_wconf 83' lang='lat' dir='ltr'><strong>longe</strong></span> <span class='ocrx_word' id='word_1_184' title='bbox 634 2635 759 2724; x_wconf 87' lang='lat' dir='ltr'><strong>latoque</strong></span> <span class='ocrx_word' id='word_1_185' title='bbox 770 2637 866 2699; x_wconf 88' lang='lat' dir='ltr'><strong>maris</strong></span> <span class='ocrx_word' id='word_1_186' title='bbox 881 2635 1050 2720; x_wconf 82' lang='lat' dir='ltr'><strong>imperium</strong></span> <span class='ocrx_word' id='word_1_187' title='bbox 1063 2637 1254 2702; x_wconf 86' lang='lat' dir='ltr'><strong>obtinerent.</strong></span> <span class='ocrx_word' id='word_1_188' title='bbox 1289 2639 1394 2716; x_wconf 90' lang='lat' dir='ltr'><strong>Quin·</strong></span> 
     </span>
    </p>

    <p class='ocr_par' dir='ltr' id='par_1_25' title="bbox 347 2722 1394 2811">
     <span class='ocr_line' id='line_1_26' title="bbox 347 2722 1394 2811; baseline 0.002 -23"><span class='ocrx_word' id='word_1_189' title='bbox 347 2723 443 2788; x_wconf 81' lang='lat' dir='ltr'><strong>etism</strong></span> <span class='ocrx_word' id='word_1_190' title='bbox 461 2729 596 2808; x_wconf 89' lang='lat' dir='ltr'><strong>(namet</strong></span> <span class='ocrx_word' id='word_1_191' title='bbox 620 2722 783 2808; x_wconf 82' lang='lat' dir='ltr'><strong>Syracusis</strong></span> <span class='ocrx_word' id='word_1_192' title='bbox 798 2732 888 2786; x_wconf 88' lang='lat' dir='ltr'><strong>crant</strong></span> <span class='ocrx_word' id='word_1_193' title='bbox 909 2723 1066 2800; x_wconf 80' lang='lat' dir='ltr'><strong>nonnulii,</strong></span> <span class='ocrx_word' id='word_1_194' title='bbox 1082 2723 1136 2809; x_wconf 90' lang='lat' dir='ltr'><strong>qui</strong></span> <span class='ocrx_word' id='word_1_195' title='bbox 1158 2740 1209 2786; x_wconf 88' lang='lat' dir='ltr'><strong>res</strong></span> <span class='ocrx_word' id='word_1_196' title='bbox 1231 2726 1394 2811; x_wconf 80' lang='lat' dir='ltr'><strong>orbemque</strong></span> 
     </span>
    </p>

    <p class='ocr_par' dir='ltr' id='par_1_26' title="bbox 347 2807 1393 2894">
     <span class='ocr_line' id='line_1_27' title="bbox 347 2807 1393 2894; baseline 0.003 -20"><span class='ocrx_word' id='word_1_197' title='bbox 347 2807 596 2875; x_wconf 87' lang='lat' dir='ltr'><strong>Atheniensibus</strong></span> <span class='ocrx_word' id='word_1_198' title='bbox 618 2810 733 2873; x_wconf 87' lang='lat' dir='ltr'><strong>dedere</strong></span> <span class='ocrx_word' id='word_1_199' title='bbox 755 2808 927 2888; x_wconf 56' lang='lat' dir='ltr'><strong>sciebatne)</strong></span> <span class='ocrx_word' id='word_1_200' title='bbox 944 2811 1073 2873; x_wconf 88' lang='lat' dir='ltr'><strong>nuntios</strong></span> <span class='ocrx_word' id='word_1_201' title='bbox 1095 2809 1134 2874; x_wconf 86' lang='lat' dir='ltr'><strong>ad</strong></span> <span class='ocrx_word' id='word_1_202' title='bbox 1157 2809 1271 2894; x_wconf 61' lang='lat' dir='ltr'><strong>ipsum,</strong></span> <span class='ocrx_word' id='word_1_203' title='bbox 1289 2815 1393 2877; x_wconf 66' lang='lat' dir='ltr'><strong>mitte«</strong></span> 
     </span>
    </p>

    <p class='ocr_par' dir='ltr' id='par_1_27' title="bbox 237 2893 1390 2986">
     <span class='ocr_line' id='line_1_28' title="bbox 237 2893 1390 2986; baseline 0.002 -26"><span class='ocrx_word' id='word_1_204' title='bbox 237 2908 251 2927; x_wconf 89' lang='lat'><strong>·&#39;</strong></span> <span class='ocrx_word' id='word_1_205' title='bbox 327 2895 434 2974; x_wconf 79' lang='lat' dir='ltr'><strong>bant,</strong></span> <span class='ocrx_word' id='word_1_206' title='bbox 451 2917 509 2961; x_wconf 89' lang='lat' dir='ltr'><strong>nec</strong></span> <span class='ocrx_word' id='word_1_207' title='bbox 524 2895 684 2960; x_wconf 86' lang='lat' dir='ltr'><strong>discedere</strong></span> <span class='ocrx_word' id='word_1_208' title='bbox 698 2893 851 2959; x_wconf 86' lang='lat' dir='ltr'><strong>sinebant.</strong></span> <span class='ocrx_word' id='word_1_209' title='bbox 895 2897 1065 2964; x_wconf 79' lang='lat' dir='ltr'><strong>Quaecum</strong></span> <span class='ocrx_word' id='word_1_210' title='bbox 1078 2897 1134 2960; x_wconf 76' lang='lat' dir='ltr'><strong>itte</strong></span> <span class='ocrx_word' id='word_1_211' title='bbox 1147 2896 1254 2975; x_wconf 89' lang='lat' dir='ltr'><strong>sciret,</strong></span> <span class='ocrx_word' id='word_1_212' title='bbox 1270 2920 1310 2962; x_wconf 81' lang='lat' dir='ltr'><strong>re</strong></span> <span class='ocrx_word' id='word_1_213' title='bbox 1323 2899 1390 2986; x_wconf 89' lang='lat' dir='ltr'><strong>qui-</strong></span> 
     </span>
    </p>

    <p class='ocr_par' dir='ltr' id='par_1_28' title="bbox 345 2981 1389 3072">
     <span class='ocr_line' id='line_1_29' title="bbox 345 2981 1389 3072; baseline 0.004 -26"><span class='ocrx_word' id='word_1_214' title='bbox 345 2981 418 3046; x_wconf 88' lang='lat' dir='ltr'><strong>dem</strong></span> <span class='ocrx_word' id='word_1_215' title='bbox 432 2982 501 3068; x_wconf 88' lang='lat' dir='ltr'><strong>ipsa</strong></span> <span class='ocrx_word' id='word_1_216' title='bbox 516 2983 548 3046; x_wconf 90' lang='lat' dir='ltr'><strong>in</strong></span> <span class='ocrx_word' id='word_1_217' title='bbox 566 2995 869 3070; x_wconf 79' lang='lat' dir='ltr'><strong>utramquepartem</strong></span> <span class='ocrx_word' id='word_1_218' title='bbox 891 2981 996 3046; x_wconf 77' lang='lat' dir='ltr'><strong>adiuro</strong></span> <span class='ocrx_word' id='word_1_219' title='bbox 1010 2981 1154 3060; x_wconf 84' lang='lat' dir='ltr'><strong>nutabat,</strong></span> <span class='ocrx_word' id='word_1_220' title='bbox 1169 2987 1207 3047; x_wconf 91' lang='lat' dir='ltr'><strong>et&#39;</strong></span> <span class='ocrx_word' id='word_1_221' title='bbox 1217 2985 1389 3072; x_wconf 84' lang='lat' dir='ltr'><strong>ancipitem</strong></span> 
     </span>
    </p>

    <p class='ocr_par' dir='ltr' id='par_1_29' title="bbox 344 3067 1389 3155">
     <span class='ocr_line' id='line_1_30' title="bbox 344 3067 1389 3155; baseline 0.004 -22"><span class='ocrx_word' id='word_1_222' title='bbox 344 3089 383 3133; x_wconf 93' lang='lat' dir='ltr'><strong>co</strong></span> <span class='ocrx_word' id='word_1_223' title='bbox 407 3067 572 3134; x_wconf 89' lang='lat' dir='ltr'><strong>itationem</strong></span> <span class='ocrx_word' id='word_1_224' title='bbox 595 3069 718 3153; x_wconf 31' lang='lat' dir='ltr'><strong>habens,</strong></span> <span class='ocrx_word' id='word_1_225' title='bbox 738 3067 895 3132; x_wconf 75' lang='lat' dir='ltr'><strong>herebat:</strong></span> <span class='ocrx_word' id='word_1_226' title='bbox 919 3068 1034 3144; x_wconf 79' lang='lat' dir='ltr'><strong>¹verbis</strong></span> <span class='ocrx_word' id='word_1_227' title='bbox 1059 3074 1144 3144; x_wconf 65' lang='lat' dir='ltr'><strong>sciat,</strong></span> <span class='ocrx_word' id='word_1_228' title='bbox 1169 3069 1389 3155; x_wconf 75' lang='lat' dir='ltr'><strong>quibustuae</strong></span> 
     </span>
    </p>

    <p class='ocr_par' dir='ltr' id='par_1_30' title="bbox 343 3093 1387 3243">
     <span class='ocr_line' id='line_1_31' title="bbox 343 3093 1387 3243; baseline 0.002 -25"><span class='ocrx_word' id='word_1_229' title='bbox 343 3093 448 3240; x_wconf 57' lang='lat' dir='ltr'><strong>paiam</strong></span> <span class='ocrx_word' id='word_1_230' title='bbox 466 3155 624 3236; x_wconf 86' lang='lat' dir='ltr'><strong>utebatur,</strong></span> <span class='ocrx_word' id='word_1_231' title='bbox 639 3177 673 3219; x_wconf 88' lang='lat' dir='ltr'><strong>se</strong></span> <span class='ocrx_word' id='word_1_232' title='bbox 686 3151 793 3240; x_wconf 86' lang='lat' dir='ltr'><strong>copias</strong></span> <span class='ocrx_word' id='word_1_233' title='bbox 813 3152 1037 3243; x_wconf 82' lang='lat' dir='ltr'><strong>abducturum,</strong></span> <span class='ocrx_word' id='word_1_234' title='bbox 1053 3145 1210 3240; x_wconf 70' lang='lat' dir='ltr'><strong>negabatt³</strong></span> <span class='ocrx_word' id='word_1_235' title='bbox 1247 3156 1387 3222; x_wconf 79' lang='lat' dir='ltr'><strong>Se&#39;enim</strong></span> 
     </span>
    </p>

    <p class='ocr_par' dir='ltr' id='par_1_31' title="bbox 342 3234 1387 3330">
     <span class='ocr_line' id='line_1_32' title="bbox 342 3234 1387 3330; baseline 0.003 -25"><span class='ocrx_word' id='word_1_236' title='bbox 342 3234 444 3330; x_wconf 86' lang='lat' dir='ltr'><strong>probe</strong></span> <span class='ocrx_word' id='word_1_237' title='bbox 462 3243 542 3308; x_wconf 88' lang='lat' dir='ltr'><strong>scire</strong></span> <span class='ocrx_word' id='word_1_238' title='bbox 556 3243 685 3318; x_wconf 83' lang='lat' dir='ltr'><strong>dicebat,</strong></span> <span class='ocrx_word' id='word_1_239' title='bbox 702 3239 773 3304; x_wconf 83' lang='lat' dir='ltr'><strong>baec</strong></span> <span class='ocrx_word' id='word_1_240' title='bbox 785 3238 836 3307; x_wconf 78' lang='lat' dir='ltr'><strong>ab</strong></span> <span class='ocrx_word' id='word_1_241' title='bbox 853 3239 1101 3304; x_wconf 80' lang='lat' dir='ltr'><strong>Atheniensibus</strong></span> <span class='ocrx_word' id='word_1_242' title='bbox 1123 3241 1387 3330; x_wconf 83' lang='lat' dir='ltr'><strong>minimeproba·</strong></span> 
     </span>
    </p>

    <p class='ocr_par' dir='ltr' id='par_1_32' title="bbox 342 3326 1384 3411">
     <span class='ocr_line' id='line_1_33' title="bbox 342 3326 1384 3411; baseline 0.002 -19"><span class='ocrx_word' id='word_1_243' title='bbox 342 3340 410 3392; x_wconf 79' lang='lat' dir='ltr'><strong>tuna</strong></span> <span class='ocrx_word' id='word_1_244' title='bbox 434 3327 484 3408; x_wconf 88' lang='lat' dir='ltr'><strong>iri,</strong></span> <span class='ocrx_word' id='word_1_245' title='bbox 500 3327 625 3392; x_wconf 85' lang='lat' dir='ltr'><strong>se&#39;sinc</strong></span> <span class='ocrx_word' id='word_1_246' title='bbox 649 3327 791 3411; x_wconf 88' lang='lat' dir='ltr'><strong>ipsorum</strong></span> <span class='ocrx_word' id='word_1_247' title='bbox 818 3326 1144 3402; x_wconf 79' lang='lat' dir='ltr'><strong>decreto&#39;discedere.&#39;</strong></span> <span class='ocrx_word' id='word_1_248' title='bbox 1188 3327 1274 3392; x_wconf 82' lang='lat' dir='ltr'><strong>Nori</strong></span> <span class='ocrx_word' id='word_1_249' title='bbox 1291 3331 1384 3409; x_wconf 81' lang='lat' dir='ltr'><strong>enim,</strong></span> 
     </span>
    </p>

    <p class='ocr_par' dir='ltr' id='par_1_33' title="bbox 340 3412 1384 3500">
     <span class='ocr_line' id='line_1_34' title="bbox 340 3412 1384 3500; baseline 0.001 -20"><span class='ocrx_word' id='word_1_250' title='bbox 340 3415 395 3500; x_wconf 88' lang='lat' dir='ltr'><strong>qui</strong></span> <span class='ocrx_word' id='word_1_251' title='bbox 415 3435 520 3480; x_wconf 86' lang='lat' dir='ltr'><strong>rerum</strong></span> <span class='ocrx_word' id='word_1_252' title='bbox 537 3416 665 3494; x_wconf 83' lang='lat' dir='ltr'><strong>statum,</strong></span> <span class='ocrx_word' id='word_1_253' title='bbox 687 3415 769 3478; x_wconf 84' lang='lat' dir='ltr'><strong>sicut</strong></span> <span class='ocrx_word' id='word_1_254' title='bbox 794 3425 826 3476; x_wconf 86' lang='lat' dir='ltr'><strong>et</strong></span> <span class='ocrx_word' id='word_1_255' title='bbox 852 3412 921 3497; x_wconf 87' lang='lat' dir='ltr'><strong>ipsi,</strong></span> <span class='ocrx_word' id='word_1_256' title='bbox 939 3412 1106 3494; x_wconf 80' lang='lat' dir='ltr'><strong>vidissent,</strong></span> <span class='ocrx_word' id='word_1_257' title='bbox 1131 3419 1206 3478; x_wconf 87' lang='lat' dir='ltr'><strong>non&#39;</strong></span> <span class='ocrx_word' id='word_1_258' title='bbox 1222 3428 1334 3492; x_wconf 74' lang='lat' dir='ltr'><strong>aretem</strong></span> <span class='ocrx_word' id='word_1_259' title='bbox 1348 3437 1384 3481; x_wconf 88' lang='lat' dir='ltr'><strong>ex</strong></span> 
     </span>
    </p>

    <p class='ocr_par' dir='ltr' id='par_1_34' title="bbox 340 3495 1384 3578">
     <span class='ocr_line' id='line_1_35' title="bbox 340 3495 1384 3578; baseline 0.005 -15"><span class='ocrx_word' id='word_1_260' title='bbox 340 3495 591 3566; x_wconf 76' lang='lat' dir='ltr'><strong>aliorum&#39;duces</strong></span> <span class='ocrx_word' id='word_1_261' title='bbox 616 3498 836 3564; x_wconf 81' lang='lat' dir='ltr'><strong>insectantium</strong></span> <span class='ocrx_word' id='word_1_262' title='bbox 862 3499 965 3562; x_wconf 80' lang='lat' dir='ltr'><strong>verbis</strong></span> <span class='ocrx_word' id='word_1_263' title='bbox 991 3499 1230 3578; x_wconf 79' lang='lat' dir='ltr'><strong>intellexissent,</strong></span> <span class='ocrx_word' id='word_1_264' title='bbox 1257 3503 1384 3567; x_wconf 83' lang='lat' dir='ltr'><strong>eosdern</strong></span> 
     </span>
    </p>

    <p class='ocr_par' dir='ltr' id='par_1_35' title="bbox 340 3585 1386 3679">
     <span class='ocr_line' id='line_1_36' title="bbox 340 3585 1386 3679; baseline 0.004 -29"><span class='ocrx_word' id='word_1_265' title='bbox 340 3585 381 3650; x_wconf 91' lang='lat' dir='ltr'><strong>de</strong></span> <span class='ocrx_word' id='word_1_266' title='bbox 395 3609 428 3676; x_wconf 83' lang='lat' dir='ltr'><strong>se</strong></span> <span class='ocrx_word' id='word_1_267' title='bbox 442 3588 517 3671; x_wconf 83' lang='lat' dir='ltr'><strong>ipsis</strong></span> <span class='ocrx_word' id='word_1_268' title='bbox 532 3588 731 3679; x_wconf 86' lang='lat' dir='ltr'><strong>judicaturos</strong></span> <span class='ocrx_word' id='word_1_269' title='bbox 746 3585 1054 3671; x_wconf 77' lang='lat' dir='ltr'><strong>atquedecreturos3</strong></span> <span class='ocrx_word' id='word_1_270' title='bbox 1073 3586 1132 3649; x_wconf 85' lang='lat' dir='ltr'><strong>sed</strong></span> <span class='ocrx_word' id='word_1_271' title='bbox 1149 3589 1237 3671; x_wconf 80' lang='lat' dir='ltr'><strong>ipsos</strong></span> <span class='ocrx_word' id='word_1_272' title='bbox 1254 3589 1386 3654; x_wconf 62' lang='lat' dir='ltr'><strong>Attene</strong></span> 
     </span>
    </p>

    <p class='ocr_par' dir='ltr' id='par_1_36' title="bbox 341 3669 1381 3758">
     <span class='ocr_line' id='line_1_37' title="bbox 341 3669 1381 3758; baseline 0 -18"><span class='ocrx_word' id='word_1_273' title='bbox 341 3671 868 3758; x_wconf 66' lang='lat' dir='ltr'><strong>enses&#39;criminationibus&#39;aiicujus&#39;</strong></span> <span class='ocrx_word' id='word_1_274' title='bbox 881 3672 935 3756; x_wconf 91' lang='lat' dir='ltr'><strong>qui</strong></span> <span class='ocrx_word' id='word_1_275' title='bbox 951 3673 1057 3736; x_wconf 81' lang='lat' dir='ltr'><strong>verbis</strong></span> <span class='ocrx_word' id='word_1_276' title='bbox 1069 3673 1109 3736; x_wconf 85' lang='lat' dir='ltr'><strong>sd</strong></span> <span class='ocrx_word' id='word_1_277' title='bbox 1125 3669 1381 3756; x_wconf 84' lang='lat' dir='ltr'><strong>persuadendum</strong></span> 
     </span>
    </p>

    <p class='ocr_par' dir='ltr' id='par_1_37' title="bbox 339 3757 1383 3844">
     <span class='ocr_line' id='line_1_38' title="bbox 339 3757 1383 3844; baseline 0.004 -22"><span class='ocrx_word' id='word_1_278' title='bbox 339 3757 424 3844; x_wconf 85' lang='lat' dir='ltr'><strong>aptis</strong></span> <span class='ocrx_word' id='word_1_279' title='bbox 436 3781 511 3824; x_wconf 87' lang='lat' dir='ltr'><strong>usus</strong></span> <span class='ocrx_word' id='word_1_280' title='bbox 525 3760 630 3837; x_wconf 78' lang='lat' dir='ltr'><strong>fuerit,</strong></span> <span class='ocrx_word' id='word_1_281' title='bbox 652 3759 746 3825; x_wconf 81' lang='lat' dir='ltr'><strong>iidem</strong></span> <span class='ocrx_word' id='word_1_282' title='bbox 769 3757 947 3822; x_wconf 81' lang='lat' dir='ltr'><strong>habiturus:</strong></span> <span class='ocrx_word' id='word_1_283' title='bbox 984 3757 1172 3834; x_wconf 65' lang='lat' dir='ltr'><strong>Qrinetiam</strong></span> <span class='ocrx_word' id='word_1_284' title='bbox 1195 3760 1320 3826; x_wconf 85' lang='lat' dir='ltr'><strong>muitos</strong></span> <span class='ocrx_word' id='word_1_285' title='bbox 1338 3777 1383 3826; x_wconf 90' lang='lat' dir='ltr'><strong>at·</strong></span> 
     </span>
    </p>

    <p class='ocr_par' dir='ltr' id='par_1_38' title="bbox 338 3841 1385 3932">
     <span class='ocr_line' id='line_1_39' title="bbox 338 3841 1385 3932; baseline 0.003 -23"><span class='ocrx_word' id='word_1_286' title='bbox 338 3863 402 3932; x_wconf 90' lang='lat' dir='ltr'><strong>que</strong></span> <span class='ocrx_word' id='word_1_287' title='bbox 415 3845 497 3910; x_wconf 84' lang='lat' dir='ltr'><strong>adeo</strong></span> <span class='ocrx_word' id='word_1_288' title='bbox 515 3847 683 3932; x_wconf 81' lang='lat' dir='ltr'><strong>pictosque</strong></span> <span class='ocrx_word' id='word_1_289' title='bbox 702 3841 908 3930; x_wconf 72' lang='lat' dir='ltr'><strong>praesentium</strong></span> <span class='ocrx_word' id='word_1_290' title='bbox 932 3844 1081 3921; x_wconf 67' lang='lat' dir='ltr'><strong>rnilitum,</strong></span> <span class='ocrx_word' id='word_1_291' title='bbox 1094 3845 1149 3932; x_wconf 89' lang='lat' dir='ltr'><strong>qui</strong></span> <span class='ocrx_word' id='word_1_292' title='bbox 1172 3855 1251 3910; x_wconf 85' lang='lat' dir='ltr'><strong>tunc</strong></span> <span class='ocrx_word' id='word_1_293' title='bbox 1267 3844 1385 3912; x_wconf 71' lang='lat' dir='ltr'><strong>vostre</strong></span> 
     </span>
    </p>

    <p class='ocr_par' dir='ltr' id='par_1_39' title="bbox 336 3931 1382 4020">
     <span class='ocr_line' id='line_1_40' title="bbox 336 3931 1382 4020; baseline 0.003 -25"><span class='ocrx_word' id='word_1_294' title='bbox 336 3933 593 4012; x_wconf 68' lang='lat' dir='ltr'><strong>suentensem</strong></span> <span class='ocrx_word' id='word_1_295' title='bbox 615 3931 775 4020; x_wconf 77' lang='lat' dir='ltr'><strong>gravibus</strong></span> <span class='ocrx_word' id='word_1_296' title='bbox 788 3931 878 3996; x_wconf 88' lang='lat' dir='ltr'><strong>malis</strong></span> <span class='ocrx_word' id='word_1_297' title='bbox 899 3932 1026 4008; x_wconf 68' lang='lat' dir='ltr'><strong>venari,</strong></span> <span class='ocrx_word' id='word_1_298' title='bbox 1042 3931 1119 3996; x_wconf 89' lang='lat' dir='ltr'><strong>iiiuc</strong></span> <span class='ocrx_word' id='word_1_299' title='bbox 1140 3948 1287 3998; x_wconf 83' lang='lat' dir='ltr'><strong>reversos</strong></span> <span class='ocrx_word' id='word_1_300' title='bbox 1309 3953 1382 3998; x_wconf 89' lang='lat' dir='ltr'><strong>con·</strong></span> 
     </span>
    </p>

    <p class='ocr_par' dir='ltr' id='par_1_40' title="bbox 337 4019 1381 4104">
     <span class='ocr_line' id='line_1_41' title="bbox 337 4019 1381 4104; baseline 0.003 -22"><span class='ocrx_word' id='word_1_301' title='bbox 337 4019 435 4083; x_wconf 88' lang='lat' dir='ltr'><strong>traria</strong></span> <span class='ocrx_word' id='word_1_302' title='bbox 457 4019 692 4096; x_wconf 78' lang='lat' dir='ltr'><strong>vocifereturos,</strong></span> <span class='ocrx_word' id='word_1_303' title='bbox 719 4019 814 4082; x_wconf 88' lang='lat' dir='ltr'><strong>duces</strong></span> <span class='ocrx_word' id='word_1_304' title='bbox 829 4019 975 4101; x_wconf 58' lang='lat' dir='ltr'><strong>,pecunia</strong></span> <span class='ocrx_word' id='word_1_305' title='bbox 997 4031 1168 4104; x_wconf 85' lang='lat' dir='ltr'><strong>corruptos</strong></span> <span class='ocrx_word' id='word_1_306' title='bbox 1190 4019 1381 4104; x_wconf 76' lang='lat' dir='ltr'><strong>prodidisse,</strong></span> 
     </span>
    </p>

    <p class='ocr_par' dir='ltr' id='par_1_41' title="bbox 337 4103 1380 4192">
     <span class='ocr_line' id='line_1_42' title="bbox 337 4103 1380 4192; baseline 0.002 -23"><span class='ocrx_word' id='word_1_307' title='bbox 337 4117 431 4192; x_wconf 88' lang='lat' dir='ltr'><strong>atque</strong></span> <span class='ocrx_word' id='word_1_308' title='bbox 445 4105 630 4171; x_wconf 87' lang='lat' dir='ltr'><strong>discessisse.</strong></span> <span class='ocrx_word' id='word_1_309' title='bbox 675 4105 893 4181; x_wconf 85' lang='lat' dir='ltr'><strong>Quamobrem</strong></span> <span class='ocrx_word' id='word_1_310' title='bbox 909 4125 942 4168; x_wconf 85' lang='lat' dir='ltr'><strong>aa</strong></span> <span class='ocrx_word' id='word_1_311' title='bbox 956 4103 1075 4183; x_wconf 64' lang='lat' dir='ltr'><strong>saitem</strong></span> <span class='ocrx_word' id='word_1_312' title='bbox 1092 4103 1149 4192; x_wconf 86' lang='lat' dir='ltr'><strong>qui</strong></span> <span class='ocrx_word' id='word_1_313' title='bbox 1160 4118 1272 4171; x_wconf 84' lang='lat' dir='ltr'><strong>nosset</strong></span> <span class='ocrx_word' id='word_1_314' title='bbox 1284 4107 1380 4171; x_wconf 84' lang='lat' dir='ltr'><strong>Athe·</strong></span> 
     </span>
    </p>
   </div>
   <div class='ocr_carea' id='block_1_3' title="bbox 337 4251 1378 4371">
    <p class='ocr_par' dir='ltr' id='par_1_42' title="bbox 337 4251 1378 4371">
     <span class='ocr_line' id='line_1_43' title="bbox 337 4251 1378 4370; baseline 0.002 -62"><span class='ocrx_word' id='word_1_315' title='bbox 337 4257 382 4370; x_wconf 66' lang='lat' dir='ltr'><strong>Hb</strong></span> <span class='ocrx_word' id='word_1_316' title='bbox 393 4251 441 4308; x_wconf 70' lang='lat' dir='ltr'><strong>Srd</strong></span> <span class='ocrx_word' id='word_1_317' title='bbox 451 4273 495 4310; x_wconf 83' lang='lat' dir='ltr'><strong>noe</strong></span> <span class='ocrx_word' id='word_1_318' title='bbox 507 4261 749 4334; x_wconf 65' lang='lat' dir='ltr'><strong>presterneretur</strong></span> <span class='ocrx_word' id='word_1_319' title='bbox 765 4258 926 4318; x_wconf 79' lang='lat' dir='ltr'><strong>relictuseasa</strong></span> <span class='ocrx_word' id='word_1_320' title='bbox 943 4258 1070 4318; x_wconf 74' lang='lat' dir='ltr'><strong>ridebatur</strong></span> <span class='ocrx_word' id='word_1_321' title='bbox 1079 4259 1217 4322; x_wconf 66' lang='lat' dir='ltr'><strong>spatiosus.</strong></span> <span class='ocrx_word' id='word_1_322' title='bbox 1240 4259 1378 4324; x_wconf 76' lang='lat' dir='ltr'><strong>Sttplrmr·</strong></span> 
     </span>
     <span class='ocr_line' id='line_1_44' title="bbox 364 4334 422 4371; baseline 0 -2"><span class='ocrx_word' id='word_1_323' title='bbox 364 4334 422 4371; x_wconf 83' lang='lat' dir='ltr'><strong>ona.</strong></span> 
     </span>
    </p>
   </div>
   <div class='ocr_carea' id='block_1_4' title="bbox 0 0 1486 4786">
    <p class='ocr_par' dir='ltr' id='par_1_43' title="bbox 0 0 1486 4786">
     <span class='ocr_line' id='line_1_45' title="bbox 0 0 1486 4786; baseline 0 11"><span class='ocrx_word' id='word_1_324' title='bbox 0 0 1486 4786; x_wconf 95' lang='lat' dir='ltr'><strong> </strong></span> 
     </span>
    </p>
   </div>
  </div>
 </body>
</html>
