3004 4768
368 245 620 316 HISTORIAE
645 247 736 316 LlB.
759 249 857 318 V111.
1080 262 1147 324 468

108 417 258 486 Corinthi
283 419 323 486 de
384 421 440 499 uit,
465 432 498 486 et
522 422 692 488 mattos
720 422 753 486 ln
780 424 962 490 societatem
991 423 1150 492 adducere
1183 443 1246 493 eeu.

107 505 295 572 conabatur.
450 506 579 572 aemonii
595 529 703 592 porro,
718 520 846 574 centum
869 531 964 574 nares
987 509 1150 576 redifican-
1172 506 1257 568 ¹²0¹⁰t³·

106 591 164 658 des
177 593 268 658 sociis
281 592 466 658 civitatibus
479 593 688 676 impemrunt.
733 595 842 682 Atque
855 593 916 660 sibi
952 595 1059 662 uidem
1073 596 1151 682 ipsis
1166 573 1264 698 5¹1¹,ssss

107 700 146 744 sc
167 677 300 756 Boeotis,
318 681 431 765 quinos
454 693 487 744 et
510 679 636 744 vicenos
663 680 804 766 utrisque
827 679 928 766 sscien
971 705 986 746 s
1011 683 1151 770 assigna·
1176 700 1252 748 ene

108 777 201 843 runt,
226 764 446 830 Phocensibus
468 787 545 829 vero
566 778 598 829 et
616 765 740 844 Locris,
756 767 958 853 quindecim
980 780 1012 834 et
1036 768 1152 834 Corin-
1183 763 1211 810 ⁰·
1225 767 1255 812 ⁰·

109 849 194 928 tbiis,
211 849 415 937 quindecim
438 849 621 916 Arcadibus
636 864 668 916 et
684 852 921 918 Pellenensibus
936 867 969 918 et
984 854 1153 942 Sicyoniis,
1179 829 1251 943 Ἣ

107 935 236 1015 decem;
261 935 506 1026 Megarensibus
520 952 552 1002 et
567 937 747 1002 Troezeniis
770 951 802 1002 et
817 937 1002 1022 Epidauriis
1016 954 1049 1006 et
1064 941 1153 1008 Her-

108 1023 335 1100 mionensibus,
365 1023 488 1088 decem.
534 1022 659 1089 Caeters
688 1045 730 1110 qu
777 1047 815 1088 ue
846 1023 1086 1111 comparabunt,
1117 1038 1155 1094 ut

107 1109 169 1176 sub
182 1109 264 1174 veris
278 1109 404 1175 initium
420 1109 570 1193 protinus
584 1109 694 1176 inituri
711 1110 761 1174 bel
777 1132 841 1175 um.

154 1203 186 1260 4.
210 1194 273 1260 Per
288 1194 371 1261 hooc
385 1196 486 1280 ipsam
502 1197 647 1282 hyemem
662 1195 875 1262 Athenienses
889 1219 1027 1284 quoque,
1043 1219 1154 1285 quem·
1190 1224 1247 1270 Post

107 1279 284 1348 admodum
299 1283 539 1360 constituerant,
554 1281 751 1348 sedilicsndis
765 1283 899 1348 novibus
913 1306 1043 1370 opernm
1058 1283 1154 1350 dede·
1163 1288 1217 1336 ΟΦ
1235 1286 1273 1336 ¹²

108 1379 196 1445 runt,
219 1368 351 1432 materis
371 1382 566 1453 computato,
582 1381 614 1434 et
630 1368 731 1434 Sunio
750 1371 886 1447 munito,
904 1383 940 1434 ut
960 1392 1067 1450 neves,
1081 1393 1155 1458 quse

109 1465 324 1520 commeatum
340 1455 416 1538 ipsis
431 1453 651 1532 subveherent,
668 1467 737 1520 tuto
752 1455 1074 1522 circumveberentur.
1112 1455 1157 1524 Et

108 1541 321 1605 munitionem
351 1541 384 1606 in
413 1562 493 1628 agro
517 1539 690 1617 Laconico,
715 1563 812 1626 qnam
838 1542 871 1606 in
899 1543 1039 1608 Siciliam
1067 1544 1156 1632 troji-

8 1631 9 1640 ’
107 1625 229 1692 cientes
251 1638 489 1704 exstruxerant,
512 1626 719 1692 deseruerunt
726 1650 737 1704 3
759 1642 956 1714 caeterosque
978 1641 1112 1708 sumtus,
1128 1630 1156 1696 si

108 1711 183 1798 quis
206 1713 239 1776 in
262 1735 311 1778 res
333 1713 460 1778 inutiles
485 1711 555 1777 fieri
577 1711 754 1789 videbatur,
771 1713 1004 1794 conduxerunt.
1043 1715 1107 1781 Sed
1121 1717 1156 1780 in

8 1801 9 1804 ’
105 1797 222 1884 primis
237 1798 482 1883 prospiciebant,
498 1819 539 1863 ne
554 1800 631 1863 socii
645 1823 665 1864 s
679 1821 713 1864 se
726 1799 909 1866 delicerent.
1119 1797 1123 1802 ’

8 1953 9 1958 ,
155 1893 189 1950 6.
211 1884 299 1950 Dum
311 1896 417 1950 sutem
434 1885 505 1950 hoec
518 1886 643 1971 utrique
657 1884 807 1966 fecerent,
822 1885 1157 1974 “ipsoquerenoocndi

8 1983 11 2054 4
109 1969 190 2036 belli
217 1981 373 2056 apperstu
398 1971 519 2036 nullam
549 1970 644 2036 sliam
673 1971 811 2056 speciem
839 1971 1032 2058 praeberent,
1058 1995 1155 2059 quom

108 2078 237 2137 eorum,
250 2059 308 2141 qui
325 2065 398 2122 tuac
414 2060 548 2140 primam
571 2057 680 2123 bellum
701 2057 887 2143 inciperent,
903 2059 1000 2144 primi
1022 2061 1155 2124 omnium

8 2215 11 2236 s
109 2141 299 2210 Eubobnses
313 2142 356 2208 sd
370 2144 458 2231 Agin
484 2145 546 2208 hac
570 2143 685 2230 hyeme
708 2144 829 2232 legatos
850 2145 890 2209 de
912 2144 1092 2210 delectione
1113 2143 1155 2208 sb

8 2237 10 2308 Ῐ
109 2227 363 2296 Atheniensibus
384 2227 529 2294 sscienda
550 2230 713 2296 miserunt.
760 2230 819 2296 lllo
843 2253 927 2308 vero,
948 2253 1021 2296 cum
1043 2228 1154 2296 eorum
1193 2237 1225 2274 '·'

8 2315 10 2336 ⁵
108 2313 290 2382 medonem
302 2315 490 2393 admisisset,
509 2315 743 2381 Lacedaemone
759 2317 922 2382 arcessivit
938 2317 1154 2394 Alcamenem,

8 2421 9 2432 ¹
110 2399 330 2468 Sthenalsidae
340 2403 460 2484 filium,
475 2415 507 2466 et
531 2401 746 2478 Melanthum,
762 2401 858 2467 “decos
878 2405 1017 2468 civitatis
1037 2403 1156 2489 princi·

198 2488 289 2552 utin
306 2487 466 2552 Euboesm
487 2510 537 2553 eos
558 2490 701 2554 mitteret.
744 2485 798 2552 Illi
817 2510 892 2554 vero
913 2510 986 2554 cum
1009 2489 1157 2556 trecentis

123 2573 237 2638 ibertis
266 2575 300 2638 in
325 2574 487 2638 civitatem
512 2595 615 2659 nuper
639 2573 807 2660 adscriptis
832 2588 997 2654 venerunt,
1021 2590 1055 2641 et
1077 2571 1158 2660 Agis

8 2719 10 2728 Α
108 2659 282 2726 transihun
297 2660 375 2745 ipsis
388 2660 602 2745 prsepsrsbst.
641 2659 768 2726 Interea
782 2661 876 2726 etiam
892 2674 924 2726 et
939 2661 1048 2726 Lesbii
1064 2683 1157 2726 rene·

8 2741 14 2820 ,²
108 2757 200 2822 runt,
224 2746 312 2832 quod
341 2758 373 2810 et
401 2746 463 2832 ipsi
491 2745 703 2812 delectionem
728 2747 769 2811 ab
792 2748 1030 2816 Atheniensibus
1054 2746 1159 2812 fecere

108 2831 242 2898 vellent.
281 2831 402 2898 Boeotis
416 2845 524 2899 sutem
539 2855 593 2896 eos
607 2831 839 2918 adjuvantibus,
853 2835 931 2920 Agis
941 2857 1043 2900 eornm
1058 2833 1158 2900 vertis

109 2917 272 2986 adductus
294 2930 350 2997 est,
367 2931 403 2984 ut
422 2941 474 2984 res
489 2919 617 3005 quidem
635 2919 794 2984 Euboicos
816 2920 1039 2986 intermitteret
1046 2943 1056 2996 3
1079 2919 1157 3006 Les·

109 3005 187 3072 bios
200 3026 276 3072 vero
297 3005 332 3070 in
346 3003 522 3070 delectione
535 3004 680 3070 facienda
696 3007 831 3091 juvaret,
847 3019 879 3070 et
894 3029 944 3072 res
956 3005 999 3071 asl
1017 3027 1086 3070 eam
1103 3027 1158 3070 ne·

8 3095 10 3136 l
110 3092 266 3158 cesserim
279 3103 485 3176 proepsrsret,
495 3103 528 3155 et
543 3090 749 3156 Alcamenem
764 3089 950 3176 preelectum
966 3094 1043 3176 ipsis
1056 3091 1158 3170 daret,

137 3179 172 3244 ui
190 3179 224 3247 in
241 3177 402 3250 Euboesm
424 3177 629 3264 navigaturus
649 3190 728 3244 eret.
773 3179 882 3264 Atque
906 3177 1013 3244 Boeoti
1028 3178 1159 3264 quidem

110 3201 226 3330 decem
243 3287 338 3330 naues
352 3263 486 3349 polliciti
501 3277 583 3341 sunt,
601 3264 682 3350 Agis
696 3284 771 3328 vero
785 3263 907 3330 decem.
953 3265 1035 3350 Hoec
1051 3275 1159 3329 autem

113 3351 232 3440 ifflsrs
259 3350 387 3416 civitate
412 3349 732 3416 Lacedaemoniorum
763 3363 920 3416 transacto
948 3363 1031 3416 sunt.
1078 3351 1160 3450 Agis

8 3505 9 3512 χ
112 3437 215 3519 enim,
230 3436 384 3524 qusmdiu
406 3455 479 3503 cum
502 3437 566 3502 suis
588 3436 687 3524 copiis
709 3435 795 3521 epod
815 3436 987 3502 Deceleam
1011 3435 1087 3524 egit,
1107 3457 1160 3522 yus

113 3521 231 3590 babuit
244 3536 277 3590 et
291 3522 399 3610 copies
422 3523 578 3600 mittendi,
594 3524 621 3587 si
639 3546 704 3608 quo
717 3521 823 3601 vellet,
839 3536 871 3588 et
892 3520 1113 3601 contrahendi,
1129 3535 1162 3588 et

112 3609 269 3696 pecunias
283 3609 442 3698 exigendi.
488 3610 596 3694 Atque
610 3621 689 3674 tunc
704 3609 856 3693 temporis
871 3610 920 3674 rel
935 3609 1044 3694 ¹multo
1059 3608 1162 3694 magis

8 3691 10 3700 ’
114 3703 171 3784 (ut
184 3696 228 3762 its
243 3696 371 3782 loquer)
386 3697 426 3774 ei,
442 3717 536 3782 quem
551 3698 671 3762 ceteris
686 3695 949 3778 Lacedaemoniis,
962 3697 1017 3784 qui
1032 3695 1066 3760 in
1081 3695 1162 3762 urbe

115 3796 220 3861 erent,
236 3783 313 3848 socii
335 3783 500 3868 psrebsot.
545 3781 645 3859 Quod
667 3782 751 3849 enim
774 3783 951 3849 exercitum
974 3804 1082 3848 secum
1102 3781 1161 3870 bs-

8 3901 13 3930 ι
115 3870 219 3947 beret,
240 3887 431 3956 quocunque
453 3892 486 3934 se
504 3868 700 3946 contulisset,
720 3867 929 3934 formidabilis
952 3869 1072 3954 aderet.
1118 3867 1163 3932 Et

8 4099 10 4108 .
151 4047 164 4076 ⁶
182 4043 214 4090 Id
223 4047 272 4092 est.-
288 4051 314 4090 et
322 4049 466 4105 appararent
474 4043 566 4092 bellum
577 4043 687 4104 perinde,
696 4057 725 4089 se
736 4043 758 4088 si
767 4049 826 4090 tunc
837 4044 945 4104 primurn
956 4041 1017 4090 illud
1029 4048 1161 4088 moverent.

8 4113 12 4188 Ἰ
116 4109 153 4158 F.
163 4107 232 4156 Port.
262 4107 295 4154 Et
305 4109 367 4156 nihil
379 4109 453 4164 aliud,
465 4121 540 4170 quem
554 4107 660 4156 invicem
671 4121 697 4154 se
709 4113 825 4168 apparatu
837 4108 894 4156 belli
910 4108 1044 4168 prevenire
1056 4112 1164 4153 matura·

8 4247 9 4250 ¹
118 4173 404 4298 “lt'ndballbsrpm
415 4237 558 4298 praecem.
590 4235 699 4284 Aemus.
