2994 4788
321 279 387 339 ΜΩ
681 263 994 334 THUCYDlDlS

231 459 293 512 nat
324 443 439 510 emibso
453 439 715 527 compositionem
733 439 796 512 hac
817 438 1002 506 conditione
1015 438 1177 519 iecerunt3
1199 451 1237 506 ut
1252 439 1373 508 auxili«

219 531 302 589 resep.
325 531 408 596 arios
422 529 554 616 quidem
569 529 776 614 militesipsis
791 526 963 606 traderent,
978 526 1020 592 de
1039 549 1074 592 se
1089 548 1175 606 rero,
1191 543 1263 615 post
1278 551 1371 594 arma

212 609 252 706 gf
289 625 298 643 ⁰
325 617 453 694 tradita,
470 615 675 680 Atheniensis
689 613 828 700 populns
837 613 993 679 arbitratu
1007 637 1066 679 suo
1075 627 1235 681 statueret.
1258 615 1372 682 Duces

224 671 311 772 sini
326 715 432 769 autem
447 701 681 768 Atheniensium
707 702 802 787 ipsos,
819 700 881 765 fide
901 699 1030 786 publica
1050 701 1247 786 interposita,
1265 703 1299 766 in
1322 703 1372 764 in·
1489 783 1490 788 ἵ

227 788 257 835 ¹¹·
269 787 296 834 ⁰·
326 787 429 856 sulam
447 788 614 876 Ptychism
637 788 841 852 asservandos
861 801 1127 873 transportarent,
1144 788 1247 853 donec
1270 786 1378 853 Athe'

225 855 300 966 ζξζ·
326 899 383 942 nas
397 875 616 952 mitterentur3
639 877 684 940 ita
695 885 812 953 tamen,
828 885 874 951 ut,
890 874 915 938 si
932 873 1003 960 quis
1013 873 1181 964 anfugiens
1193 874 1373 959 deprehen·

327 985 380 1028 sus
404 962 522 1042 fuisset,
547 962 637 1040 fides,
660 983 732 1049 qna
753 963 827 1026 data
849 959 963 1038 fuerat,
990 960 1141 1026 omnibus
1163 974 1245 1026 esset
1271 963 1372 1026 irrita.

329 1049 451 1115 Verum
476 1049 632 1136 primores
646 1045 759 1134 populi
782 1047 958 1134 Corcyraei,
978 1047 1079 1125 veriti,
1097 1070 1138 1112 ne
1160 1047 1377 1112 Athenienses
1460 1131 1461 1138 ἵ

327 1135 387 1202 hos
402 1135 542 1202 Athenas
562 1133 722 1221 profectos
744 1154 810 1199 non
832 1133 1057 1210 interficerent,
1080 1134 1266 1221 hujusmodi
1285 1134 1381 1198 frau·'

329 1225 402 1288 dem
418 1221 604 1288 moliuntur.
642 1219 830 1286 'Nonnullis
844 1219 982 1298 illorum,
995 1223 1050 1307 qui
1066 1221 1222 1286 ininsula
1237 1223 1375 1306 Ptychia

329 1309 548 1387 servabantur,
574 1306 775 1394 persuadent,
802 1306 924 1394 aliquot
945 1329 985 1371 ex
1009 1307 1119 1373 amicis
1144 1309 1321 1388 submissis,
1344 1321 1375 1373 et

329 1395 471 1473 monitis,
501 1407 539 1460 ut
567 1394 656 1482 qnasi
684 1392 906 1458 benevolentia
935 1392 1089 1472 dicerent,
1116 1417 1135 1459 e
1164 1417 1199 1459 re
1229 1396 1375 1482 ipsorum

330 1483 471 1549 maxime
485 1503 564 1558 esse,
580 1493 617 1546 ut
628 1480 735 1567 primo
749 1501 878 1568 quoqne
886 1495 1030 1567 tempore
1041 1479 1149 1571 fugam
1161 1495 1375 1566 capesserent,

330 1589 455 1634 severo
483 1567 646 1670 navigium
676 1566 807 1659 aliquod
834 1581 1089 1653 propalaturos:
1128 1567 1374 1633 Atheniensium

330 1655 417 1721 enim
432 1654 539 1733 duces,
555 1677 640 1741 ipsos
654 1655 777 1741 populo
793 1653 967 1740 corcyraeo
981 1654 1107 1720 tradere
1120 1655 1276 1740 statuisse.

374 1743 429 1816 47.
454 1741 538 1806 Cum
554 1754 661 1806 autem
677 1741 808 1806 buciliis
827 1741 1065 1825 persuasissent,
1082 1753 1113 1806 et
1134 1741 1299 1830 navigium
1319 1762 1376 1826 per

331 1827 463 1893 insidias
486 1839 659 1914 parassent,
685 1828 736 1892 iiii
757 1827 843 1892 illinc
864 1825 1073 1906 discedentes,
1096 1828 1265 1914 intercepti
1291 1841 1375 1904 sunt,

332 1929 428 2001 atque
442 1913 521 1980 lides
535 1913 611 1980 data
625 1923 698 1978 tunc
716 1913 807 1977 irrita
821 1911 891 1991 fuit,
907 1926 940 1978 et
955 1913 1094 1979 universi
1114 1914 1236 1999 populo
1253 1913 1375 1999 Corcy-

332 2021 400 2066 raeo
428 2001 538 2067 traditi
563 2000 702 2068 inerunt.
748 1999 802 2065 Ad
828 2000 911 2065 hanc
934 2015 1040 2065 autem
1067 2023 1133 2066 rem
1159 2001 1376 2088 peragendam

335 2089 508 2174 Corcyraeos
521 2089 554 2153 in
576 2087 689 2173 primis
708 2085 899 2172 adjuverunt
920 2087 981 2173 ipsi
999 2086 1241 2153 Atheniensium
1265 2087 1375 2164 duces,

334 2186 370 2239 nt
387 2187 474 2239 certa
488 2175 683 2260 minimeque
696 2172 796 2238 dubie
817 2195 913 2238 causa
926 2173 1089 2239 videretur
1102 2176 1179 2257 iliis,
1194 2177 1250 2259 qui
1271 2177 1307 2239 in
1328 2177 1377 2239 in-

332 2263 402 2325 sula
416 2269 505 2324 erovn
515 2295 527 2333 ,·
552 2272 584 2324 et
605 2260 662 2346 qui
676 2258 821 2324 fraudem
844 2259 1016 2325 commenti
1029 2259 1166 2339 fiterant,
1189 2283 1260 2325 eam
1277 2260 1376 2325 conli-

333 2345 461 2411 dentins
475 2345 741 2447 aggrederentur:
772 2346 894 2432 quippe
907 2347 963 2434 qui
985 2359 1093 2433 aperte
1106 2367 1175 2433 prae
1197 2369 1231 2412 se
1244 2346 1376 2422 ferrent,

334 2455 368 2496 se
389 2431 474 2498 nolle
489 2455 572 2497 vrros
595 2431 670 2498 istos
691 2434 828 2517 captivos
849 2433 891 2498 ab
913 2433 983 2498 aliis
997 2433 1137 2500 Athenas
1156 2433 1279 2499 delatos
1305 2435 1376 2520 (ipsi

333 2519 468 2584 enimin
484 2520 625 2585 Siciliam
647 2519 854 2606 navigabant)
869 2519 967 2584 decus
988 2533 1023 2586 et
1045 2519 1181 2608 gloriam
1202 2521 1266 2585 illis
1287 2541 1377 2585 com·

334 2627 458 2691 parare,
482 2607 538 2692 qni
563 2629 613 2672 eos
636 2607 710 2670 illuc
731 2605 960 2690 deportassent.
1007 2605 1081 2672 Hos
1102 2621 1208 2672 autem
1230 2620 1378 2692 acceptos

335 2691 501 2777 Corcyraei
523 2693 557 2757 in
584 2713 702 2780 magno
726 2713 853 2756 carcere
878 2692 1115 2758 concluserunt.
1160 2693 1277 2760 Postea
1301 2716 1377 2758 vero

333 2798 388 2842 eos
403 2777 532 2842 eductos
547 2775 675 2843 vicenos
695 2777 907 2844 traducebant
962 2801 979 2843 r
1000 2779 1122 2845 medios
1136 2780 1229 2846 binos
1250 2781 1378 2846 ordines

333 2863 472 2928 militnm
488 2877 693 2941 armatorum,
709 2865 763 2952 qui
780 2863 856 2930 hinc
879 2867 910 2930 in
935 2889 953 2930 e
975 2867 1121 2933 instructi
1141 2883 1243 2945 erant,
1266 2879 1300 2932 et
1321 2868 1376 2954 qui

334 2950 419 3036 ipsos
442 2951 525 3016 inter
548 2973 581 3018 se
604 2951 770 3054 colligatos
793 2952 900 3018 caesinr
926 2953 1134 3040 punctimque
1155 2953 1376 3030 vulnerabant,

334 3034 437 3101 sicubi
451 3037 522 3124 quis
537 3059 630 3102 suum
645 3037 860 3103 immicumas
901 3041 1008 3104 uisset.
1054 3039 1097 3105 Et
1118 3040 1244 3106 lictores
1265 3062 1377 3126 prose·

332 3136 465 3212 quentes
479 3146 534 3189 eos
550 3125 718 3211 urgebant,
733 3125 788 3210 qui
804 3138 852 3190 tar
876 3126 924 3190 ius
938 3127 1220 3215 progrederentur.

375 3220 430 3279 48.
453 3213 563 3300 Atque
577 3209 665 3276 bunc
679 3211 712 3274 in
728 3211 859 3276 modurn
874 3211 1007 3278 eductos
1029 3215 1233 3280 trucidarunt
1246 3215 1289 3279 ad
1304 3236 1377 3284 sex-

375 3297 441 3362 'uta
448 3322 458 3375 3
506 3297 570 3363 uod
594 3297 666 3362 illos
690 3296 821 3378 latebat,
846 3299 902 3385 qni
927 3298 962 3363 in
983 3321 1110 3365 carcere
1134 3301 1248 3388 reliqui
1273 3315 1376 3366 erant.

364 3321 674 3458 xistimalsautenim,
688 3405 762 3448 suos
771 3385 874 3450 socios
883 3385 925 3450 ab
934 3384 1069 3452 inimicis
1083 3407 1124 3450 ex
1138 3408 1267 3452 carcere
1277 3387 1376 3453 educ-

331 3483 382 3534 tos
396 3469 460 3535 alio
474 3471 609 3536 traduci.
655 3471 738 3534 Cum
761 3483 868 3535 antem
891 3473 947 3536 hoc
969 3473 1176 3552 rescivissent,
1193 3486 1226 3539 et
1240 3496 1281 3540 ex
1295 3496 1376 3560 qno·

331 3555 404 3620 dam
421 3556 661 3636 intellexissent,
669 3565 741 3621 tusae
751 3555 963 3624 Athenienses
972 3559 1143 3645 implorare
1153 3582 1192 3625 sc
1203 3583 1296 3626 orere
1307 3583 1376 3627 οω-

331 3653 459 3726 petunt,
471 3656 518 3719 ut,
534 3643 560 3707 si
577 3643 722 3708 voluntas
732 3665 844 3708 eornm
856 3641 962 3721 ferret,
978 3647 1039 3729 ipsi
1054 3667 1088 3710 se
1101 3647 1300 3724 occiderent3
1318 3669 1378 3712 nec

330 3725 468 3812 amplius
482 3749 525 3792 ex
539 3751 666 3794 carcere
679 3731 767 3795 exire
782 3730 941 3809 volebant,
957 3743 989 3797 et
1003 3731 1161 3810 dicebant,
1177 3755 1211 3798 se
1225 3755 1286 3819 pro
1300 3734 1378 3798 siri-

329 3811 391 3876 bns
406 3834 470 3878 non
485 3816 703 3899 permissuros,
716 3829 752 3880 ut
766 3817 934 3904 quisquam
944 3819 1018 3883 illuc
1029 3819 1255 3906 ingrederetur.
1295 3821 1376 3886 Cor·
1489 3869 1490 3902 3

330 3899 427 3990 cyraei
443 3921 519 3964 vero
538 3923 579 3966 ne
602 3902 662 3986 ipsi
686 3902 816 3989 quidem
839 3923 899 3989 per
920 3903 1004 3971 iores
1024 3905 1201 3990 irrumpere
1218 3907 1376 3972 inanimo

329 3984 507 4052 habebant:
529 3988 583 4052 sed
600 4010 672 4054 curn
685 3990 820 4054 carceris
830 4003 949 4056 tectum
964 3991 1231 4074 conscendissent,
1243 4007 1276 4058 et
1287 3996 1376 4058 lacu-
1489 4063 1490 4068 ,

359 4151 369 4189 ⁸
382 4152 466 4200 Missis
476 4155 619 4202 clanculum
629 4155 715 4203 amicis
726 4156 883 4217 quibusdam,
893 4158 1023 4208 hortantur
1038 4173 1089 4216 eos,
1105 4161 1185 4222 quiin
1197 4159 1278 4210 tusus
1291 4167 1378 4208 crum·

326 4219 463 4272 disbantur,
473 4225 632 4281 monentque,
641 4228 758 4281 tanquam
770 4223 938 4272 benevolentia
945 4227 1049 4285 inducti,
1060 4228 1182 4287 optimum
1190 4237 1253 4283 esse,
1261 4231 1375 4288 utquam

327 4283 451 4330 celerrime
462 4283 606 4345 confugiant
616 4293 663 4332 ete.
680 4285 792 4334 Acutius.
817 4287 905 4336 Hans.
1224 4305 1228 4322 ¹
