<?xml version="1.0" encoding="UTF-8"?>
<!DOCTYPE html PUBLIC "-//W3C//DTD XHTML 1.0 Transitional//EN"
    "http://www.w3.org/TR/xhtml1/DTD/xhtml1-transitional.dtd">
<html xmlns="http://www.w3.org/1999/xhtml" xml:lang="en" lang="en">
 <head>
  <title>
</title>
<meta http-equiv="Content-Type" content="text/html;charset=utf-8" />
  <meta name='ocr-system' content='tesseract 3.04.00' />
  <meta name='ocr-capabilities' content='ocr_page ocr_carea ocr_par ocr_line ocrx_word'/>
</head>
<body>
  <div class='ocr_page' id='page_1' title='image "./thucydidisdebel00wassgoog_0058.png"; bbox 0 0 2996 4782; ppageno 0'>
   <div class='ocr_carea' id='block_1_1' title="bbox 326 263 1012 338">
    <p class='ocr_par' dir='ltr' id='par_1_1' title="bbox 326 263 1012 338">
     <span class='ocr_line' id='line_1_1' title="bbox 326 263 1012 338; baseline 0.001 -1"><span class='ocrx_word' id='word_1_1' title='bbox 326 279 369 337; x_wconf 74' lang='lat'><strong>50</strong></span> <span class='ocrx_word' id='word_1_2' title='bbox 695 263 1012 338; x_wconf 76' lang='lat' dir='ltr'><strong>THUcYDtnts&#39;</strong></span> 
     </span>
    </p>
   </div>
   <div class='ocr_carea' id='block_1_2' title="bbox 329 435 1377 619">
    <p class='ocr_par' dir='ltr' id='par_1_2' title="bbox 329 435 1377 619">
     <span class='ocr_line' id='line_1_2' title="bbox 330 435 1376 536; baseline 0.004 -26"><span class='ocrx_word' id='word_1_3' title='bbox 330 439 542 532; x_wconf 55' lang='lat' dir='ltr'><strong>Maffimtos</strong></span> <span class='ocrx_word' id='word_1_4' title='bbox 563 435 771 532; x_wconf 58' lang='lat' dir='ltr'><strong>Qudstomm</strong></span> <span class='ocrx_word' id='word_1_5' title='bbox 796 445 945 522; x_wconf 73' lang='lat' dir='ltr'><strong>Graecias,</strong></span> <span class='ocrx_word' id='word_1_6' title='bbox 969 447 1024 534; x_wconf 90' lang='lat' dir='ltr'><strong>qui</strong></span> <span class='ocrx_word' id='word_1_7' title='bbox 1053 445 1207 512; x_wconf 86' lang='lat' dir='ltr'><strong>tributum</strong></span> <span class='ocrx_word' id='word_1_8' title='bbox 1226 447 1376 536; x_wconf 72' lang='lat' dir='ltr'><strong>recipie·¹</strong></span> 
     </span>
     <span class='ocr_line' id='line_1_3' title="bbox 329 530 1377 619; baseline 0.002 -22"><span class='ocrx_word' id='word_1_9' title='bbox 329 533 418 610; x_wconf 82' lang='lat' dir='ltr'><strong>bant.</strong></span> <span class='ocrx_word' id='word_1_10' title='bbox 442 531 520 596; x_wconf 36' lang='lat' dir='ltr'><strong>‘Sic</strong></span> <span class='ocrx_word' id='word_1_11' title='bbox 548 531 634 596; x_wconf 88' lang='lat' dir='ltr'><strong>enirn</strong></span> <span class='ocrx_word' id='word_1_12' title='bbox 663 530 823 618; x_wconf 86' lang='lat' dir='ltr'><strong>appellata</strong></span> <span class='ocrx_word' id='word_1_13' title='bbox 852 547 900 597; x_wconf 87' lang='lat' dir='ltr'><strong>est</strong></span> <span class='ocrx_word' id='word_1_14' title='bbox 929 533 1139 619; x_wconf 80' lang='lat' dir='ltr'><strong>pecuniarum</strong></span> <span class='ocrx_word' id='word_1_15' title='bbox 1165 536 1377 601; x_wconf 85' lang='lat' dir='ltr'><strong>contributio.</strong></span> 
     </span>
    </p>
   </div>
   <div class='ocr_carea' id='block_1_3' title="bbox 226 617 1375 708">
    <p class='ocr_par' dir='ltr' id='par_1_3' title="bbox 226 617 1375 708">
     <span class='ocr_line' id='line_1_4' title="bbox 226 617 1375 708; baseline 0.003 -25"><span class='ocrx_word' id='word_1_16' title='bbox 226 683 231 690; x_wconf 84' lang='grc'><strong><em>,</em></strong></span> <span class='ocrx_word' id='word_1_17' title='bbox 332 617 478 684; x_wconf 90' lang='lat' dir='ltr'><strong>Primum</strong></span> <span class='ocrx_word' id='word_1_18' title='bbox 495 631 599 683; x_wconf 87' lang='lat' dir='ltr'><strong>autem</strong></span> <span class='ocrx_word' id='word_1_19' title='bbox 617 617 783 696; x_wconf 88' lang='lat' dir='ltr'><strong>tributum,</strong></span> <span class='ocrx_word' id='word_1_20' title='bbox 800 619 886 704; x_wconf 91' lang='lat' dir='ltr'><strong>quod</strong></span> <span class='ocrx_word' id='word_1_21' title='bbox 902 621 1109 685; x_wconf 88' lang='lat' dir='ltr'><strong>constitutum</strong></span> <span class='ocrx_word' id='word_1_22' title='bbox 1125 619 1194 698; x_wconf 87' lang='lat' dir='ltr'><strong>fuit,</strong></span> <span class='ocrx_word' id='word_1_23' title='bbox 1211 635 1279 686; x_wconf 89' lang='lat' dir='ltr'><strong>erat</strong></span> <span class='ocrx_word' id='word_1_24' title='bbox 1293 625 1375 708; x_wconf 84' lang='lat' dir='ltr'><strong>qua&#39;·</strong></span> 
     </span>
    </p>
   </div>
   <div class='ocr_carea' id='block_1_4' title="bbox 330 701 1385 4436">
    <p class='ocr_par' dir='ltr' id='par_1_4' title="bbox 330 701 1376 878">
     <span class='ocr_line' id='line_1_5' title="bbox 330 701 1376 793; baseline 0.002 -23"><span class='ocrx_word' id='word_1_25' title='bbox 330 701 574 792; x_wconf 78' lang='lat' dir='ltr'><strong>dring&#39;entorum</strong></span> <span class='ocrx_word' id='word_1_26' title='bbox 590 717 624 770; x_wconf 88' lang='lat' dir='ltr'><strong>et</strong></span> <span class='ocrx_word' id='word_1_27' title='bbox 638 706 804 793; x_wconf 74' lang='lat' dir='ltr'><strong>sexaginta</strong></span> <span class='ocrx_word' id='word_1_28' title='bbox 819 705 1022 788; x_wconf 87' lang='lat' dir='ltr'><strong>talentorum.</strong></span> <span class='ocrx_word' id='word_1_29' title='bbox 1069 705 1191 772; x_wconf 86' lang='lat' dir='ltr'><strong>Eorum</strong></span> <span class='ocrx_word' id='word_1_30' title='bbox 1205 727 1283 772; x_wconf 83' lang='lat' dir='ltr'><strong>vero</strong></span> <span class='ocrx_word' id='word_1_31' title='bbox 1294 731 1376 772; x_wconf 87' lang='lat' dir='ltr'><strong>rera-</strong></span> 
     </span>
     <span class='ocr_line' id='line_1_6' title="bbox 330 789 1264 878; baseline 0.002 -21"><span class='ocrx_word' id='word_1_32' title='bbox 330 793 415 858; x_wconf 87' lang='lat' dir='ltr'><strong>rium</strong></span> <span class='ocrx_word' id='word_1_33' title='bbox 430 789 492 856; x_wconf 86' lang='lat' dir='ltr'><strong>fuit</strong></span> <span class='ocrx_word' id='word_1_34' title='bbox 502 790 614 870; x_wconf 88' lang='lat' dir='ltr'><strong>Delos,</strong></span> <span class='ocrx_word' id='word_1_35' title='bbox 631 805 664 856; x_wconf 90' lang='lat' dir='ltr'><strong>et</strong></span> <span class='ocrx_word' id='word_1_36' title='bbox 678 793 711 855; x_wconf 91' lang='lat' dir='ltr'><strong>in</strong></span> <span class='ocrx_word' id='word_1_37' title='bbox 727 793 794 878; x_wconf 88' lang='lat' dir='ltr'><strong>ejus</strong></span> <span class='ocrx_word' id='word_1_38' title='bbox 809 793 930 876; x_wconf 90' lang='lat' dir='ltr'><strong>templo</strong></span> <span class='ocrx_word' id='word_1_39' title='bbox 941 807 1117 858; x_wconf 85' lang='lat' dir='ltr'><strong>conventus</strong></span> <span class='ocrx_word' id='word_1_40' title='bbox 1131 795 1264 859; x_wconf 84' lang='lat' dir='ltr'><strong>fiebant.</strong></span> 
     </span>
    </p>

    <p class='ocr_par' dir='ltr' id='par_1_5' title="bbox 332 878 1378 1400">
     <span class='ocr_line' id='line_1_7' title="bbox 375 878 1378 964; baseline -0.001 -17"><span class='ocrx_word' id='word_1_41' title='bbox 375 885 430 947; x_wconf 83' lang='lat'><strong>97.</strong></span> <span class='ocrx_word' id='word_1_42' title='bbox 453 878 537 943; x_wconf 87' lang='lat' dir='ltr'><strong>Cum</strong></span> <span class='ocrx_word' id='word_1_43' title='bbox 562 891 667 944; x_wconf 88' lang='lat' dir='ltr'><strong>autem</strong></span> <span class='ocrx_word' id='word_1_44' title='bbox 691 879 785 943; x_wconf 89' lang='lat' dir='ltr'><strong>initio</strong></span> <span class='ocrx_word' id='word_1_45' title='bbox 803 879 896 943; x_wconf 89' lang='lat' dir='ltr'><strong>sociis</strong></span> <span class='ocrx_word' id='word_1_46' title='bbox 922 879 1116 964; x_wconf 77' lang='lat' dir='ltr'><strong>imperarent</strong></span> <span class='ocrx_word' id='word_1_47' title='bbox 1135 879 1253 958; x_wconf 86' lang='lat' dir='ltr'><strong>liberis,</strong></span> <span class='ocrx_word' id='word_1_48' title='bbox 1277 893 1309 946; x_wconf 89' lang='lat' dir='ltr'><strong>et</strong></span> <span class='ocrx_word' id='word_1_49' title='bbox 1335 881 1378 946; x_wconf 91' lang='lat' dir='ltr'><strong>de</strong></span> 
     </span>
     <span class='ocr_line' id='line_1_8' title="bbox 332 964 1378 1050; baseline 0.002 -20"><span class='ocrx_word' id='word_1_50' title='bbox 332 965 496 1042; x_wconf 84' lang='lat' dir='ltr'><strong>communi</strong></span> <span class='ocrx_word' id='word_1_51' title='bbox 517 965 652 1031; x_wconf 90' lang='lat' dir='ltr'><strong>consilio</strong></span> <span class='ocrx_word' id='word_1_52' title='bbox 672 968 706 1028; x_wconf 90' lang='lat' dir='ltr'><strong>in</strong></span> <span class='ocrx_word' id='word_1_53' title='bbox 728 964 864 1050; x_wconf 81' lang='lat' dir='ltr'><strong>publicis</strong></span> <span class='ocrx_word' id='word_1_54' title='bbox 883 967 1026 1030; x_wconf 89' lang='lat' dir='ltr'><strong>conciliis</strong></span> <span class='ocrx_word' id='word_1_55' title='bbox 1045 967 1309 1044; x_wconf 73' lang='lat' dir='ltr'><strong>consultantibus,</strong></span> <span class='ocrx_word' id='word_1_56' title='bbox 1333 967 1378 1032; x_wconf 86' lang='lat' dir='ltr'><strong>ad</strong></span> 
     </span>
     <span class='ocr_line' id='line_1_9' title="bbox 332 1053 1376 1140; baseline 0 -21"><span class='ocrx_word' id='word_1_57' title='bbox 332 1065 457 1120; x_wconf 81' lang='lat' dir='ltr'><strong>tantum</strong></span> <span class='ocrx_word' id='word_1_58' title='bbox 476 1053 645 1138; x_wconf 90' lang='lat' dir='ltr'><strong>imperium</strong></span> <span class='ocrx_word' id='word_1_59' title='bbox 669 1063 882 1136; x_wconf 79' lang='lat' dir='ltr'><strong>pervenerunt</strong></span> <span class='ocrx_word' id='word_1_60' title='bbox 909 1053 1004 1130; x_wconf 87' lang='lat' dir='ltr'><strong>bollo,</strong></span> <span class='ocrx_word' id='word_1_61' title='bbox 1020 1073 1191 1140; x_wconf 87' lang='lat' dir='ltr'><strong>rerumque</strong></span> <span class='ocrx_word' id='word_1_62' title='bbox 1204 1055 1289 1119; x_wconf 87' lang='lat' dir='ltr'><strong>inter</strong></span> <span class='ocrx_word' id='word_1_63' title='bbox 1311 1053 1376 1119; x_wconf 89' lang='lat' dir='ltr'><strong>hoc</strong></span> 
     </span>
     <span class='ocr_line' id='line_1_10' title="bbox 332 1135 1375 1228; baseline -0.002 -22"><span class='ocrx_word' id='word_1_64' title='bbox 332 1153 365 1206; x_wconf 81' lang='lat' dir='ltr'><strong>et</strong></span> <span class='ocrx_word' id='word_1_65' title='bbox 383 1139 546 1206; x_wconf 87' lang='lat' dir='ltr'><strong>Medicum</strong></span> <span class='ocrx_word' id='word_1_66' title='bbox 560 1135 679 1204; x_wconf 91' lang='lat' dir='ltr'><strong>bellum</strong></span> <span class='ocrx_word' id='word_1_67' title='bbox 695 1137 986 1204; x_wconf 79' lang='lat' dir='ltr'><strong>administratorum</strong></span> <span class='ocrx_word' id='word_1_68' title='bbox 1003 1159 1113 1224; x_wconf 86' lang='lat' dir='ltr'><strong>opera,</strong></span> <span class='ocrx_word' id='word_1_69' title='bbox 1129 1163 1208 1226; x_wconf 89' lang='lat' dir='ltr'><strong>quas</strong></span> <span class='ocrx_word' id='word_1_70' title='bbox 1226 1140 1288 1226; x_wconf 90' lang='lat' dir='ltr'><strong>ipsi</strong></span> <span class='ocrx_word' id='word_1_71' title='bbox 1303 1139 1375 1228; x_wconf 66' lang='lat' dir='ltr'><strong>‘ges-</strong></span> 
     </span>
     <span class='ocr_line' id='line_1_11' title="bbox 333 1225 1377 1313; baseline -0.001 -21"><span class='ocrx_word' id='word_1_72' title='bbox 333 1238 444 1292; x_wconf 87' lang='lat' dir='ltr'><strong>serunt</strong></span> <span class='ocrx_word' id='word_1_73' title='bbox 462 1239 495 1291; x_wconf 92' lang='lat' dir='ltr'><strong>et</strong></span> <span class='ocrx_word' id='word_1_74' title='bbox 509 1240 619 1290; x_wconf 87' lang='lat' dir='ltr'><strong>contra</strong></span> <span class='ocrx_word' id='word_1_75' title='bbox 642 1225 826 1303; x_wconf 85' lang='lat' dir='ltr'><strong>barbarum,</strong></span> <span class='ocrx_word' id='word_1_76' title='bbox 844 1240 876 1291; x_wconf 92' lang='lat' dir='ltr'><strong>et</strong></span> <span class='ocrx_word' id='word_1_77' title='bbox 894 1239 1007 1290; x_wconf 87' lang='lat' dir='ltr'><strong>contra</strong></span> <span class='ocrx_word' id='word_1_78' title='bbox 1025 1249 1099 1290; x_wconf 89' lang='lat' dir='ltr'><strong>suos</strong></span> <span class='ocrx_word' id='word_1_79' title='bbox 1121 1228 1235 1308; x_wconf 87' lang='lat' dir='ltr'><strong>socios,</strong></span> <span class='ocrx_word' id='word_1_80' title='bbox 1250 1229 1304 1313; x_wconf 90' lang='lat' dir='ltr'><strong>qui</strong></span> <span class='ocrx_word' id='word_1_81' title='bbox 1325 1247 1377 1291; x_wconf 86' lang='lat' dir='ltr'><strong>res</strong></span> 
     </span>
     <span class='ocr_line' id='line_1_12' title="bbox 334 1312 1378 1400; baseline 0 -22"><span class='ocrx_word' id='word_1_82' title='bbox 334 1335 434 1378; x_wconf 86' lang='lat' dir='ltr'><strong>noras</strong></span> <span class='ocrx_word' id='word_1_83' title='bbox 449 1312 672 1388; x_wconf 81' lang='lat' dir='ltr'><strong>moliebantur,</strong></span> <span class='ocrx_word' id='word_1_84' title='bbox 689 1326 722 1377; x_wconf 87' lang='lat' dir='ltr'><strong>et</strong></span> <span class='ocrx_word' id='word_1_85' title='bbox 744 1324 856 1376; x_wconf 89' lang='lat' dir='ltr'><strong>contra</strong></span> <span class='ocrx_word' id='word_1_86' title='bbox 872 1312 1135 1398; x_wconf 83' lang='lat' dir='ltr'><strong>Peloponnesios,</strong></span> <span class='ocrx_word' id='word_1_87' title='bbox 1150 1315 1205 1400; x_wconf 92' lang='lat' dir='ltr'><strong>qui</strong></span> <span class='ocrx_word' id='word_1_88' title='bbox 1220 1335 1295 1378; x_wconf 90' lang='lat' dir='ltr'><strong>casu</strong></span> <span class='ocrx_word' id='word_1_89' title='bbox 1310 1313 1378 1378; x_wconf 62' lang='lat' dir='ltr'><strong>siriss</strong></span> 
     </span>
    </p>

    <p class='ocr_par' dir='ltr' id='par_1_6' title="bbox 378 1399 1379 1486">
     <span class='ocr_line' id='line_1_13' title="bbox 378 1399 1379 1486; baseline 0.001 -23"><span class='ocrx_word' id='word_1_90' title='bbox 378 1401 417 1464; x_wconf 90' lang='lat' dir='ltr'><strong>lis</strong></span> <span class='ocrx_word' id='word_1_91' title='bbox 431 1401 518 1464; x_wconf 80' lang='lat' dir='ltr'><strong>bellis</strong></span> <span class='ocrx_word' id='word_1_92' title='bbox 539 1421 663 1484; x_wconf 90' lang='lat' dir='ltr'><strong>semper</strong></span> <span class='ocrx_word' id='word_1_93' title='bbox 686 1403 869 1464; x_wconf 88' lang='lat' dir='ltr'><strong>intererant.</strong></span> <span class='ocrx_word' id='word_1_94' title='bbox 917 1399 981 1464; x_wconf 83' lang='lat' dir='ltr'><strong>Res</strong></span> <span class='ocrx_word' id='word_1_95' title='bbox 996 1413 1101 1464; x_wconf 85' lang='lat' dir='ltr'><strong>autem</strong></span> <span class='ocrx_word' id='word_1_96' title='bbox 1117 1401 1191 1464; x_wconf 89' lang='lat' dir='ltr'><strong>istas</strong></span> <span class='ocrx_word' id='word_1_97' title='bbox 1206 1401 1328 1486; x_wconf 78' lang='lat' dir='ltr'><strong>scripsi,</strong></span> <span class='ocrx_word' id='word_1_98' title='bbox 1344 1405 1379 1464; x_wconf 85' lang='lat' dir='ltr'><strong>e&#39;t</strong></span> 
     </span>
    </p>

    <p class='ocr_par' dir='ltr' id='par_1_7' title="bbox 333 1485 1380 2183">
     <span class='ocr_line' id='line_1_14' title="bbox 357 1485 1379 1575; baseline 0 -23"><span class='ocrx_word' id='word_1_99' title='bbox 357 1485 569 1575; x_wconf 74' lang='lat' dir='ltr'><strong>egressionem</strong></span> <span class='ocrx_word' id='word_1_100' title='bbox 583 1489 623 1549; x_wconf 91' lang='lat' dir='ltr'><strong>ab</strong></span> <span class='ocrx_word' id='word_1_101' title='bbox 634 1485 779 1550; x_wconf 81' lang='lat' dir='ltr'><strong>instituta</strong></span> <span class='ocrx_word' id='word_1_102' title='bbox 792 1487 976 1551; x_wconf 78' lang='lat' dir='ltr'><strong>narratione</strong></span> <span class='ocrx_word' id='word_1_103' title='bbox 985 1486 1046 1552; x_wconf 84' lang='lat' dir='ltr'><strong>feci</strong></span> <span class='ocrx_word' id='word_1_104' title='bbox 1060 1488 1119 1552; x_wconf 85' lang='lat' dir='ltr'><strong>hac</strong></span> <span class='ocrx_word' id='word_1_105' title='bbox 1130 1487 1171 1552; x_wconf 86' lang='lat' dir='ltr'><strong>de</strong></span> <span class='ocrx_word' id='word_1_106' title='bbox 1183 1509 1287 1564; x_wconf 90' lang='lat' dir='ltr'><strong>causa,</strong></span> <span class='ocrx_word' id='word_1_107' title='bbox 1300 1489 1379 1573; x_wconf 87' lang='lat' dir='ltr'><strong>qnia</strong></span> 
     </span>
     <span class='ocr_line' id='line_1_15' title="bbox 333 1573 1378 1660; baseline -0.002 -22"><span class='ocrx_word' id='word_1_108' title='bbox 333 1573 386 1638; x_wconf 90' lang='lat' dir='ltr'><strong>hic</strong></span> <span class='ocrx_word' id='word_1_109' title='bbox 402 1573 490 1638; x_wconf 90' lang='lat' dir='ltr'><strong>locus</strong></span> <span class='ocrx_word' id='word_1_110' title='bbox 504 1573 546 1638; x_wconf 86' lang='lat' dir='ltr'><strong>ab</strong></span> <span class='ocrx_word' id='word_1_111' title='bbox 560 1573 719 1649; x_wconf 85' lang='lat' dir='ltr'><strong>omnibus,</strong></span> <span class='ocrx_word' id='word_1_112' title='bbox 736 1573 792 1658; x_wconf 92' lang='lat' dir='ltr'><strong>qui</strong></span> <span class='ocrx_word' id='word_1_113' title='bbox 807 1585 882 1637; x_wconf 89' lang='lat' dir='ltr'><strong>onte</strong></span> <span class='ocrx_word' id='word_1_114' title='bbox 897 1593 948 1637; x_wconf 86' lang='lat' dir='ltr'><strong>me</strong></span> <span class='ocrx_word' id='word_1_115' title='bbox 962 1573 1023 1637; x_wconf 89' lang='lat' dir='ltr'><strong>scri</strong></span> <span class='ocrx_word' id='word_1_116' title='bbox 1047 1586 1166 1652; x_wconf 87' lang='lat' dir='ltr'><strong>serunt,</strong></span> <span class='ocrx_word' id='word_1_117' title='bbox 1182 1589 1229 1640; x_wconf 91' lang='lat' dir='ltr'><strong>est</strong></span> <span class='ocrx_word' id='word_1_118' title='bbox 1243 1589 1378 1660; x_wconf 72' lang='lat' dir='ltr'><strong>prseter-</strong></span> 
     </span>
     <span class='ocr_line' id='line_1_16' title="bbox 334 1657 1378 1726; baseline 0.001 -1"><span class='ocrx_word' id='word_1_119' title='bbox 334 1661 464 1726; x_wconf 80' lang='lat' dir='ltr'><strong>missust</strong></span> <span class='ocrx_word' id='word_1_120' title='bbox 488 1677 562 1724; x_wconf 84' lang='lat' dir='ltr'><strong>nam</strong></span> <span class='ocrx_word' id='word_1_121' title='bbox 585 1657 631 1722; x_wconf 91' lang='lat' dir='ltr'><strong>illi</strong></span> <span class='ocrx_word' id='word_1_122' title='bbox 648 1659 697 1722; x_wconf 87' lang='lat' dir='ltr'><strong>vel</strong></span> <span class='ocrx_word' id='word_1_123' title='bbox 721 1681 770 1722; x_wconf 89' lang='lat' dir='ltr'><strong>res</strong></span> <span class='ocrx_word' id='word_1_124' title='bbox 793 1671 867 1723; x_wconf 89' lang='lat' dir='ltr'><strong>ante</strong></span> <span class='ocrx_word' id='word_1_125' title='bbox 881 1658 1002 1723; x_wconf 88' lang='lat' dir='ltr'><strong>bellum</strong></span> <span class='ocrx_word' id='word_1_126' title='bbox 1059 1659 1183 1725; x_wconf 86' lang='lat' dir='ltr'><strong>edicunt</strong></span> <span class='ocrx_word' id='word_1_127' title='bbox 1204 1684 1225 1726; x_wconf 90' lang='lat' dir='ltr'><strong>a</strong></span> <span class='ocrx_word' id='word_1_128' title='bbox 1250 1661 1378 1726; x_wconf 66' lang='lat' dir='ltr'><strong>Grecis</strong></span> 
     </span>
     <span class='ocr_line' id='line_1_17' title="bbox 334 1744 1379 1836; baseline 0.001 -24"><span class='ocrx_word' id='word_1_129' title='bbox 334 1761 448 1836; x_wconf 80' lang='lat' dir='ltr'><strong>gestas,</strong></span> <span class='ocrx_word' id='word_1_130' title='bbox 463 1747 511 1809; x_wconf 83' lang='lat' dir='ltr'><strong>vel</strong></span> <span class='ocrx_word' id='word_1_131' title='bbox 529 1747 632 1832; x_wconf 88' lang='lat' dir='ltr'><strong>ipsum</strong></span> <span class='ocrx_word' id='word_1_132' title='bbox 648 1744 765 1810; x_wconf 90' lang='lat' dir='ltr'><strong>bellum</strong></span> <span class='ocrx_word' id='word_1_133' title='bbox 783 1744 949 1811; x_wconf 89' lang='lat' dir='ltr'><strong>Medicum</strong></span> <span class='ocrx_word' id='word_1_134' title='bbox 963 1749 1229 1832; x_wconf 82' lang='lat' dir='ltr'><strong>conscripserunt</strong></span> <span class='ocrx_word' id='word_1_135' title='bbox 1264 1747 1302 1812; x_wconf 91' lang='lat' dir='ltr'><strong>ln</strong></span> <span class='ocrx_word' id='word_1_136' title='bbox 1313 1746 1379 1813; x_wconf 88' lang='lat' dir='ltr'><strong>hoc</strong></span> 
     </span>
     <span class='ocr_line' id='line_1_18' title="bbox 334 1831 1378 1918; baseline -0.001 -18"><span class='ocrx_word' id='word_1_137' title='bbox 334 1847 441 1900; x_wconf 88' lang='lat' dir='ltr'><strong>autem</strong></span> <span class='ocrx_word' id='word_1_138' title='bbox 458 1855 593 1898; x_wconf 89' lang='lat' dir='ltr'><strong>numero</strong></span> <span class='ocrx_word' id='word_1_139' title='bbox 607 1845 656 1896; x_wconf 86' lang='lat' dir='ltr'><strong>est</strong></span> <span class='ocrx_word' id='word_1_140' title='bbox 669 1845 702 1897; x_wconf 91' lang='lat' dir='ltr'><strong>et</strong></span> <span class='ocrx_word' id='word_1_141' title='bbox 718 1831 917 1911; x_wconf 77' lang='lat' dir='ltr'><strong>Hellanicus,</strong></span> <span class='ocrx_word' id='word_1_142' title='bbox 934 1833 989 1918; x_wconf 90' lang='lat' dir='ltr'><strong>qui</strong></span> <span class='ocrx_word' id='word_1_143' title='bbox 1004 1831 1036 1896; x_wconf 91' lang='lat' dir='ltr'><strong>in</strong></span> <span class='ocrx_word' id='word_1_144' title='bbox 1051 1834 1160 1898; x_wconf 88' lang='lat' dir='ltr'><strong>Attica</strong></span> <span class='ocrx_word' id='word_1_145' title='bbox 1175 1834 1305 1899; x_wconf 87' lang='lat' dir='ltr'><strong>historia</strong></span> <span class='ocrx_word' id='word_1_146' title='bbox 1318 1834 1378 1899; x_wconf 88' lang='lat' dir='ltr'><strong>has</strong></span> 
     </span>
     <span class='ocr_line' id='line_1_19' title="bbox 334 1919 1380 2006; baseline 0 -20"><span class='ocrx_word' id='word_1_147' title='bbox 334 1943 386 1986; x_wconf 90' lang='lat' dir='ltr'><strong>res</strong></span> <span class='ocrx_word' id='word_1_148' title='bbox 399 1921 516 2006; x_wconf 79' lang='lat' dir='ltr'><strong>attigit,</strong></span> <span class='ocrx_word' id='word_1_149' title='bbox 531 1933 563 1985; x_wconf 94' lang='lat' dir='ltr'><strong>et</strong></span> <span class='ocrx_word' id='word_1_150' title='bbox 578 1919 727 1997; x_wconf 85' lang='lat' dir='ltr'><strong>breviter,</strong></span> <span class='ocrx_word' id='word_1_151' title='bbox 744 1921 1004 2006; x_wconf 82' lang='lat' dir='ltr'><strong>temporibusque</strong></span> <span class='ocrx_word' id='word_1_152' title='bbox 1014 1941 1080 1984; x_wconf 92' lang='lat' dir='ltr'><strong>non</strong></span> <span class='ocrx_word' id='word_1_153' title='bbox 1091 1935 1235 1986; x_wconf 87' lang='lat' dir='ltr'><strong>accurate</strong></span> <span class='ocrx_word' id='word_1_154' title='bbox 1245 1920 1380 1986; x_wconf 85' lang='lat' dir='ltr'><strong>distinc-</strong></span> 
     </span>
     <span class='ocr_line' id='line_1_20' title="bbox 335 2005 1379 2094; baseline -0.002 -22"><span class='ocrx_word' id='word_1_155' title='bbox 335 2010 386 2086; x_wconf 88' lang='lat' dir='ltr'><strong>tis,</strong></span> <span class='ocrx_word' id='word_1_156' title='bbox 399 2009 591 2074; x_wconf 88' lang='lat' dir='ltr'><strong>mentionem</strong></span> <span class='ocrx_word' id='word_1_157' title='bbox 612 2029 720 2072; x_wconf 86' lang='lat' dir='ltr'><strong>earum</strong></span> <span class='ocrx_word' id='word_1_158' title='bbox 743 2005 827 2070; x_wconf 83' lang='lat' dir='ltr'><strong>fecit.</strong></span> <span class='ocrx_word' id='word_1_159' title='bbox 874 2005 975 2071; x_wconf 89' lang='lat' dir='ltr'><strong>Simul</strong></span> <span class='ocrx_word' id='word_1_160' title='bbox 997 2008 1091 2071; x_wconf 89' lang='lat' dir='ltr'><strong>etiam</strong></span> <span class='ocrx_word' id='word_1_161' title='bbox 1115 2021 1225 2094; x_wconf 87' lang='lat' dir='ltr'><strong>aperte</strong></span> <span class='ocrx_word' id='word_1_162' title='bbox 1244 2006 1379 2071; x_wconf 89' lang='lat' dir='ltr'><strong>demon-</strong></span> 
     </span>
     <span class='ocr_line' id='line_1_21' title="bbox 335 2089 1378 2183; baseline -0.003 -22"><span class='ocrx_word' id='word_1_163' title='bbox 335 2089 426 2173; x_wconf 78' lang='lat' dir='ltr'><strong>strat&#39;,</strong></span> <span class='ocrx_word' id='word_1_164' title='bbox 438 2117 503 2183; x_wconf 89' lang='lat' dir='ltr'><strong>quo</strong></span> <span class='ocrx_word' id='word_1_165' title='bbox 516 2093 612 2160; x_wconf 93' lang='lat' dir='ltr'><strong>modo</strong></span> <span class='ocrx_word' id='word_1_166' title='bbox 622 2093 862 2158; x_wconf 87' lang='lat' dir='ltr'><strong>Atheniensium</strong></span> <span class='ocrx_word' id='word_1_167' title='bbox 872 2092 1041 2178; x_wconf 89' lang='lat' dir='ltr'><strong>imperium</strong></span> <span class='ocrx_word' id='word_1_168' title='bbox 1053 2092 1147 2159; x_wconf 88' lang='lat' dir='ltr'><strong>fuerit</strong></span> <span class='ocrx_word' id='word_1_169' title='bbox 1159 2096 1378 2160; x_wconf 88' lang='lat' dir='ltr'><strong>constitutum.</strong></span> 
     </span>
    </p>

    <p class='ocr_par' dir='ltr' id='par_1_8' title="bbox 336 2179 1380 2544">
     <span class='ocr_line' id='line_1_22' title="bbox 378 2179 1379 2268; baseline -0.004 -20"><span class='ocrx_word' id='word_1_170' title='bbox 378 2191 431 2248; x_wconf 84' lang='lat'><strong>98.</strong></span> <span class='ocrx_word' id='word_1_171' title='bbox 457 2179 601 2246; x_wconf 91' lang='lat' dir='ltr'><strong>Primum</strong></span> <span class='ocrx_word' id='word_1_172' title='bbox 614 2181 712 2268; x_wconf 80' lang='lat' dir='ltr'><strong>igitur</strong></span> <span class='ocrx_word' id='word_1_173' title='bbox 724 2179 869 2255; x_wconf 84' lang='lat' dir='ltr'><strong>Eionem,</strong></span> <span class='ocrx_word' id='word_1_174' title='bbox 886 2201 959 2265; x_wconf 85' lang='lat' dir='ltr'><strong>quae</strong></span> <span class='ocrx_word' id='word_1_175' title='bbox 971 2179 1011 2244; x_wconf 87' lang='lat' dir='ltr'><strong>ad</strong></span> <span class='ocrx_word' id='word_1_176' title='bbox 1029 2181 1234 2268; x_wconf 84' lang='lat' dir='ltr'><strong>Strymonem</strong></span> <span class='ocrx_word' id='word_1_177' title='bbox 1247 2193 1294 2246; x_wconf 90' lang='lat' dir='ltr'><strong>est</strong></span> <span class='ocrx_word' id='word_1_178' title='bbox 1305 2183 1379 2260; x_wconf 88' lang='lat' dir='ltr'><strong>sita,</strong></span> 
     </span>
     <span class='ocr_line' id='line_1_23' title="bbox 336 2266 1379 2356; baseline -0.003 -22"><span class='ocrx_word' id='word_1_179' title='bbox 336 2291 432 2356; x_wconf 89' lang='lat' dir='ltr'><strong>quam</strong></span> <span class='ocrx_word' id='word_1_180' title='bbox 457 2267 551 2332; x_wconf 82' lang='lat' dir='ltr'><strong>Medi·</strong></span> <span class='ocrx_word' id='word_1_181' title='bbox 572 2269 734 2348; x_wconf 88' lang='lat' dir='ltr'><strong>tenebant,</strong></span> <span class='ocrx_word' id='word_1_182' title='bbox 749 2266 917 2331; x_wconf 81' lang='lat' dir='ltr'><strong>obsidione</strong></span> <span class='ocrx_word' id='word_1_183' title='bbox 938 2283 1175 2356; x_wconf 79' lang='lat' dir='ltr'><strong>expugnarunt,</strong></span> <span class='ocrx_word' id='word_1_184' title='bbox 1191 2281 1224 2336; x_wconf 89' lang='lat' dir='ltr'><strong>et</strong></span> <span class='ocrx_word' id='word_1_185' title='bbox 1246 2267 1379 2345; x_wconf 86' lang='lat' dir='ltr'><strong>incolas,</strong></span> 
     </span>
     <span class='ocr_line' id='line_1_24' title="bbox 337 2352 1380 2439; baseline -0.002 -19"><span class='ocrx_word' id='word_1_186' title='bbox 337 2355 417 2420; x_wconf 91' lang='lat' dir='ltr'><strong>urbe</strong></span> <span class='ocrx_word' id='word_1_187' title='bbox 429 2353 565 2439; x_wconf 87' lang='lat' dir='ltr'><strong>direpta,</strong></span> <span class='ocrx_word' id='word_1_188' title='bbox 582 2354 807 2419; x_wconf 83' lang='lat' dir='ltr'><strong>inservitutem</strong></span> <span class='ocrx_word' id='word_1_189' title='bbox 824 2353 1040 2432; x_wconf 86' lang='lat' dir='ltr'><strong>abduxerunt,</strong></span> <span class='ocrx_word' id='word_1_190' title='bbox 1056 2355 1139 2420; x_wconf 88' lang='lat' dir='ltr'><strong>duce</strong></span> <span class='ocrx_word' id='word_1_191' title='bbox 1149 2355 1284 2420; x_wconf 89' lang='lat' dir='ltr'><strong>Cimone</strong></span> <span class='ocrx_word' id='word_1_192' title='bbox 1298 2352 1380 2420; x_wconf 88' lang='lat' dir='ltr'><strong>Mil·</strong></span> 
     </span>
     <span class='ocr_line' id='line_1_25' title="bbox 337 2439 1379 2544; baseline -0.001 -38"><span class='ocrx_word' id='word_1_193' title='bbox 337 2441 520 2530; x_wconf 75' lang='lat' dir='ltr'><strong>tiadisfflio.</strong></span> <span class='ocrx_word' id='word_1_194' title='bbox 552 2439 682 2506; x_wconf 86' lang='lat' dir='ltr'><strong>Deinde</strong></span> <span class='ocrx_word' id='word_1_195' title='bbox 696 2463 771 2506; x_wconf 85' lang='lat' dir='ltr'><strong>rero</strong></span> <span class='ocrx_word' id='word_1_196' title='bbox 788 2442 934 2544; x_wconf 66' lang='lat' dir='ltr'><strong>Scyrum,</strong></span> <span class='ocrx_word' id='word_1_197' title='bbox 950 2441 1086 2506; x_wconf 84' lang='lat' dir='ltr'><strong>insulam</strong></span> <span class='ocrx_word' id='word_1_198' title='bbox 1098 2443 1130 2506; x_wconf 92' lang='lat' dir='ltr'><strong>in</strong></span> <span class='ocrx_word' id='word_1_199' title='bbox 1142 2441 1259 2530; x_wconf 80' lang='lat' dir='ltr'><strong>AEgteo</strong></span> <span class='ocrx_word' id='word_1_200' title='bbox 1274 2442 1379 2520; x_wconf 83' lang='lat' dir='ltr'><strong>sitam,</strong></span> 
     </span>
    </p>

    <p class='ocr_par' dir='ltr' id='par_1_9' title="bbox 337 2527 1384 3223">
     <span class='ocr_line' id='line_1_26' title="bbox 359 2527 1381 2612; baseline -0.002 -20"><span class='ocrx_word' id='word_1_201' title='bbox 359 2551 433 2592; x_wconf 89' lang='lat' dir='ltr'><strong>uam</strong></span> <span class='ocrx_word' id='word_1_202' title='bbox 449 2528 593 2612; x_wconf 85' lang='lat' dir='ltr'><strong>Dolopes</strong></span> <span class='ocrx_word' id='word_1_203' title='bbox 609 2527 800 2604; x_wconf 84' lang='lat' dir='ltr'><strong>incolebant,</strong></span> <span class='ocrx_word' id='word_1_204' title='bbox 824 2527 936 2592; x_wconf 79' lang='lat' dir='ltr'><strong>incolis</strong></span> <span class='ocrx_word' id='word_1_205' title='bbox 952 2529 983 2592; x_wconf 92' lang='lat' dir='ltr'><strong>in</strong></span> <span class='ocrx_word' id='word_1_206' title='bbox 1003 2529 1185 2592; x_wconf 86' lang='lat' dir='ltr'><strong>servitutem</strong></span> <span class='ocrx_word' id='word_1_207' title='bbox 1201 2528 1381 2605; x_wconf 84' lang='lat' dir='ltr'><strong>abstractis,</strong></span> 
     </span>
     <span class='ocr_line' id='line_1_27' title="bbox 337 2551 1381 2700; baseline -0.001 -21"><span class='ocrx_word' id='word_1_208' title='bbox 337 2551 552 2700; x_wconf 67' lang='lat' dir='ltr'><strong>diripuerunt,</strong></span> <span class='ocrx_word' id='word_1_209' title='bbox 569 2627 612 2695; x_wconf 89' lang='lat' dir='ltr'><strong>et,</strong></span> <span class='ocrx_word' id='word_1_210' title='bbox 627 2615 804 2678; x_wconf 85' lang='lat' dir='ltr'><strong>coloniaco</strong></span> <span class='ocrx_word' id='word_1_211' title='bbox 826 2615 930 2690; x_wconf 88' lang='lat' dir='ltr'><strong>missa,</strong></span> <span class='ocrx_word' id='word_1_212' title='bbox 948 2615 1010 2700; x_wconf 90' lang='lat' dir='ltr'><strong>ipsi</strong></span> <span class='ocrx_word' id='word_1_213' title='bbox 1036 2617 1247 2680; x_wconf 87' lang='lat' dir='ltr'><strong>incoluerunt.</strong></span> <span class='ocrx_word' id='word_1_214' title='bbox 1293 2613 1381 2678; x_wconf 88' lang='lat' dir='ltr'><strong>Cum</strong></span> 
     </span>
     <span class='ocr_line' id='line_1_28' title="bbox 340 2699 1380 2790; baseline -0.001 -23"><span class='ocrx_word' id='word_1_215' title='bbox 340 2701 389 2767; x_wconf 86' lang='lat' dir='ltr'><strong>Co</strong></span> <span class='ocrx_word' id='word_1_216' title='bbox 427 2699 494 2766; x_wconf 79' lang='lat' dir='ltr'><strong>otiis</strong></span> <span class='ocrx_word' id='word_1_217' title='bbox 509 2703 614 2779; x_wconf 89' lang='lat' dir='ltr'><strong>etiam,</strong></span> <span class='ocrx_word' id='word_1_218' title='bbox 632 2701 700 2764; x_wconf 91' lang='lat' dir='ltr'><strong>sine</strong></span> <span class='ocrx_word' id='word_1_219' title='bbox 717 2699 786 2764; x_wconf 89' lang='lat' dir='ltr'><strong>aliis</strong></span> <span class='ocrx_word' id='word_1_220' title='bbox 799 2699 1033 2778; x_wconf 88' lang='lat' dir='ltr'><strong>Euboensibus,</strong></span> <span class='ocrx_word' id='word_1_221' title='bbox 1050 2701 1168 2766; x_wconf 92' lang='lat' dir='ltr'><strong>bellum</strong></span> <span class='ocrx_word' id='word_1_222' title='bbox 1191 2713 1380 2790; x_wconf 75' lang='lat' dir='ltr'><strong>gesserunt:</strong></span> 
     </span>
     <span class='ocr_line' id='line_1_29' title="bbox 338 2786 1381 2874; baseline -0.002 -19"><span class='ocrx_word' id='word_1_223' title='bbox 338 2803 392 2855; x_wconf 88' lang='lat' dir='ltr'><strong>tan</strong></span> <span class='ocrx_word' id='word_1_224' title='bbox 418 2809 532 2874; x_wconf 90' lang='lat' dir='ltr'><strong>amque</strong></span> <span class='ocrx_word' id='word_1_225' title='bbox 558 2788 652 2852; x_wconf 89' lang='lat' dir='ltr'><strong>certis</strong></span> <span class='ocrx_word' id='word_1_226' title='bbox 676 2786 912 2852; x_wconf 83' lang='lat' dir='ltr'><strong>conditionibus</strong></span> <span class='ocrx_word' id='word_1_227' title='bbox 936 2787 1200 2874; x_wconf 88' lang='lat' dir='ltr'><strong>compositionem</strong></span> <span class='ocrx_word' id='word_1_228' title='bbox 1226 2787 1381 2853; x_wconf 85' lang='lat' dir='ltr'><strong>lecerunt.</strong></span> 
     </span>
     <span class='ocr_line' id='line_1_30' title="bbox 339 2869 1384 2960; baseline 0 -20"><span class='ocrx_word' id='word_1_229' title='bbox 339 2875 458 2941; x_wconf 81' lang='lat' dir='ltr'><strong>Postea</strong></span> <span class='ocrx_word' id='word_1_230' title='bbox 475 2895 550 2938; x_wconf 87' lang='lat' dir='ltr'><strong>vero</strong></span> <span class='ocrx_word' id='word_1_231' title='bbox 568 2873 692 2952; x_wconf 85' lang='lat' dir='ltr'><strong>Naxiis,</strong></span> <span class='ocrx_word' id='word_1_232' title='bbox 708 2875 764 2960; x_wconf 89' lang='lat' dir='ltr'><strong>qui</strong></span> <span class='ocrx_word' id='word_1_233' title='bbox 786 2873 976 2953; x_wconf 83' lang='lat' dir='ltr'><strong>defecerant,</strong></span> <span class='ocrx_word' id='word_1_234' title='bbox 993 2874 1111 2940; x_wconf 90' lang='lat' dir='ltr'><strong>bellum</strong></span> <span class='ocrx_word' id='word_1_235' title='bbox 1140 2874 1325 2953; x_wconf 89' lang='lat' dir='ltr'><strong>intulerunt,</strong></span> <span class='ocrx_word' id='word_1_236' title='bbox 1349 2869 1384 2940; x_wconf 72' lang='lat' dir='ltr'><strong>r&#39;t</strong></span> 
     </span>
     <span class='ocr_line' id='line_1_31' title="bbox 337 2959 1383 3050; baseline -0.002 -23"><span class='ocrx_word' id='word_1_237' title='bbox 337 2961 505 3050; x_wconf 79' lang='lat' dir='ltr'><strong>obsidione</strong></span> <span class='ocrx_word' id='word_1_238' title='bbox 519 2961 551 3024; x_wconf 91' lang='lat' dir='ltr'><strong>in</strong></span> <span class='ocrx_word' id='word_1_239' title='bbox 567 2959 762 3026; x_wconf 90' lang='lat' dir='ltr'><strong>deditionem</strong></span> <span class='ocrx_word' id='word_1_240' title='bbox 773 2973 969 3046; x_wconf 81' lang='lat' dir='ltr'><strong>receperunt</strong></span> <span class='ocrx_word' id='word_1_241' title='bbox 1016 2960 1202 3048; x_wconf 85' lang='lat' dir='ltr'><strong>Atquehoec</strong></span> <span class='ocrx_word' id='word_1_242' title='bbox 1213 2963 1317 3046; x_wconf 90' lang='lat' dir='ltr'><strong>prima</strong></span> <span class='ocrx_word' id='word_1_243' title='bbox 1329 2983 1383 3027; x_wconf 63' lang='lat' dir='ltr'><strong>sos</strong></span> 
     </span>
     <span class='ocr_line' id='line_1_32' title="bbox 337 3047 1383 3133; baseline -0.001 -18"><span class='ocrx_word' id='word_1_244' title='bbox 337 3050 460 3115; x_wconf 84' lang='lat' dir='ltr'><strong>clarum</strong></span> <span class='ocrx_word' id='word_1_245' title='bbox 476 3047 640 3112; x_wconf 88' lang='lat' dir='ltr'><strong>civitatum</strong></span> <span class='ocrx_word' id='word_1_246' title='bbox 656 3047 861 3133; x_wconf 80' lang='lat' dir='ltr'><strong>prseterjuris</strong></span> <span class='ocrx_word' id='word_1_247' title='bbox 876 3048 1136 3113; x_wconf 88' lang='lat' dir='ltr'><strong>consuetudinem</strong></span> <span class='ocrx_word' id='word_1_248' title='bbox 1150 3049 1183 3112; x_wconf 92' lang='lat' dir='ltr'><strong>in</strong></span> <span class='ocrx_word' id='word_1_249' title='bbox 1197 3047 1383 3114; x_wconf 83' lang='lat' dir='ltr'><strong>servitutem</strong></span> 
     </span>
     <span class='ocr_line' id='line_1_33' title="bbox 338 3133 1190 3223; baseline -0.002 -21"><span class='ocrx_word' id='word_1_250' title='bbox 338 3147 386 3202; x_wconf 86' lang='lat' dir='ltr'><strong>est</strong></span> <span class='ocrx_word' id='word_1_251' title='bbox 399 3133 547 3202; x_wconf 86' lang='lat' dir='ltr'><strong>redacta:</strong></span> <span class='ocrx_word' id='word_1_252' title='bbox 572 3153 649 3197; x_wconf 84' lang='lat' dir='ltr'><strong>mox</strong></span> <span class='ocrx_word' id='word_1_253' title='bbox 664 3149 695 3198; x_wconf 89' lang='lat' dir='ltr'><strong>et</strong></span> <span class='ocrx_word' id='word_1_254' title='bbox 710 3133 792 3210; x_wconf 88' lang='lat' dir='ltr'><strong>alise,</strong></span> <span class='ocrx_word' id='word_1_255' title='bbox 807 3147 905 3219; x_wconf 89' lang='lat' dir='ltr'><strong>prout</strong></span> <span class='ocrx_word' id='word_1_256' title='bbox 920 3135 1190 3223; x_wconf 83' lang='lat' dir='ltr'><strong>cuiquecontigit.</strong></span> 
     </span>
    </p>

    <p class='ocr_par' dir='ltr' id='par_1_10' title="bbox 337 3219 1385 3914">
     <span class='ocr_line' id='line_1_34' title="bbox 382 3219 1383 3300; baseline -0.003 -11"><span class='ocrx_word' id='word_1_257' title='bbox 382 3231 436 3289; x_wconf 88' lang='grc'><strong>99.</strong></span> <span class='ocrx_word' id='word_1_258' title='bbox 461 3219 656 3287; x_wconf 79' lang='lat' dir='ltr'><strong>Deiectionis</strong></span> <span class='ocrx_word' id='word_1_259' title='bbox 670 3243 746 3285; x_wconf 83' lang='lat' dir='ltr'><strong>vero</strong></span> <span class='ocrx_word' id='word_1_260' title='bbox 766 3241 871 3285; x_wconf 80' lang='lat' dir='ltr'><strong>causoe</strong></span> <span class='ocrx_word' id='word_1_261' title='bbox 886 3243 959 3286; x_wconf 90' lang='lat' dir='ltr'><strong>cum</strong></span> <span class='ocrx_word' id='word_1_262' title='bbox 976 3222 1048 3286; x_wconf 81' lang='lat' dir='ltr'><strong>uliae</strong></span> <span class='ocrx_word' id='word_1_263' title='bbox 1065 3220 1205 3300; x_wconf 82' lang='lat' dir='ltr'><strong>suerunt,</strong></span> <span class='ocrx_word' id='word_1_264' title='bbox 1221 3235 1290 3286; x_wconf 92' lang='lat' dir='ltr'><strong>tum</strong></span> <span class='ocrx_word' id='word_1_265' title='bbox 1307 3241 1383 3286; x_wconf 84' lang='lat' dir='ltr'><strong>vero</strong></span> 
     </span>
     <span class='ocr_line' id='line_1_35' title="bbox 337 3307 1384 3396; baseline 0 -23"><span class='ocrx_word' id='word_1_266' title='bbox 337 3308 523 3396; x_wconf 71' lang='lat' dir='ltr'><strong>precipuae,</strong></span> <span class='ocrx_word' id='word_1_267' title='bbox 546 3307 741 3373; x_wconf 89' lang='lat' dir='ltr'><strong>tributorum</strong></span> <span class='ocrx_word' id='word_1_268' title='bbox 767 3319 798 3372; x_wconf 92' lang='lat' dir='ltr'><strong>et</strong></span> <span class='ocrx_word' id='word_1_269' title='bbox 820 3307 952 3372; x_wconf 86' lang='lat' dir='ltr'><strong>navium</strong></span> <span class='ocrx_word' id='word_1_270' title='bbox 977 3308 1179 3394; x_wconf 88' lang='lat' dir='ltr'><strong>ejurationes,</strong></span> <span class='ocrx_word' id='word_1_271' title='bbox 1202 3319 1235 3374; x_wconf 87' lang='lat' dir='ltr'><strong>et</strong></span> <span class='ocrx_word' id='word_1_272' title='bbox 1259 3307 1384 3374; x_wconf 78' lang='lat' dir='ltr'><strong>militiae</strong></span> 
     </span>
     <span class='ocr_line' id='line_1_36' title="bbox 339 3393 1383 3480; baseline 0 -20"><span class='ocrx_word' id='word_1_273' title='bbox 339 3395 506 3472; x_wconf 84' lang='lat' dir='ltr'><strong>recusatio,</strong></span> <span class='ocrx_word' id='word_1_274' title='bbox 523 3395 548 3458; x_wconf 88' lang='lat' dir='ltr'><strong>si</strong></span> <span class='ocrx_word' id='word_1_275' title='bbox 569 3394 621 3460; x_wconf 92' lang='lat' dir='ltr'><strong>cui</strong></span> <span class='ocrx_word' id='word_1_276' title='bbox 641 3394 835 3480; x_wconf 81' lang='lat' dir='ltr'><strong>contigisset.</strong></span> <span class='ocrx_word' id='word_1_277' title='bbox 881 3393 965 3459; x_wconf 86' lang='lat' dir='ltr'><strong>Nam</strong></span> <span class='ocrx_word' id='word_1_278' title='bbox 989 3395 1200 3461; x_wconf 83' lang='lat' dir='ltr'><strong>Athenienses</strong></span> <span class='ocrx_word' id='word_1_279' title='bbox 1216 3396 1383 3480; x_wconf 75' lang='lat' dir='ltr'><strong>penariam</strong></span> 
     </span>
     <span class='ocr_line' id='line_1_37' title="bbox 340 3480 1384 3568; baseline -0.002 -20"><span class='ocrx_word' id='word_1_280' title='bbox 340 3504 447 3548; x_wconf 87' lang='lat' dir='ltr'><strong>serere</strong></span> <span class='ocrx_word' id='word_1_281' title='bbox 460 3480 643 3568; x_wconf 81' lang='lat' dir='ltr'><strong>exigebant,</strong></span> <span class='ocrx_word' id='word_1_282' title='bbox 659 3493 692 3544; x_wconf 91' lang='lat' dir='ltr'><strong>et</strong></span> <span class='ocrx_word' id='word_1_283' title='bbox 705 3480 829 3544; x_wconf 90' lang='lat' dir='ltr'><strong>molesti</strong></span> <span class='ocrx_word' id='word_1_284' title='bbox 844 3494 946 3558; x_wconf 87' lang='lat' dir='ltr'><strong>erant,</strong></span> <span class='ocrx_word' id='word_1_285' title='bbox 961 3481 1048 3568; x_wconf 93' lang='lat' dir='ltr'><strong>quod</strong></span> <span class='ocrx_word' id='word_1_286' title='bbox 1063 3483 1243 3560; x_wconf 77' lang='lat' dir='ltr'><strong>hominibus,</strong></span> <span class='ocrx_word' id='word_1_287' title='bbox 1260 3501 1320 3546; x_wconf 90' lang='lat' dir='ltr'><strong>nec</strong></span> <span class='ocrx_word' id='word_1_288' title='bbox 1330 3501 1384 3546; x_wconf 88' lang='lat' dir='ltr'><strong>as·</strong></span> 
     </span>
     <span class='ocr_line' id='line_1_38' title="bbox 340 3565 1384 3654; baseline -0.001 -22"><span class='ocrx_word' id='word_1_289' title='bbox 340 3569 437 3634; x_wconf 87' lang='lat' dir='ltr'><strong>suetis</strong></span> <span class='ocrx_word' id='word_1_290' title='bbox 451 3586 511 3631; x_wconf 86' lang='lat' dir='ltr'><strong>nec</strong></span> <span class='ocrx_word' id='word_1_291' title='bbox 525 3565 705 3630; x_wconf 84' lang='lat' dir='ltr'><strong>volentibus</strong></span> <span class='ocrx_word' id='word_1_292' title='bbox 720 3587 880 3631; x_wconf 79' lang='lat' dir='ltr'><strong>aerumnas</strong></span> <span class='ocrx_word' id='word_1_293' title='bbox 898 3569 1022 3653; x_wconf 90' lang='lat' dir='ltr'><strong>perpeti</strong></span> <span class='ocrx_word' id='word_1_294' title='bbox 1044 3570 1260 3633; x_wconf 87' lang='lat' dir='ltr'><strong>necessitatem</strong></span> <span class='ocrx_word' id='word_1_295' title='bbox 1277 3569 1384 3654; x_wconf 92' lang='lat' dir='ltr'><strong>impo-</strong></span> 
     </span>
     <span class='ocr_line' id='line_1_39' title="bbox 340 3651 1385 3721; baseline 0.002 -3"><span class='ocrx_word' id='word_1_296' title='bbox 340 3666 463 3719; x_wconf 87' lang='lat' dir='ltr'><strong>nerent.</strong></span> <span class='ocrx_word' id='word_1_297' title='bbox 520 3651 600 3717; x_wconf 90' lang='lat' dir='ltr'><strong>Aliis</strong></span> <span class='ocrx_word' id='word_1_298' title='bbox 623 3653 718 3717; x_wconf 89' lang='lat' dir='ltr'><strong>etiam</strong></span> <span class='ocrx_word' id='word_1_299' title='bbox 742 3653 783 3718; x_wconf 84' lang='lat' dir='ltr'><strong>tle</strong></span> <span class='ocrx_word' id='word_1_300' title='bbox 815 3654 919 3719; x_wconf 89' lang='lat' dir='ltr'><strong>causis</strong></span> <span class='ocrx_word' id='word_1_301' title='bbox 945 3653 1152 3721; x_wconf 85' lang='lat' dir='ltr'><strong>Athenienses</strong></span> <span class='ocrx_word' id='word_1_302' title='bbox 1177 3657 1267 3720; x_wconf 83' lang='lat' dir='ltr'><strong>socir‘s</strong></span> <span class='ocrx_word' id='word_1_303' title='bbox 1292 3667 1385 3720; x_wconf 63' lang='lat' dir='ltr'><strong>aaut</strong></span> 
     </span>
     <span class='ocr_line' id='line_1_40' title="bbox 340 3738 1385 3827; baseline -0.001 -21"><span class='ocrx_word' id='word_1_304' title='bbox 340 3742 469 3816; x_wconf 81' lang='lat' dir='ltr'><strong>molesti,</strong></span> <span class='ocrx_word' id='word_1_305' title='bbox 484 3739 559 3825; x_wconf 86' lang='lat' dir='ltr'><strong>quia</strong></span> <span class='ocrx_word' id='word_1_306' title='bbox 574 3738 683 3803; x_wconf 85' lang='lat' dir='ltr'><strong>eadem</strong></span> <span class='ocrx_word' id='word_1_307' title='bbox 708 3739 869 3818; x_wconf 83' lang='lat' dir='ltr'><strong>comitate,</strong></span> <span class='ocrx_word' id='word_1_308' title='bbox 892 3763 956 3827; x_wconf 89' lang='lat' dir='ltr'><strong>qua</strong></span> <span class='ocrx_word' id='word_1_309' title='bbox 970 3751 1211 3820; x_wconf 77' lang='lat' dir='ltr'><strong>constraverunt,</strong></span> <span class='ocrx_word' id='word_1_310' title='bbox 1233 3763 1299 3806; x_wconf 92' lang='lat' dir='ltr'><strong>non</strong></span> <span class='ocrx_word' id='word_1_311' title='bbox 1315 3763 1385 3805; x_wconf 85' lang='lat' dir='ltr'><strong>am-</strong></span> 
     </span>
     <span class='ocr_line' id='line_1_41' title="bbox 341 3822 1383 3914; baseline 0.003 -25"><span class='ocrx_word' id='word_1_312' title='bbox 341 3822 425 3912; x_wconf 86' lang='lat' dir='ltr'><strong>plius</strong></span> <span class='ocrx_word' id='word_1_313' title='bbox 445 3826 663 3909; x_wconf 81' lang='lat' dir='ltr'><strong>imperabant3</strong></span> <span class='ocrx_word' id='word_1_314' title='bbox 685 3847 788 3913; x_wconf 89' lang='lat' dir='ltr'><strong>neque</strong></span> <span class='ocrx_word' id='word_1_315' title='bbox 810 3849 850 3891; x_wconf 86' lang='lat' dir='ltr'><strong>ex</strong></span> <span class='ocrx_word' id='word_1_316' title='bbox 869 3849 963 3914; x_wconf 84' lang='lat' dir='ltr'><strong>aequo</strong></span> <span class='ocrx_word' id='word_1_317' title='bbox 984 3849 1057 3893; x_wconf 89' lang='lat' dir='ltr'><strong>cum</strong></span> <span class='ocrx_word' id='word_1_318' title='bbox 1080 3832 1171 3894; x_wconf 84' lang='lat' dir='ltr'><strong>sociis</strong></span> <span class='ocrx_word' id='word_1_319' title='bbox 1191 3828 1383 3907; x_wconf 86' lang='lat' dir='ltr'><strong>militabant,</strong></span> 
     </span>
    </p>

    <p class='ocr_par' dir='ltr' id='par_1_11' title="bbox 339 3911 1385 4436">
     <span class='ocr_line' id='line_1_42' title="bbox 366 3911 1383 4001; baseline 0.002 -23"><span class='ocrx_word' id='word_1_320' title='bbox 366 3913 428 3978; x_wconf 86' lang='lat' dir='ltr'><strong>uod</strong></span> <span class='ocrx_word' id='word_1_321' title='bbox 445 3935 508 3989; x_wconf 88' lang='lat' dir='ltr'><strong>eos,</strong></span> <span class='ocrx_word' id='word_1_322' title='bbox 524 3911 579 3998; x_wconf 90' lang='lat' dir='ltr'><strong>qui</strong></span> <span class='ocrx_word' id='word_1_323' title='bbox 595 3911 777 3990; x_wconf 88' lang='lat' dir='ltr'><strong>delicerent,</strong></span> <span class='ocrx_word' id='word_1_324' title='bbox 795 3912 827 3976; x_wconf 91' lang='lat' dir='ltr'><strong>in</strong></span> <span class='ocrx_word' id='word_1_325' title='bbox 848 3933 937 3978; x_wconf 85' lang='lat' dir='ltr'><strong>susm</strong></span> <span class='ocrx_word' id='word_1_326' title='bbox 962 3927 1148 4001; x_wconf 90' lang='lat' dir='ltr'><strong>potestatem</strong></span> <span class='ocrx_word' id='word_1_327' title='bbox 1170 3938 1208 3980; x_wconf 87' lang='lat' dir='ltr'><strong>sc</strong></span> <span class='ocrx_word' id='word_1_328' title='bbox 1227 3915 1383 3996; x_wconf 82' lang='lat' dir='ltr'><strong>ditionem</strong></span> 
     </span>
     <span class='ocr_line' id='line_1_43' title="bbox 341 3935 1385 4090; baseline 0.003 -25"><span class='ocrx_word' id='word_1_329' title='bbox 341 3935 433 4066; x_wconf 70' lang='lat' dir='ltr'><strong>heile</strong></span> <span class='ocrx_word' id='word_1_330' title='bbox 446 3999 591 4085; x_wconf 79' lang='lat' dir='ltr'><strong>redigere</strong></span> <span class='ocrx_word' id='word_1_331' title='bbox 605 4011 742 4084; x_wconf 86' lang='lat' dir='ltr'><strong>possent.</strong></span> <span class='ocrx_word' id='word_1_332' title='bbox 788 3998 934 4075; x_wconf 85' lang='lat' dir='ltr'><strong>Quarum</strong></span> <span class='ocrx_word' id='word_1_333' title='bbox 951 4002 1157 4068; x_wconf 88' lang='lat' dir='ltr'><strong>acerbitatum</strong></span> <span class='ocrx_word' id='word_1_334' title='bbox 1171 4003 1231 4090; x_wconf 88' lang='lat' dir='ltr'><strong>ipsi</strong></span> <span class='ocrx_word' id='word_1_335' title='bbox 1246 4001 1324 4066; x_wconf 87' lang='lat' dir='ltr'><strong>socii</strong></span> <span class='ocrx_word' id='word_1_336' title='bbox 1335 4002 1385 4068; x_wconf 87' lang='lat' dir='ltr'><strong>lu·</strong></span> 
     </span>
     <span class='ocr_line' id='line_1_44' title="bbox 340 4085 1383 4177; baseline 0.001 -26"><span class='ocrx_word' id='word_1_337' title='bbox 340 4098 581 4151; x_wconf 81' lang='lat' dir='ltr'><strong>eruntautores.</strong></span> <span class='ocrx_word' id='word_1_338' title='bbox 629 4085 711 4150; x_wconf 87' lang='lat' dir='ltr'><strong>Nam</strong></span> <span class='ocrx_word' id='word_1_339' title='bbox 727 4088 769 4149; x_wconf 93' lang='lat' dir='ltr'><strong>ob</strong></span> <span class='ocrx_word' id='word_1_340' title='bbox 785 4085 868 4151; x_wconf 89' lang='lat' dir='ltr'><strong>hanc</strong></span> <span class='ocrx_word' id='word_1_341' title='bbox 879 4085 1001 4152; x_wconf 75' lang='lat' dir='ltr'><strong>militiae</strong></span> <span class='ocrx_word' id='word_1_342' title='bbox 1015 4089 1198 4154; x_wconf 84' lang='lat' dir='ltr'><strong>detrectotae</strong></span> <span class='ocrx_word' id='word_1_343' title='bbox 1208 4087 1383 4177; x_wconf 79' lang='lat' dir='ltr'><strong>pigritiam,</strong></span> 
     </span>
     <span class='ocr_line' id='line_1_45' title="bbox 340 4171 1382 4260; baseline 0.006 -24"><span class='ocrx_word' id='word_1_344' title='bbox 340 4194 451 4237; x_wconf 88' lang='lat' dir='ltr'><strong>eorum</strong></span> <span class='ocrx_word' id='word_1_345' title='bbox 468 4173 621 4260; x_wconf 88' lang='lat' dir='ltr'><strong>plerique,</strong></span> <span class='ocrx_word' id='word_1_346' title='bbox 637 4195 678 4236; x_wconf 91' lang='lat' dir='ltr'><strong>ne</strong></span> <span class='ocrx_word' id='word_1_347' title='bbox 692 4171 790 4235; x_wconf 92' lang='lat' dir='ltr'><strong>domo</strong></span> <span class='ocrx_word' id='word_1_348' title='bbox 810 4173 965 4251; x_wconf 88' lang='lat' dir='ltr'><strong>abessent,</strong></span> <span class='ocrx_word' id='word_1_349' title='bbox 983 4175 1133 4259; x_wconf 59' lang='lat' dir='ltr'><strong>pecunias</strong></span> <span class='ocrx_word' id='word_1_350' title='bbox 1153 4179 1281 4240; x_wconf 86' lang='lat' dir='ltr'><strong>navium</strong></span> <span class='ocrx_word' id='word_1_351' title='bbox 1298 4175 1382 4254; x_wconf 88' lang='lat' dir='ltr'><strong>loco,</strong></span> 
     </span>
     <span class='ocr_line' id='line_1_46' title="bbox 339 4257 1383 4346; baseline 0.004 -22"><span class='ocrx_word' id='word_1_352' title='bbox 339 4259 381 4324; x_wconf 86' lang='lat' dir='ltr'><strong>ad</strong></span> <span class='ocrx_word' id='word_1_353' title='bbox 396 4271 518 4325; x_wconf 90' lang='lat' dir='ltr'><strong>sumtus</strong></span> <span class='ocrx_word' id='word_1_354' title='bbox 533 4257 701 4334; x_wconf 80' lang='lat' dir='ltr'><strong>faciendos,</strong></span> <span class='ocrx_word' id='word_1_355' title='bbox 718 4279 779 4342; x_wconf 88' lang='lat' dir='ltr'><strong>pro</strong></span> <span class='ocrx_word' id='word_1_356' title='bbox 794 4274 864 4323; x_wconf 87' lang='lat' dir='ltr'><strong>rata</strong></span> <span class='ocrx_word' id='word_1_357' title='bbox 877 4263 989 4345; x_wconf 78' lang='lat' dir='ltr'><strong>quique</strong></span> <span class='ocrx_word' id='word_1_358' title='bbox 1003 4263 1150 4346; x_wconf 89' lang='lat' dir='ltr'><strong>portione</strong></span> <span class='ocrx_word' id='word_1_359' title='bbox 1162 4263 1306 4328; x_wconf 86' lang='lat' dir='ltr'><strong>conferre</strong></span> <span class='ocrx_word' id='word_1_360' title='bbox 1319 4276 1383 4328; x_wconf 86' lang='lat' dir='ltr'><strong>sta·</strong></span> 
     </span>
     <span class='ocr_line' id='line_1_47' title="bbox 339 4344 1383 4436; baseline 0.005 -25"><span class='ocrx_word' id='word_1_361' title='bbox 339 4359 477 4412; x_wconf 84' lang='lat' dir='ltr'><strong>tuerunt.</strong></span> <span class='ocrx_word' id='word_1_362' title='bbox 526 4349 632 4432; x_wconf 91' lang='lat' dir='ltr'><strong>Atque</strong></span> <span class='ocrx_word' id='word_1_363' title='bbox 644 4344 887 4412; x_wconf 87' lang='lat' dir='ltr'><strong>Atheniensium</strong></span> <span class='ocrx_word' id='word_1_364' title='bbox 902 4348 1027 4433; x_wconf 90' lang='lat' dir='ltr'><strong>quidem</strong></span> <span class='ocrx_word' id='word_1_365' title='bbox 1043 4371 1092 4412; x_wconf 87' lang='lat' dir='ltr'><strong>res</strong></span> <span class='ocrx_word' id='word_1_366' title='bbox 1108 4349 1227 4414; x_wconf 81' lang='lat' dir='ltr'><strong>navalis</strong></span> <span class='ocrx_word' id='word_1_367' title='bbox 1243 4353 1383 4436; x_wconf 80' lang='lat' dir='ltr'><strong>augeba-</strong></span> 
     </span>
    </p>
   </div>
   <div class='ocr_carea' id='block_1_5' title="bbox 0 0 1514 4782">
    <p class='ocr_par' dir='ltr' id='par_1_12' title="bbox 0 0 1514 4782">
     <span class='ocr_line' id='line_1_48' title="bbox 0 0 1514 4782; baseline 0 0"><span class='ocrx_word' id='word_1_368' title='bbox 0 0 1514 4782; x_wconf 95' lang='lat' dir='ltr'><strong> </strong></span> 
     </span>
    </p>
   </div>
  </div>
 </body>
</html>
