2994 4788
430 285 881 392 maronianum.
1112 301 1177 364 aaa

129 465 279 550 partibus
306 465 453 534 instructi
477 465 617 548 luemnt,
639 465 687 534 ita
710 481 748 534 ut
772 467 806 534 in
832 465 968 552 singolis
992 463 1120 544 duceni,
1147 481 1180 536 et
1212 487 1275 538 unt.

129 553 247 638 plures,
263 553 296 618 in
311 551 475 622 nonnullis
489 554 585 618 etiam
601 554 768 639 pauciores
783 568 903 620 essent:
925 554 1085 640 occupatis
1101 554 1179 621 locis
1202 552 1285 614 serap.

129 640 361 724 superioribus,
376 653 412 706 ut
427 639 533 709 hostes
548 662 643 726 quam
660 641 801 706 maxima
822 640 1021 706 dubitatione
1035 640 1178 729 undique
1193 619 1292 744 0¹3⁰,ss

128 727 338 792 circumventi
367 739 601 813 premerentur,
627 750 688 792 nec
718 728 872 793 habereut
901 728 1051 793 adversus
1080 749 1176 816 quam
1198 746 1276 796 aas.

128 829 256 898 partem
279 813 425 880 instructi
446 814 481 879 iu
502 813 604 878 aciem
617 814 802 898 prodirent;
826 813 896 879 ¹sed
916 815 1059 901 undique
1072 815 1176 882 telisa
1205 809 1275 860 Μ·

130 891 340 965 multitudine¹
355 913 549 985 peterentur.
595 899 738 986 Quippe,
759 900 785 966 si
808 899 879 966 illos
902 901 1042 988 quidem,
1062 903 1118 990 qui
1142 904 1175 968 in
1202 878 1278 992 {23⁰

127 983 235 1052 fronte
259 986 397 1065 stabant,
421 986 620 1068 invasissent,
643 987 685 1052 ab
707 987 780 1065 illis,
801 988 858 1074 qui
879 1011 898 1052 a
925 1003 1016 1076 tergo
1038 989 1175 1068 stabant,

129 1072 202 1137 telis
224 1085 424 1158 peterentur:
447 1073 496 1138 sin
517 1095 582 1151 eos,
604 1074 660 1158 qui
679 1074 721 1140 ad
741 1073 877 1138 alterum
899 1072 982 1140 latus
1002 1089 1103 1152 erant,
1120 1099 1176 1163 pe-

126 1159 262 1236 tiissent,
281 1158 323 1224 ab
342 1159 416 1237 illis',
437 1160 559 1247 quiab
582 1171 719 1247 unoque
739 1161 837 1226 latere
859 1160 1005 1226 instincti
1025 1160 1174 1228 immine-

126 1245 217 1322 bant,
237 1244 418 1312 ferirentur.
448 1246 585 1332 denique
606 1244 683 1311 levis
705 1247 846 1313 hostium
870 1262 1043 1326 armatura,
1065 1262 1097 1314 et
1119 1253 1175 1336 qui

127 1333 267 1400 maxime
293 1333 428 1398 inermes
450 1345 551 1409 erant,
575 1331 664 1417 ipsis,
684 1355 876 1422 quocunque
899 1356 933 1398 se
956 1335 1133 1417 vertissent,
1155 1361 1175 1402 a

126 1431 219 1506 tergo
241 1441 366 1504 semper
387 1419 507 1484 baesuri
528 1433 630 1497 erant,
651 1421 784 1506 sagittis,
803 1419 931 1506 jaculis,
949 1420 1121 1504 lapidibus,
1142 1437 1175 1489 et

126 1505 234 1570 nudis
256 1507 382 1572 eminus
407 1528 473 1570 rem
504 1517 633 1570 strenue
657 1521 821 1593 gerentes:
853 1529 934 1594 quos
958 1529 1000 1572 ne
1026 1509 1173 1596 persequi
1246 1517 1251 1528 '

123 1591 255 1678 quidem
270 1592 397 1659 licebat.
443 1591 529 1656 Nam
545 1605 578 1656 et
593 1590 670 1657 dum
686 1585 719 1658 iu
764 1609 846 1675 rent,
860 1592 1055 1659 aduersarios
1067 1596 1173 1661 vince-

126 1678 216 1756 bant,
239 1691 272 1744 et
297 1677 484 1746 cedentibus
506 1679 679 1746 instabant.
762 1701 801 1745 oc
822 1679 921 1768 igitur
942 1679 1077 1746 consilio
1104 1681 1173 1748 De-

124 1765 308 1832 mosthenes
327 1778 452 1832 etanta
471 1765 580 1850 copias
601 1765 635 1828 in
654 1763 790 1831 insulam
812 1786 976 1848 exponere
996 1768 1171 1856 cogitaram

123 1864 158 1918 et
171 1851 289 1917 in'acie
302 1850 498 1930 instruenda,
514 1865 546 1918 et
559 1873 595 1916 re
608 1852 750 1940 gerenda
764 1865 811 1918 est
825 1875 910 1934 usus.
1087 1911 1091 1920 .
1123 1865 1125 1870 '

170 1947 225 2005 38.
248 1941 296 2004 At
313 1938 487 2023 *Epindas
505 1951 539 2004 et
556 1939 613 2026 qui
634 1959 707 2006 cum
729 1952 889 2018 eostam,
909 1952 941 2006 et
960 1940 1013 2005 illa
1034 1941 1170 2010 militum

125 2025 286 2092 ininsula
312 2026 561 2112 interceptarum
584 2047 709 2104 manus,
734 2049 807 2114 quae
828 2027 970 2096 maxima
993 2040 1072 2106 erat,
1097 2052 1171 2094 cum

125 2110 276 2177 vidissent
290 2125 323 2177 et
341 2113 481 2196 primum
502 2113 688 2198 praesidium
709 2115 927 2200 profligatum,
944 2127 976 2178 et
991 2115 1168 2180 exercitum

123 2211 237 2264 contra
263 2222 297 2264 se
321 2199 514 2280 venientem,
537 2201 639 2266 aciem
666 2201 896 2278 instruxerunt,
922 2213 954 2266 et
979 2200 1011 2264 in
1038 2223 1169 2302 gravem

125 2283 370 2351 Atheniensium
386 2297 583 2350 armaturam
598 2287 644 2352 ire
659 2284 904 2364 contenderunt,
920 2309 959 2351 eo
973 2287 1117 2367 consrlio,
1136 2299 1171 2355 ut

122 2371 165 2438 ad
190 2394 304 2438 manus
329 2373 484 2441 venirent
506 2371 578 2436 haec
599 2372 684 2438 enim
708 2397 727 2438 a
746 2373 852 2438 fronte
871 2373 974 2439 fuerat
996 2373 1168 2440 collocata:

122 2457 178 2524 aed
194 2457 271 2524 levis
290 2472 462 2537 armatura,
477 2459 520 2524 ob
540 2473 676 2546 utroque
694 2453 793 2526 latere
811 2473 844 2526 et
864 2484 883 2525 a
904 2473 996 2544 tergo
1015 2460 1170 2526 instructa

123 2545 240 2610 stabat.
286 2546 348 2611 Sed
366 2568 469 2633 neque
483 2567 557 2610 cum
572 2547 677 2632 gravis
692 2556 867 2612 armaturae
888 2545 1042 2612 militibus
1056 2569 1170 2614 manos

121 2652 302 2710 conserere,
317 2655 421 2719 neque
433 2655 492 2698 sua
505 2655 617 2719 pugnae
629 2636 774 2699 aeraria
786 2632 901 2718 peritia
915 2633 961 2698 uti
977 2647 1167 2718 potuerunt:

120 2739 198 2784 nam
214 2717 330 2786 milites
345 2719 454 2784 leviter
473 2720 589 2789 armati
610 2743 660 2785 eos
682 2720 831 2807 utrinque
853 2722 923 2785 telis
937 2733 1079 2805 petentes
1093 2742 1169 2806 pro-

122 2804 289 2884 hibebant,
314 2805 408 2872 simul
429 2804 524 2871 etiam
552 2803 598 2870 illi
622 2821 736 2873 contra
762 2827 811 2871 eoa
835 2827 901 2871 non
925 2807 1168 2891 procurrebant,

121 2891 178 2957 sed
193 2892 226 2956 in
242 2915 301 2958 suo
315 2895 387 2958 loco
401 2915 435 2958 se
448 2892 665 2958 continebant.
711 2893 828 2958 Levem
851 2907 957 2960 autem
972 2907 1168 2960 armaturam

120 2977 288 3066 fugabant,
303 3001 495 3066 quacunque
512 2980 634 3064 impetu
653 2979 738 3046 facto
760 3002 814 3045 eos
837 2981 973 3046 maxime
988 2980 1167 3046 infestabat.

119 3063 193 3130 lroec
209 3087 284 3132 vero
303 3066 418 3135 iterum
439 3087 593 3132 conversa
612 3089 661 3132 eos
681 3089 740 3152 pro
766 3065 898 3146 uisabat,
915 3066 1001 3153 quod
1021 3065 1168 3132 homines

119 3160 228 3218 essem
241 3152 352 3222 leviter
366 3151 492 3231 armati,
507 3165 539 3220 et
552 3153 609 3240 qui
623 3151 714 3218 facile
742 3175 836 3238 ugam
853 3165 1062 3237 capesserent,
1078 3167 1167 3218 ante-

118 3261 220 3325 quam
236 3239 335 3319 bostis
348 3261 404 3306 eos
425 3253 654 3327 assequeretur,
671 3241 764 3324 idque
778 3261 850 3303 cum
866 3239 909 3304 ob
923 3238 1067 3304 locorum
1084 3240 1167 3304 diffi-

119 3325 286 3404 cultatem,
306 3337 376 3393 tum
396 3326 494 3392 etiam
516 3325 560 3391 ob
585 3329 747 3391 eorundem
767 3328 968 3410 asperitatem
992 3348 1012 3388 a
1031 3326 1167 3411 pristina

119 3411 295 3479 solitudine
310 3427 510 3478 manantem:
534 3434 593 3499 per
613 3435 686 3499 quta
702 3409 951 3490 Lacedaemonii,
968 3411 1055 3500 quod
1078 3434 1168 3478 arma

118 3513 294 3588 gestarent,
310 3500 457 3586 persequi
471 3521 536 3564 non
551 3512 709 3584 poterant

165 3597 220 3652 at.
244 3586 300 3652 Sic
319 3585 417 3674 igitur
437 3585 484 3650 illi
502 3585 731 3671 aliquantisper
754 3585 840 3650 inter
858 3608 892 3650 se
912 3585 974 3651 levi
994 3587 1167 3653 certamine

117 3673 318 3760 pugnarunt.
345 3672 402 3738 sed
423 3695 497 3738 cum
517 3671 755 3742 Lacedaemonii
776 3694 843 3736 non
863 3673 1000 3759 amplius
1020 3673 1167 3740 celeriter

119 3781 311 3846 procurrere
324 3771 464 3845 possent,
479 3781 542 3846 qua
561 3759 714 3845 impetum
738 3757 899 3838 fecissent3
921 3759 1036 3824 milites
1055 3760 1167 3824 leviter

116 3848 244 3925 annati,
271 3868 344 3912 cum
371 3847 456 3931 ipsos
482 3859 615 3931 propter
640 3845 803 3910 assiduum
830 3845 929 3911 hostis
955 3846 1166 3932 propulsandi

115 3935 262 4000 laborem
273 3934 342 4022 jam
357 3931 545 4022 defatigatos
566 3954 632 3999 esse
654 3932 957 4012 animadvertissent,
974 3945 1006 3997 et
1020 3933 1081 4019 ipsi
1095 3953 1167 4018 spe·

149 4145 285 4215 ¹Sedipsa
295 4153 455 4201 multitudine
466 4151 585 4214 ancipites
596 4157 677 4200 essent
688 4157 734 4199 etc.
760 4150 835 4198 Valla.
869 4151 955 4199 liuns.

151 4215 308 4279 *Epitsdm
318 4219 409 4280 quique
420 4231 479 4266 eum
495 4219 549 4280 ipso
564 4225 634 4265 erant
650 4219 744 4270 (secura
760 4216 827 4262 enim
843 4216 865 4263 ts
880 4215 1000 4279 majorem
1016 4219 1112 4278 partem
1122 4213 1167 4262 ha-

116 4285 273 4344 bbaocum
284 4285 402 4350 vidissent
413 4289 459 4332 ete.
482 4283 591 4332 Acastus.
626 4281 711 4328 lou.

636 4364 657 4426 Ω
