2996 4782
345 317 386 375 54
713 307 1021 376 THUCYDlDIS

345 483 452 561 betur,
467 491 500 546 et
519 505 540 547 s
553 493 640 548 recte
659 481 712 546 sis
728 481 941 559 aberraverat,
956 479 1071 548 incidit
1092 479 1125 545 in
1147 478 1313 566 cujusdem
1328 479 1395 544 ho·

345 566 439 634 minis
454 567 567 655 privati
582 567 754 654 praedium,
774 571 807 632 in
846 591 889 633 uo
904 589 1020 670 magns
1035 579 1104 632 erat
1117 565 1212 646 fossa,
1228 589 1302 653 qnae
1318 568 1390 632 illus

346 654 487 742 undiquc
506 654 700 732 includebat,
715 677 774 720 nec
794 590 895 720 ulium
918 668 1039 720 exitum
1059 653 1208 718 hebebm.
1253 651 1389 718 Atheni·

346 763 434 806 enses
455 764 543 820 vero,
559 743 746 829 recognita,
767 742 922 826 oppositis
935 764 955 806 a
970 743 1078 806 fronte
1090 739 1195 830 grsvis
1217 751 1389 804 srmstnrte

346 827 511 906 militibus,
534 829 621 894 exitu
640 827 864 914 prohibebunt,
881 841 924 910 et,
939 827 1017 892 levis
1042 841 1213 892 srmeturae
1235 825 1391 890 militibus

346 916 554 981 circumcirca
574 914 747 994 collocetis,
764 937 817 979 eos
836 935 956 990 omnes,
972 914 1028 1001 qui
1043 916 1139 978 lostam
1154 914 1239 978 illmn
1255 911 1389 1001 ingressi

344 999 482 1078 fluerent,
510 1001 670 1087 lapidibus
693 1003 880 1066 obruerunt.
926 1001 1033 1088 Atque
1058 999 1163 1064 clades
1190 1000 1260 1074 ists,
1289 1021 1389 1085 quern

316 1109 319 1116 ’
347 1088 509 1154 Corinthii
524 1099 597 1153 turre
614 1109 652 1153 so
730 1101 815 1164 rum,
830 1086 892 1152 fuit
911 1087 1054 1174 insignis.
1102 1085 1239 1172 Reliquas
1253 1107 1331 1150 vero
1352 1084 1389 1150 il·

345 1174 451 1240 lorum
461 1175 623 1242 exercitus
638 1187 691 1239 tur
746 1177 877 1240 domurn
892 1173 998 1238 rediit.

391 1271 466 1331 107.
490 1262 559 1328 Sub
589 1260 700 1326 eedem
729 1275 875 1348 tempore
903 1259 1116 1326 Athenienses
1150 1259 1264 1344 longos
1292 1259 1389 1323 etism

346 1369 454 1413 muros
478 1347 519 1413 ad
549 1369 637 1412 msrs
664 1369 765 1434 usque
794 1361 965 1433 coeperunt
989 1345 1161 1421 edificare,
1186 1345 1321 1411 alterum
1348 1344 1390 1409 sd

348 1433 520 1500 Phalerum
533 1446 775 1520 usqueportum,
788 1433 921 1498 slterum
935 1433 975 1498 sd
990 1433 1160 1498 Piraeeum.
1186 1432 1270 1497 Cum
1282 1443 1390 1496 eutem

347 1519 527 1586 Phocenses
552 1519 792 1605 expeditionem
822 1522 1031 1606 suscepissent
1059 1535 1172 1584 contre
1202 1517 1389 1595 Dorienses,

346 1605 667 1672 Lacedaemoniorum
686 1607 889 1689 metropolin,
917 1607 1031 1686 Boeon,
1055 1606 1232 1692 Cytinium,
1257 1617 1290 1669 et
1316 1603 1391 1669 Eri-

346 1689 1391 1866 titt53¹?hitterii-{tiitltftltiwtlitt:

348 1867 448 1953 Regis
454 1869 545 1951 filio,
561 1867 616 1955 qui
638 1865 745 1932 sdhuc
766 1879 835 1934 eret
851 1867 973 1953 junior,
990 1865 1201 1931 Doriensibus
1221 1885 1317 1950 opem
1339 1857 1392 1929 tuss

345 1952 462 2034 lerunt,
477 1975 550 2020 cum
566 1952 653 2020 mille
665 1966 699 2018 et
712 1953 895 2042 quingentis
916 1951 1071 2017 militibus
1084 1951 1126 2016 de
1139 1952 1214 2028 suis,
1230 1966 1262 2016 et
1275 1950 1389 2016 decem

345 2039 485 2106 millibus
509 2040 690 2106 sociorum:
721 2061 859 2127 cumque
890 2037 1079 2115 Phocenses,
1106 2037 1268 2104 deditione
1295 2039 1393 2102 certis

345 2126 582 2192 conditionibus
603 2125 696 2204 fectu,
712 2127 825 2191 urbem
848 2125 983 2192 reddere
1004 2126 1191 2213 coiigissent,
1207 2127 1324 2188 domum
1341 2145 1393 2188 re·

344 2213 483 2280 dierunt.
529 2211 595 2277 Eos
609 2215 765 2291 autem,si
782 2214 956 2299 persicum
970 2213 1145 2279 Crissoeum
1163 2212 1241 2276 mari
1252 2210 1392 2276 transire

345 2297 529 2376 voluissent,
559 2299 770 2365 Athenienses
805 2298 938 2364 naribus
973 2299 1177 2364 circumvecti
1205 2295 1391 2384 impedituri

345 2397 448 2452 emet.
493 2383 558 2450 Per
572 2387 753 2452 Geranesm
767 2407 843 2450 vero
857 2385 993 2452 transire
1014 2407 1080 2450 non
1102 2397 1207 2450 tutum
1229 2383 1306 2468 ipsis
1321 2405 1391 2449 esse

344 2471 521 2552 videbntur,
539 2473 625 2559 qnod
648 2473 861 2539 Athenienses
885 2471 1024 2574 Megara
1048 2485 1081 2537 ct
1107 2471 1207 2560 Pegas
1231 2481 1390 2536 tenerent.

346 2557 430 2623 Nam
454 2559 602 2624 Gerenos
624 2571 657 2623 et
679 2561 812 2624 transitu
835 2559 972 2624 difficile
995 2573 1073 2636 erat,
1089 2571 1120 2624 et
1144 2556 1390 2622 Atheniensium

343 2643 496 2728 praesidio
517 2665 642 2730 semper
663 2644 913 2711 custodiebatur.
958 2645 1056 2710 Tunc
1080 2658 1189 2709 eutem
1214 2664 1391 2728 presense-

345 2743 432 2808 runt,
448 2729 517 2796 lore
530 2745 566 2796 ut
582 2731 627 2796 illi
641 2731 702 2798 hec
713 2753 841 2834 quoque
862 2744 953 2818 perte
966 2753 1000 2797 se
1013 2733 1151 2796 transire
1171 2727 1390 2817 prohiberent.

346 2815 566 2892 Quamobrem
588 2819 692 2884 visunt
714 2831 761 2884 est
785 2819 872 2904 ipsis,
888 2818 974 2904 sputi
999 2817 1131 2884 Boeotos
1155 2815 1339 2895 subsistere,
1359 2828 1392 2881 et

345 2902 516 2987 despicere,
533 2925 671 2990 qnansm
686 2905 810 2970 rstiorm
819 2925 916 2992 quem
931 2905 1086 2970 tutissime
1101 2903 1235 2969 trsnsire
1248 2915 1391 2988 possent.

347 2988 533 3064 Quinetiam
552 2991 794 3058 Atheniensium
809 2990 958 3056 nonnulli
977 2989 1060 3056 clem
1075 2991 1161 3075 ipsos
1175 2989 1390 3067 solicitsbeut.

345 3076 421 3162 quia
442 3075 682 3156 democratiam,
709 3091 742 3142 et
766 3079 881 3165 longos
905 3099 1027 3155 muros,
1053 3079 1108 3164 qui
1134 3075 1390 3154 enitebantur,

345 3161 414 3226 tolli
432 3163 610 3266 sperabant.
657 3163 867 3230 Athenienses
885 3185 970 3243 vero,
986 3164 1087 3249 copiis
1111 3185 1152 3228 ex
1177 3163 1267 3228 omni
1292 3164 1392 3228 totius

345 3250 456 3334 popnn
470 3271 588 3338 genere
598 3249 712 3316 ordine
721 3273 759 3316 nc
770 3263 864 3317 estete
873 3251 1022 3328 collectis,
1035 3263 1068 3314 et
1078 3250 1273 3336 Argivorum
1291 3248 1391 3328 mille,

344 3351 377 3400 et
392 3336 514 3400 caeteris
528 3338 630 3408 sociis.
646 3351 743 3423 prout
756 3339 875 3424 quique
889 3337 1126 3422 (universorum
1143 3355 1248 3402 sutem
1263 3333 1393 3402 fuerent

345 3423 586 3572 qpstuordecim
611 3423 778 3487 hominum
808 3423 920 3504 millis)
948 3423 1075 3488 obviam
1102 3422 1164 3487 illis
1188 3420 1391 3508 prodierunt.

380 3531 434 3572 um
445 3509 531 3573 enim
549 3509 790 3586 existimesnent,
806 3512 904 3576 hoste
926 3510 1058 3587 nescire,
1074 3533 1139 3596 qus
1159 3508 1294 3574 transire
1316 3529 1392 3595 pos·

346 3607 428 3670 sent,
444 3597 492 3659 ito
507 3597 621 3659 damam
637 3617 710 3660 cum
724 3595 836 3662 infesto
850 3597 995 3662 exercitu
1010 3596 1074 3660 illis
1085 3595 1211 3660 obviem
1226 3617 1392 3681 processe·

345 3693 433 3745 runt.
478 3679 559 3745 Erat
573 3682 667 3746 etism
680 3682 827 3768 quoednm
841 3684 981 3768 suspicio
993 3681 1255 3748 Lacedaemonios
1268 3682 1390 3760 adesse,

345 3780 383 3831 nt
422 3767 611 3852 populerem
647 3781 763 3834 stastum
795 3782 983 3836 everterent.
1028 3769 1255 3834 Thessalorum
1292 3769 1390 3834 etism

346 3853 468 3940 equites
489 3875 530 3919 ex
553 3853 712 3921 societatis
727 3858 801 3942 jure
822 3855 862 3921 sd
878 3855 1087 3923 Athenienses
1101 3867 1267 3934 venerunt,
1284 3855 1389 3941 quiin

345 3941 417 4025 ipso
431 3939 601 4024 proelioud
619 3943 878 4007 lncedoemonios
893 3943 1099 4008 transierunt.

392 4035 464 4092 tos.
489 4027 612 4092 Pruelio
638 4041 743 4094 sutem
768 4029 808 4094 sd
836 4029 1021 4117 Tnnngrsm
1051 4027 1186 4093 Boeotioe
1207 4025 1389 4103 commisso,

347 4111 596 4192 Lacedaemonii,
610 4137 784 4204 eorumque
794 4116 871 4180 socii
882 4117 1044 4191 vicerunt3
1067 4126 1100 4179 et
1110 4115 1261 4200 utrinque
1273 4133 1390 4201 msgns

345 4213 465 4285 strages
494 4214 541 4265 est
570 4201 664 4266 fucta.
709 4203 751 4267 Et
783 4201 1015 4266 Lacedaemonii
1049 4201 1178 4287 quidem
1212 4203 1243 4264 in
1274 4221 1387 4287 ugrum

347 4285 569 4375 Megarensem
594 4288 737 4377 ingressi,
756 4288 986 4376 arboribusque
1006 4288 1107 4367 cresis,
1130 4309 1188 4374 per
1206 4287 1389 4354 Germesnr
