2990 4792
433 301 680 382 HISTORIAE
703 303 788 370 ΗΒ.
814 297 857 370 ll.
1124 313 1183 372 135

137 476 292 565 petiisset
336 475 573 545 'Veruntamen
588 477 649 544 bac
663 476 870 562 legadiutius
890 486 965 542 sunt
980 477 1038 555 nsi,
1053 475 1186 563 proposi·
1219 489 1282 564 nat

138 565 329 651 matiam,
345 564 581 649 quaralebsnt.
613 563 703 630 Nihil
715 562 800 628 enim
818 584 1010 650 equaquam
1024 566 1185 648 apndlie-
1208 555 1291 618 ΜΡ·

161 671 219 730 eos,
242 651 364 736 ejusque
385 652 587 728 nobilitatem,
603 650 672 716 sine
693 651 879 716 muneribus
894 651 1027 736 transigi
1049 664 1183 732 poterat.
1198 623 1297 748 ,iffi

136 675 257 824 inque
270 755 407 825 regnum
422 736 501 802 illud
517 735 557 800 sd
572 753 722 824 magnam
737 737 912 820 potentiam
933 737 1085 821 pervenit.
1107 759 1182 802 nam
1209 751 1249 799 cr.
1260 749 1286 799 a

139 823 296 900 omnium,
313 845 386 909 qua
401 835 477 888 sunt
490 823 522 886 in
542 823 675 907 Europa
689 823 774 887 intra
786 824 891 888 sinum
909 823 1036 888 Ioniam
1052 834 1085 888 et
1098 823 1184 888 Pon·
1214 815 1243 926 {¹5
1255 813 1283 861 ⁰·

139 922 210 974 tum
234 909 410 987 Euxinum,
435 908 610 974 maximum
635 907 694 974 suit
722 923 879 993 proventu
904 909 1127 993 pecuniarum,
1153 923 1185 976 et
1208 891 1285 996 ’ᾖξ’

138 1007 331 1061 craterarum
355 1017 461 1062 rerum
476 994 581 1080 copia,
596 1017 669 1081 quae
682 993 829 1060 homines
844 993 1000 1061 beatiores
1012 995 1104 1062 facit:
1130 997 1184 1062 sed

138 1081 287 1148 certandi
301 1081 432 1158 viribus,
448 1095 480 1146 et
493 1081 658 1166 copiarum
675 1103 821 1160 numero,
839 1081 1030 1168 Scytharum
1042 1084 1187 1166 potentia

138 1167 195 1234 lon
263 1167 324 1234 luit
349 1167 491 1232 inferius.
537 1167 621 1232 Nam
648 1165 731 1232 huic·
744 1169 923 1252 Scytharum
946 1172 1099 1251 potentia
1116 1169 1184 1236 'uon

137 1276 173 1320 m
218 1277 241 1319 o
253 1267 375 1342 gentes,
389 1275 463 1341 quae
486 1265 560 1318 aunt
573 1255 606 1318 in
625 1251 767 1338 Europa,
782 1255 904 1339 aequari
928 1268 1092 1340 nequeunt
1099 1279 1109 1332 3
1132 1279 1185 1320 ss-

138 1361 213 1406 rnm
238 1341 335 1408 etiam
356 1361 480 1418 earum,
502 1362 575 1426 qnae
601 1340 635 1404 in
653 1341 735 1404 ¹Asia
754 1353 838 1416 sunt,
857 1339 956 1417 nulla,
979 1353 1074 1428 gente
1097 1343 1184 1425 genti

138 1428 300 1513 opposita,
324 1425 451 1512 Scythis
471 1425 639 1502 universis,
658 1426 686 1490 si
708 1426 883 1492 concordes
904 1427 987 1492 inter
1008 1450 1041 1490 se
1055 1426 1186 1509 fuerint,

138 1515 288 1580 resistere
302 1512 396 1578 valet.
441 1511 628 1589 Quinetiam
650 1533 691 1576 ne
712 1513 746 1577 in
761 1512 824 1578 alia
845 1511 975 1598 quidem
998 1513 1137 1594 solertia,
1152 1528 1186 1580 et

139 1600 413 1684 prudentiaque
435 1599 468 1662 in
491 1598 587 1664 rebus
608 1597 649 1663 ad
671 1613 862 1683 praesentem
884 1600 979 1664 sitam
1002 1601 1185 1668 necessariis

138 1686 326 1773 requiritur,
341 1685 465 1750 caeteris
480 1684 662 1750 canonibus
676 1697 750 1750 sunt
764 1685 893 1752 similes.

183 1781 239 1840 98.
262 1771 396 1838 Sitalces
421 1773 529 1858 igitur,
555 1793 628 1836 cum
653 1783 752 1836 tantm
774 1771 913 1858 regionis
940 1793 1074 1861 regnum
1100 1773 1184 1840 obti-

138 1870 241 1936 neret,
257 1858 432 1922 exercitum
448 1857 591 1943 parabat.
638 1858 812 1944 Postquam
827 1869 933 1924 autem
955 1881 1006 1924 rer
1019 1881 1121 1926 omnes
1140 1864 1185 1925 orl

137 1947 365 2028 mpeditmm
375 1942 632 2026 necamuriaejom
645 1943 705 2028 ipsi
717 1956 837 2029 perstre
845 1943 986 2022 fuerunt,
997 1948 1096 2028 copiis
1110 1949 1184 2028 inste

137 2031 245 2108 motis,
268 2031 303 2094 in
329 2028 554 2095 Macedoniam
580 2029 655 2106 ivit;
687 2030 827 2115 primum
852 2030 981 2116 quidam
1004 2053 1062 2116 per
1087 2050 1181 2098 suum

138 2137 289 2205 regnum,
304 2115 421 2182 deinde
435 2118 514 2182 rero'
525 2137 584 2202 per
600 2116 770 2196 Cercineu,
783 2130 924 2184 montem
939 2117 1111 2195 desertura,
1127 2118 1183 2204 qni

137 2205 224 2270 inter
241 2203 349 2269 Sintos
363 2217 396 2268 et
419 2204 553 2270 Paeonas
567 2215 614 2268 est
636 2203 768 2268 medius.
813 2201 881 2268 Iter
901 2215 1007 2268 autern
1029 2225 1088 2288 per
1108 2225 1183 2269 eum

137 2287 276 2355 faciebat
289 2290 351 2366 ria,
367 2311 460 2390 quam
477 2289 545 2375 ipso
558 2289 680 2355 succisa
694 2289 827 2354 materia
840 2289 1065 2374 priusiecerst,
1081 2311 1182 2378 quum

137 2374 261 2441 bellum
277 2373 450 2442 Poebnrbus
465 2375 582 2442 intulit.
628 2375 729 2442 Hunc
743 2386 849 2440 autem
865 2387 1006 2440 montem
1019 2399 1060 2442 ex
1074 2376 1182 2462 Odry-

137 2461 468 2614 &wit
483 2461 828 2627 statuite
843 2459 1180 2633 ¹¹⁸b¹2t‘.it⁰¹.’t.³

137 2635 334 2713 transissent,
358 2635 400 2700 sd
424 2633 593 2700 Doberum
622 2633 932 2718 Pseonicam'arbcm
957 2648 1180 2718 perimerunt.

137 2721 180 2822 Ei
188 2733 303 2823 putem
318 2723 379 2787 iter
392 2720 519 2788 facienti
533 2722 623 2786 nulla
636 2720 765 2822 quitiem
778 2719 936 2786 exercitus
950 2719 1179 2824 pertimescit,

135 2808 632 2978 absterreretur.
644 2805 1181 2980 trt'letltttitobll}

134 2979 212 3046 dam
227 2981 314 3048 ultro
328 2979 555 3066 sequebantur.
599 2977 710 3056 Quare
720 2991 791 3044 >tots
805 2977 979 3044 multitudo
994 2985 1059 3044 iron
1074 2980 1182 3044 minor

135 3078 272 3134 centnm
322 3065 533 3167 uinqnsginta
560 3063 702 3133 millibus
729 3065 888 3130 exstitisse
915 3063 1040 3130 fertur..
1070 3065 1182 3152 Atque

134 3151 233 3240 bajas
247 3089 378 3240 quibem
400 3173 502 3238 major
516 3173 591 3236 para
610 3162 678 3216 erut
691 3149 857 3236 pedestris,
882 3151 976 3216 tertia
989 3171 1066 3234 sero
1080 3149 1180 3218 ferme

135 3261 212 3341 pars
226 3254 297 3306 erat
310 3241 474 3326 equestris,
489 3239 666 3307 maximam
682 3257 758 3302 sero
772 3236 866 3322 hujus
879 3237 1040 3323 equitatus
1054 3244 1178 3321 partem

134 3327 196 3413 rpsi
219 3325 368 3412 Odrysoe,
391 3335 424 3390 et
444 3336 518 3411 poet
538 3343 593 3390 cos
616 3323 711 3390 Gstae
731 3321 951 3408 praebuerunt.
996 3319 1179 3387 Macboero-

134 3411 232 3498 pheri
247 3435 336 3495 vero,
357 3412 412 3498 qui
433 3411 498 3476 suis
519 3409 643 3498 legibus
656 3409 816 3486 vivobant,
831 3419 864 3474 et
885 3430 926 3474 ex
950 3407 1067 3476 Rhodo
1122 3408 1179 3474 de-

134 3497 336 3577 scenderant,
358 3510 450 3564 erent
467 3497 565 3563 totius
586 3494 745 3582 peditatus
766 3493 1007 3560 bellicosissimi.
1111 3505 1180 3559 torn

134 3607 215 3654 saro
228 3585 334 3663 turba,
350 3606 391 3650 ex
409 3584 504 3649 variis
517 3595 550 3650 et
570 3581 703 3648 dirersis
716 3580 865 3669 gentibus
886 3580 1054 3667 permixta,
1069 3581 1180 3646 multi·

134 3671 250 3740 tudine
262 3671 405 3737 maxime
419 3668 636 3746 formidabilis,
651 3669 851 3754 sequebatur.

177 3767 234 3827 99.
256 3757 424 3824 Doberum
440 3757 538 3844 igitur
554 3765 910 3832 omnesconvenerunt,
925 3766 1006 3820 etse
1024 3767 1179 3840 pararunt

134 3845 178 3914 ad
189 3845 405 3932 irruptionem
419 3840 594 3908 faciendam
611 3839 663 3904 ¹ex
676 3841 840 3925 superiore
854 3842 888 3906 in
901 3839 1083 3906 inferiorem
1101 3840 1177 3907 Ma.

135 3932 316 4010 adoniam,
345 3951 419 4018 quae
447 3925 611 3995 Perdiccae
633 3926 766 4014 imperio
791 3928 933 4011 parebat.
979 3927 1064 3992 Nam
1092 3927 1177 3992 inter

137 4019 339 4088 Macedones
350 4026 427 4084 sont
439 4027 472 4080 et
486 4013 665 4100 Lyncestae,
680 4026 714 4078 et
730 4011 926 4098 Helimiotse,
937 4025 970 4078 et
983 4012 1175 4100 ringentes

169 4233 306 4284 &Tmetsl
316 4237 363 4283 hoc
373 4233 487 4282 umento
497 4233 641 4294 plerumque
652 4231 780 4293 imperiose
791 4234 923 4279 utebantur
931 4235 977 4276 etc.
993 4228 1066 4275 Valla
1084 4187 1174 4279 liniis.

168 4297 214 4348 tlt
225 4301 319 4350 noste
326 4297 389 4363 jugo
399 4301 426 4348 ln
436 4297 575 4354 inlatam
584 4298 752 4346 usoetcniam
763 4303 809 4346 eto.
825 4295 901 4352 vau.
912 4293 1016 4355 Aleuae.
1033 4293 1117 4372 lnssq.

624 4368 684 4423 Η
