3004 4768
439 265 688 335 HISTORIAE
709 265 797 336 ms.
820 264 916 336 VIII.
1127 279 1192 340 485

149 436 326 502 classiariis
338 455 518 516 numerare,
535 459 600 504 non
614 449 681 505 tam
699 450 832 525 propter
846 449 1079 526 paupertatem,
1093 429 1195 530 quem
1223 457 1287 508 aut

149 541 194 586 ne
219 523 267 588 sui
296 527 413 602 11an
442 538 576 610 propter
604 524 796 592 affluentiam
824 529 976 610 stipendii
1003 528 1192 597 insolentius
1212 524 1296 584 hiep.-

149 606 300 687 eiventes,
330 609 447 694 partim
473 611 603 699 quidem
625 629 760 697 corpore
789 611 997 694 imbecilliora
1020 613 1186 694 haberent,
1202 587 1296 712 ’1131

145 695 335 777 capenum
356 697 574 782 impendentes
588 697 620 762 in
636 720 685 777 ea,
706 697 791 763 unde
811 717 968 782 corporum
989 699 1188 768 imbecillitas
1211 715 1251 764 m.
1265 713 1288 762 1.

146 779 318 881 contingit,
333 783 450 866 partim
464 804 539 847 vero
550 781 679 848 classem
696 784 923 850 imbecilliorem
933 787 1106 864 redderent,
1120 789 1191 853 eore'
1216 778 1246 826 υ·
1257 781 1286 826 st

145 887 188 928 ac
207 867 358 951 reliquiar
379 868 573 953 stipendium
595 871 674 951 ipsis
693 868 836 934 debitum
859 868 1048 950 deserentes,
1063 893 1100 936 uc
1113 874 1187 938 trie·
1213 843 1284 956 {⁸4}
1317 922 1322 930 Ι

145 951 268 1016 rorciis
291 974 346 1018 sao
374 954 440 1018 loco
466 955 671 1038 relinquentes
697 966 735 1020 ut
762 953 918 1020 obsidem.
961 955 1184 1042 idemipsum

146 1037 285 1114 edocuit,
310 1049 344 1103 ut
365 1039 556 1104 trierarchos
575 1053 607 1104 et
630 1039 794 1106 civitatum
818 1039 926 1116 duces,
950 1042 1187 1127 pecunia.ipsia

144 1121 234 1200 datu,
249 1123 290 1186 ed
307 1123 390 1190 hanc
414 1146 480 1191 rem
503 1126 565 1191 sibi
584 1125 820 1192 concedendum
843 1125 1018 1205 induceret,
1041 1131 1189 1214 exceptis

147 1209 366 1293 Syracusanis.
414 1209 542 1276 Horum
565 1211 650 1276 enim
674 1213 737 1276 dur
760 1211 999 1290 Hermocratea,
1022 1211 1186 1278 snlusoar-

144 1296 242 1372 nium,
258 1294 382 1360 socialis
401 1295 507 1360 elassis
528 1296 658 1362 nomine
672 1299 743 1362 kuic
756 1299 804 1362 rei
817 1297 1052 1363 adversabatur.
1097 1299 1184 1365 Civi-

145 1392 228 1444 tates
241 1403 380 1467 quoque,
392 1403 465 1468 quoe
475 1383 643 1467 pecuniam
654 1382 868 1468 postulabant,
884 1386 952 1469 ipse
964 1383 1187 1470 Tissaphemis

145 1467 278 1566 pomino
291 1467 450 1554 repulsam
467 1489 573 1569 passm
587 1468 790 1548 emendabat,
802 1470 923 1572 dicens,
940 1469 1041 1537 Chios
1055 1471 1185 1566 quidem

1 1623 3 1638 ι
142 1551 361 1717 iiiiii}
383 1569 958 1726 {mstt.⁰¹.¹.¹t.t.⁸t¹t.⁰tttt
973 1557 1184 1723 ..iffi

1 1791 2 1794 ,
142 1727 345 1826 postularent
367 1738 484 1804 tumen,
509 1738 545 1796 ut
567 1725 621 1792 alii
642 1739 675 1792 et
695 1727 884 1811 corporibus
905 1740 937 1792 at
957 1729 1102 1812 pecuniis
1123 1751 1185 1814 pro

1 1809 3 1880 ἶ
144 1831 289 1895 ipsorum
309 1810 453 1876 libertate
475 1810 616 1896 pericula
636 1810 791 1878 subirent.
834 1813 924 1878 Alias
945 1835 1022 1878 vero
1043 1816 1184 1882 civitatee

1 1961 3 1970 ,
142 1897 262 1982 injuste
282 1883 386 1962 iacere
408 1896 546 1976 dicebat,
571 1897 608 1976 si,
635 1919 708 1984 quse
755 1920 792 1963 ro
812 1897 1072 1980 Atheniensibus,
1093 1913 1183 1967 ante-

1 2046 3 2080 '
142 2004 243 2134 :iffi
256 1981 714 2154 apiridhbedeifpiscismtbb’tiirbiitihlfl
737 1985 1184 2154 autrefflubibssoehbbiebnrb

1 2161 3 2172 '
142 2154 281 2220 nollent.
332 2154 472 2221 Dicebat
500 2156 607 2234 etism,
637 2153 893 2240 Tissaphernem,
923 2177 1012 2221 nunc
1039 2156 1179 2244 quidem,
1217 2187 1222 2194 ·

1 2309 2 2312 ,
143 2239 235 2328 quod
249 2239 314 2304 suis
328 2241 470 2324 pecuniis
492 2241 612 2306 bellum
633 2255 769 2329 gereret,
779 2240 854 2328 jure
867 2244 930 2307 suis
945 2245 1087 2324 proastiis
1107 2263 1180 2328 par-

142 2349 227 2394 cere.
272 2325 338 2393 Sed
360 2327 386 2390 si
409 2327 540 2414 quando
562 2326 759 2412 stipendium·
779 2349 799 2391 a
823 2327 912 2413 Rege
938 2328 1126 2405 mitteretur,
1147 2351 1182 2394 se

142 2412 340 2502 stipendium
362 2413 521 2504 integrum
538 2413 614 2500 ipsis
628 2412 839 2492 redditurum,
855 2425 887 2478 et
900 2413 1054 2491 civitates,
1070 2427 1107 2480 ut
1120 2435 1179 2500 par

141 2511 234 2576 esset,
251 2498 498 2566 sublevaturum.
1053 2551 1057 2558 .

186 2594 242 2651 46.
265 2583 354 2650 Idem
377 2586 555 2652 Alcibiades
569 2583 662 2652 Tuae
684 2583 776 2650 berni
790 2593 946 2670 preterea
959 2584 1121 2663 suadebat,
1137 2606 1180 2652 nc
1265 2635 1270 2642 ·

141 2671 278 2749 nimium
304 2685 491 2756 properaret
510 2671 628 2736 bellum
652 2607 754 2749 hpnire,
778 2691 855 2736 neve
875 2670 927 2736 vel
950 2671 1058 2736 accitis
1085 2671 1178 2750 th-

140 2758 253 2836 uicum
274 2756 417 2836 navibus,
432 2778 511 2844 quas
525 2756 682 2822 instruere
702 2769 865 2835 statuerat,
881 2756 930 2821 vel
943 2757 1065 2843 majore
1088 2757 1177 2822 (ira-

1 2859 2 2886 ³
139 2865 241 2910 cortem
266 2841 364 2907 classe
385 2843 554 2922 conducta,
581 2843 691 2908 iisdem
719 2841 840 2908 Grecis
860 2853 892 2909 et
913 2857 1006 2908 terrm
1027 2857 1060 2907 et
1081 2843 1178 2907 maris

139 2928 312 3015 imperium
343 2929 465 3012 tradere
490 2929 593 3006 vellet,
619 2929 674 2994 sed
696 2926 813 2992 sineret
835 2942 986 3016 utrosque
1007 2930 1176 3014 separatim

139 3015 313 3100 imperium
340 3013 467 3081 hebere.
521 3016 604 3081 Fore
625 3014 709 3079 enim
730 3012 869 3092 dicebat,
894 3027 930 3079 ut
959 3014 1041 3101 Regi
1069 3013 1179 3078 liceret

140 3103 175 3166 in
191 3099 317 3168 eosdem
341 3100 475 3179 Graecos,
492 3100 637 3187 equibus
654 3097 876 3176 offenderetur,
900 3097 1030 3165 aiteram
1055 3111 1177 3182 partem

139 3187 324 3253 immittere.
367 3187 466 3263 Quod
482 3187 508 3252 si
522 3186 563 3252 ad
578 3185 711 3252 alteram
735 3195 858 3250 tantum
873 3195 997 3270 partem
1014 3183 1178 3250 deveniret

141 3287 240 3338 terrae
262 3273 420 3360 marisque
444 3273 632 3358 imperium,
650 3270 753 3357 ipsum
778 3271 898 3356 Regem
925 3269 1111 3335 destitutum
1135 3269 1176 3336 iri

1 3357 3 3392 ἶ
139 3358 245 3440 sociis,
264 3360 453 3447 quibuscum
477 3383 497 3424 ο
521 3361 670 3444 primeret
689 3380 752 3433 eos,
773 3356 828 3442 qui
850 3377 956 3422 rerum
978 3355 1179 3440 potirentur:

139 3445 204 3510 nisi
219 3444 311 3510 vellet
328 3446 460 3531 ipsemet
478 3382 650 3532 niiqusndo
671 3443 771 3529 copiis
792 3441 937 3507 adductis
958 3462 1031 3506 cum
1053 3440 1177 3528 ingenti

139 3544 175 3598 et
190 3532 331 3617 impense
350 3544 381 3596 et
403 3532 544 3616 periculo
567 3530 647 3595 inire
670 3542 839 3598 certarnen.
884 3527 946 3592 illa
966 3539 1070 3592 nutem
1093 3526 1177 3611 peri·
1318 3543 1319 3546 ’

140 3616 226 3694 cuia,
253 3640 326 3702 quse
349 3639 448 3702 parvo
471 3631 577 3682 sumtu
599 3615 784 3689 subeuntur,
809 3613 930 3681 ,leviore
953 3635 1032 3694 esse
1046 3613 1176 3689 dicebat,

140 3699 238 3770 simui
260 3702 353 3768 etiam
376 3704 601 3768 demonstrabat
621 3702 699 3778 fore,
717 3714 753 3766 ut
765 3699 838 3764 Res
851 3699 919 3764 sine
933 3698 999 3764 ullo
1013 3720 1072 3765 suo
1093 3699 1177 3784 peri·

141 3787 228 3866 culo,
258 3789 342 3873 ipsos
370 3789 503 3854 Graeeos
527 3791 610 3853 inter
632 3811 666 3852 se
689 3797 848 3853 attereret.
892 3784 1042 3852 Addebat
1070 3787 1178 3862 etiarn,

142 3874 354 3942 Athenienses
374 3875 496 3959 imperii
520 3873 621 3938 socios
636 3873 682 3938 illi
697 3872 928 3938 commodiores
949 3869 1026 3937 fore.
1072 3869 1122 3935 lm
1146 3893 1178 3934 e-

142 3962 227 4025 rium
253 3961 338 4025 enim
370 3971 515 4025 terrestre
538 3959 653 4037 minus,
683 3981 773 4043 queam
805 3957 1061 4034 Locedaemonios,
1127 3977 1178 4020 ec·

143 4061 225 4124 tare,
241 4047 290 4112 'et
304 4045 378 4112 belli
392 4047 522 4135 gerendi
544 4045 710 4121 rationem,
731 4045 816 4130 Regi
833 4045 972 4108 maxime
989 4041 1178 4108 convenien-

178 4179 190 4220 ¹
202 4185 448 4232 senonensium
460 4191 533 4244 atque
543 4197 641 4244 operam
653 4183 758 4230 bellandi
767 4183 889 4231 utiliorem
900 4156 961 4242 Regi
972 4181 1068 4228 hebere.
1103 4177 1179 4227 Vallo.

144 4251 180 4298 Et
191 4251 271 4298 verbis
281 4251 400 4310 rumque
411 4249 607 4296 commodissime
617 4249 690 4294 simul
701 4259 759 4294 eum
771 4249 823 4308 ipso
833 4253 943 4308 gesturos
954 4245 1054 4292 bellum.
1071 4243 1178 4292 Amnes.

628 4309 703 4375 rid
