2964 4786
351 285 415 342 390
710 270 1016 340 THUCYDIDIS

255 463 317 512 asu,
395 453 447 511 88.
471 445 578 532 Atque
601 442 788 529 Euphemns
809 443 938 546 quidem
961 442 1032 509 baec
1056 440 1148 508 dixit.
1193 441 1375 508 &mariani

238 526 327 640 50¹3!ss
351 553 426 596 vero
441 533 485 596 sic
500 531 613 630 animis
627 544 717 595 erant
731 529 845 596 affecti.
891 529 1138 595 Atheniensibus
1153 527 1280 630 quitiam
1295 542 1376 594 erant

236 623 334 770 tui
349 614 1376 801 htzllsptthttttttftntlttltfftltpttlffilt.

177 795 179 802 '
248 783 318 832 Μ·
349 789 420 854 timi
445 788 674 854 controversias
702 809 835 874 semper,
859 800 950 852 erant
970 787 1102 851 inimici.
1147 786 1258 862 Quum
1279 802 1375 853 tamen

249 847 322 961 {ff
349 875 578 961 Syracusanos,
591 875 645 962 qui
665 875 762 939 vicini
783 887 883 952 erant,
901 894 964 937 non
988 873 1093 936 minos
1114 870 1326 951 formidarent,
1339 895 1377 940 ne

346 961 396 1025 vel
411 962 479 1025 sine
500 961 564 1025 suis
586 961 716 1026 auxiliis
737 960 914 1044 superiores
936 958 1116 1034 evaderent,
1132 969 1165 1022 et
1179 971 1253 1023 aute
1267 979 1376 1043 paucos

345 1045 416 1112 illos
445 1047 567 1133 equites
591 1047 669 1132 ipsis
694 1047 861 1111 miserant:
883 1047 971 1111 etin
992 1059 1155 1128 posterum
1182 1045 1377 1130 Syracusanis

345 1132 474 1218 quidem
501 1134 617 1218 potius,
638 1155 673 1196 re
697 1133 776 1217 ipsa,
800 1153 896 1218 quam
919 1142 1021 1196 tamen
1043 1130 1227 1214 parcissime
1249 1143 1377 1213 possent,

344 1239 474 1303 operam
491 1241 581 1283 suam
604 1239 719 1282 navare
735 1217 951 1282 decreverunt.
997 1216 1036 1281 ln
1059 1216 1230 1300 proesentia
1245 1238 1328 1295 uero,
1341 1239 1379 1282 ne

345 1304 595 1369 Atheniensibus
617 1304 723 1368 minus
749 1304 885 1368 benevoli
907 1313 973 1368 esse
995 1301 1189 1379 viderentur,
1209 1305 1380 1386 praesertim

344 1389 433 1475 quod
458 1403 501 1453 ex
526 1388 642 1474 proelio
663 1389 799 1453 uictores
823 1388 1047 1468 discessissent,
1071 1387 1174 1453 verbis
1198 1407 1380 1473 responsum

343 1495 403 1558 par
419 1475 562 1560 utrisque
583 1475 660 1539 dare
681 1485 863 1544 statuerunt.
909 1474 992 1539 Cum
1015 1487 1120 1538 autem
1144 1473 1190 1537 sic
1209 1474 1381 1540 consultas·

343 1572 425 1640 seut,
437 1559 689 1644 responderunt:
714 1559 876 1636 Quoniam
892 1559 1010 1625 bellum
1025 1559 1195 1644 gerebatur
1209 1559 1381 1639 interillos,

343 1646 398 1732 qui
426 1646 552 1733 utrique
575 1647 633 1711 sibi
661 1659 751 1711 erunt
771 1647 860 1724 socii,
886 1644 985 1710 sideri
1009 1645 1069 1710 sibi
1094 1666 1220 1730 aequum
1249 1669 1325 1723 esse,
1349 1648 1381 1712 in

342 1733 512 1816 prasentia
537 1734 656 1797 neutris
675 1752 768 1817 opem
790 1729 884 1796 ferre.
929 1732 1039 1817 Atque
1062 1743 1271 1816 utrorumque
1293 1733 1382 1817 legati

341 1819 387 1882 sic
410 1818 568 1884 obierunt.
614 1817 657 1883 Et
679 1818 868 1917 Syracusani
888 1817 1016 1920 quidem
1040 1839 1089 1882 res
1110 1839 1182 1881 suas
1204 1817 1247 1880 ad
1266 1817 1381 1918 bellum

341 1904 561 2071 tttttltfh
576 1905 805 2075 Attila
819 1903 1383 2076 ttuqttttlhltthtttt

340 2076 523 2140 transirent.
568 2075 612 2140 Et
629 2074 809 2140 Siculorum
832 2075 973 2163 quidem,
988 2073 1117 2138 illorum
1140 2075 1316 2159 praecipue,
1332 2077 1383 2163 qui

339 2161 531 2242 campestria
544 2161 616 2225 loca
634 2161 827 2238 incolebant,
842 2175 875 2225 et
889 2159 944 2248 qui
960 2160 1235 2246 Syracusanorum
1250 2162 1384 2248 imperio

363 2245 504 2323 arebant,
527 2245 671 2332 plerique
694 2248 735 2310 oh
754 2247 987 2312 Atheniensium
1004 2249 1150 2312 societate
1170 2263 1384 2315 recesserunt.

339 2265 475 2394 illorum
500 2353 587 2408 vero,
610 2335 665 2419 qui
691 2332 761 2396 loca
789 2333 1021 2397 mediterranea
1047 2333 1207 2412 tenebant,
1230 2337 1384 2413 civitates,

338 2436 412 2501 qnae
427 2417 474 2483 sui
485 2419 580 2504 juris,
597 2430 628 2483 et
643 2439 715 2504 quse
730 2417 820 2502 prius
834 2439 959 2503 semper
973 2419 1072 2484 libero
1086 2429 1178 2483 mont
1192 2419 1384 2500 ‘domicilia

337 2504 482 2587 exceptis
504 2505 614 2588 paucis
630 2507 764 2587 populis,
781 2525 847 2569 sese
867 2502 1033 2569 confestim
1055 2505 1309 2572 Atheniensibus
1330 2508 1385 2572 ad·

333 2587 522 2672 junxerunt,
539 2601 570 2655 et
584 2603 796 2656 commeatum
813 2589 854 2654 ad
869 2592 989 2654 ittonam
1009 2589 1185 2657 exercitum
1201 2608 1388 2678 comporta·

335 2685 422 2751 runt,
439 2674 570 2760 quidam
594 2688 625 2740 et
647 2676 805 2761 pecunias.
850 2675 1058 2740 Athenienses
1080 2698 1156 2743 vero
1178 2678 1302 2743 bellurn
1325 2679 1388 2743 illis

335 2757 514 2838 inferentes,
530 2763 586 2846 qui
612 2783 699 2827 suam
722 2762 905 2826 societatem
931 2763 1021 2848 sequi
1046 2763 1246 2840 recusabant,
1262 2767 1387 2848 partim

335 2843 463 2928 quidern
486 2847 720 2932 compulerunt,
737 2848 851 2933 partim
868 2869 944 2911 vero
964 2870 984 2911 a
1005 2849 1211 2935 Syracusanis
1255 2851 1390 2916 raesidin

333 2929 573 2996 mittentibuset
583 2953 677 3018 opem
687 2933 1029 2999 ferentibusarcebant.
1055 2934 1155 2998 Iidem
1165 2871 1391 3023 perhyemem

334 3013 429 3080 Naxo
444 3016 602 3082 Catonem
624 3019 759 3084 statione
777 3029 899 3083 mutata
919 3041 952 3082 se
977 3019 1193 3098 contulerunt,
1209 3034 1243 3086 et
1266 3037 1391 3103 castra,

333 3121 407 3184 quae
431 3125 450 3165 a
474 3103 681 3190 Syracusanis
703 3105 833 3169 incensa
851 3103 986 3182 fuerant,
1002 3125 1112 3170 rursus
1136 3107 1341 3186 excitarunt,
1359 3122 1393 3175 et

331 3187 399 3250 iltic
419 3185 620 3274 hyemarunt.
665 3187 844 3256 Triremem
868 3201 974 3255 autern
997 3189 1146 3255 amicitiae
1168 3193 1394 3260 conciliandae

331 3289 427 3336 causa
442 3273 668 3361 Carthaginem
694 3275 858 3353 miserunt,
879 3275 905 3339 si
929 3275 1016 3376 quod
1040 3275 1198 3342 auxilium
1214 3281 1314 3345 illinc
1330 3283 1393 3346 im·

328 3369 456 3440 petrare
472 3371 619 3443 possenti
658 3359 818 3425 Miserunt
833 3361 928 3426 etism
941 3382 975 3424 ru
993 3361 1193 3440 Hetroriam,
1206 3367 1288 3450 quia
1305 3387 1396 3431 nou-

328 3443 427 3507 nullae
455 3445 597 3510 civitates
623 3445 709 3510 ultro
738 3469 771 3510 se
799 3447 874 3510 belli
903 3447 1003 3512 socias
1031 3445 1100 3512 fore
1125 3452 1394 3534 spoponderant.

330 3525 470 3593 Nuntios
495 3531 591 3594 etiam
620 3532 662 3595 ad
693 3532 816 3597 Siculos
845 3533 1133 3612 circummiserunt,
1158 3537 1330 3604 miserunt
1360 3553 1396 3604 et

326 3611 490 3712 Egestam,
518 3639 554 3680 ac
580 3617 789 3701 imperarunt,
814 3630 848 3682 ut
874 3619 934 3683 sibi
960 3639 1056 3704 quam
1078 3621 1237 3706 plurimos
1259 3638 1397 3711 'equos

326 3709 497 3764 mitterent.
544 3701 588 3766 Et
609 3702 731 3779 lateres,
748 3714 779 3768 et
800 3702 932 3784 ferrum,
949 3717 981 3768 et
1004 3716 1120 3770 caetera
1142 3706 1183 3770 ad
1206 3709 1301 3775 urbis
1326 3713 1397 3774 cir·

326 3784 602 3853 comvallationem
625 3791 810 3867 necessaria,
827 3803 1098 3874 praeparaverunt,
1116 3804 1151 3858 ut
1172 3813 1247 3859 vere
1269 3797 1396 3862 statim

356 3991 366 4019 ¹
379 3989 467 4050 Utpote
479 3993 650 4053 conterminis,
661 4009 758 4055 semper
769 4002 816 4044 etc.
854 3997 904 4053 Vel,
916 3997 980 4046 Cum
993 3997 1151 4059 Syracusanis
1167 4013 1268 4061 semper
1280 4009 1396 4050 contro·
1474 4013 1475 4018 ’

325 4055 411 4100 sessim
424 4057 564 4116 illiserunt,
577 4065 605 4104 ut
623 4059 687 4104 inter
703 4063 867 4108 conterminos
880 4071 1128 4113 esaemnsueverunt.
1150 4065 1234 4128 8ηή-
1268 4067 1395 4129 Propter
1474 4067 1475 4096 l

324 4119 539 4175 agrivicinitutem
552 4127 597 4168 etc.
621 4123 729 4168 Asochis.
764 4125 848 4173 Hune.
1473 4097 1475 4208 l

356 4181 408 4226 tlt
417 4188 467 4228 est:
485 4197 560 4243 parsu
570 4189 666 4245 oppida.
702 4187 778 4236 loen.

355 4247 366 4274 ⁰
378 4245 479 4304 Equites
490 4249 562 4295 venit
580 4251 653 4307 Vottr,
665 4255 734 4311 quasi
745 4255 841 4314 legisset
852 4253 946 4308 testas.
980 4258 1065 4306 loru.
