2964 4786
362 295 426 356 868
758 284 1063 352 THUCYDIDIS
1102 297 1104 302 '

200 423 204 430 ⁵
266 479 329 528 nea.
363 458 560 543 praetervecti
575 456 616 522 ad
632 457 762 526 Naxum
779 457 916 524 iverunt.
961 458 1044 522 Cum
1060 467 1165 522 autem
1182 454 1284 520 Naxii
1299 476 1349 520 eos
1366 456 1395 520 in

257 544 341 604 P²¹⁰n
364 545 474 609 urbem
493 543 691 627 recepissent,
708 548 794 610 illinc
815 566 904 610 oram
919 547 1059 630 legentes
1073 541 1114 608 ed
1139 542 1303 608 Cannam»
1319 541 1398 620 navi-

249 608 350 736 gffl·
363 642 490 718 gerunt
536 629 598 694 Sed
616 653 688 694 cum
705 631 848 696 Catanaei
863 631 995 714 ipsosia
1008 629 1108 714 urbem
1122 650 1188 692 non
1203 627 1396 712 recepissent,

262 737 303 788 at.
316 738 338 785 1.
362 716 443 866 pllio
465 715 549 780 enim
573 715 706 782 aderant
730 717 869 802 quidam,
886 719 941 802 qui
966 716 1236 801 Syracusanorum
1262 713 1398 797 partibus

262 801 335 910 ζμ
376 801 523 883 avebant)
539 802 704 868 influmen
722 802 852 868 Teriam
868 801 966 866 deleti
988 814 1070 866 sunt.
1117 801 1201 864 Cum
1219 813 1327 899 autem
1343 801 1400 863 illic

269 879 337 980 ὅ·
363 887 1399 1062 nituisseslatitaturuurts

362 1082 459 1126 naves
473 1061 697 1144 praemiaerunt
712 1061 745 1126 in
762 1081 914 1147 magnum
928 1062 1147 1144 Syracusarum
1160 1070 1304 1141 portum,
1320 1070 1356 1123 ut
1372 1069 1400 1120 et

365 1149 440 1212 illue
453 1147 652 1232 navigarent,
669 1160 701 1212 et
723 1146 937 1231 explorarent,
953 1144 1071 1230 siquid
1095 1145 1224 1208 navium
1239 1165 1261 1206 o
1278 1143 1401 1226 Syrrunr-

363 1234 448 1298 roais
460 1231 633 1296 deductum
655 1245 752 1309 esset;
779 1245 878 1318 utque
892 1234 936 1296 ud
954 1231 1057 1296 arbem
1081 1229 1268 1294 accedentes
1290 1251 1331 1292 ex
1351 1251 1402 1293 aa·

252 1331 258 1344 ·
364 1318 457 1382 vibus
474 1339 530 1402 per
550 1319 706 1402 praeconis
721 1341 830 1384 vocem
853 1319 931 1402 ipris
948 1315 1173 1402 significarent,
1198 1314 1404 1380 Athenienses

364 1404 484 1482 venire,
510 1415 545 1467 ut
569 1403 744 1470 Leontinos
765 1406 798 1468 in
823 1426 894 1469 suas
913 1403 1062 1488 pristinas
1086 1401 1174 1468 sedes
1197 1401 1403 1481 restituerent,

365 1500 497 1576 propter
511 1490 667 1554 societatis
681 1505 778 1576 atque
791 1488 991 1578 cognationis
1002 1489 1063 1573 jus.
1109 1487 1278 1552 Leontinis
1300 1485 1402 1574 igitur,

366 1587 527 1662 quotquot
543 1576 705 1660 Syracusis
720 1590 835 1653 esseut,
851 1578 996 1652 direrertt,
1014 1587 1049 1638 ut
1063 1573 1221 1658 intrepide
1241 1575 1405 1638 transirent

365 1660 408 1726 ad
429 1659 651 1740 Athenienses,
673 1676 707 1726 ut
728 1662 768 1726 ad
792 1663 921 1739 amicos,
948 1673 979 1726 et
1001 1663 1040 1725 dr
1062 1660 1138 1743 ipsis
1158 1659 1242 1724 bene
1268 1659 1404 1724 meritos.

367 1745 542 1831 Postquam
557 1759 662 1814 autem
678 1769 735 1832 per
745 1748 902 1832 praeeonis
916 1767 1026 1812 vocem
1040 1747 1095 1810 hoc
1104 1745 1176 1828 ipris
1186 1745 1404 1810 denuntiatum

366 1845 423 1910 est,
439 1843 607 1918 postquam
631 1835 725 1900 etiam
741 1834 830 1899 urbis
853 1845 1003 1919 portuum
1027 1853 1067 1896 ue
1089 1831 1195 1908 situm,
1219 1853 1406 1918 omnemque

365 1919 573 1984 circumcirca
587 1920 760 2002 regionem,
776 1919 863 1985 unde
877 1919 953 2003 ipsis
967 1919 1005 1984 ad
1058 1916 1135 1982 llum
1146 1917 1285 1982 hortibus
1295 1916 1406 1982 sacien-

367 2005 445 2158 dehm
460 2005 684 2089 prodeundum
700 2018 791 2084 esset,
807 2005 1011 2092 contemplati
1026 2015 1110 2082 sunt,
1124 2025 1237 2069 rursus
1254 2003 1406 2068 Catanm

367 2114 385 2156 r
426 2093 539 2156 ierunt¹

412 2187 467 2242 51.
491 2177 633 2242 Catenaei
658 2200 744 2253 vero,
767 2190 940 2244 convocata
963 2176 1129 2252 concione,
1151 2175 1262 2260 copias
1285 2177 1408 2262 quiden

368 2265 403 2328 r‘a
416 2262 518 2326 urbem
533 2285 598 2326 non
613 2278 801 2347 receperunt
809 2288 818 2341 ;
841 2263 896 2328 aad
910 2263 1005 2328 duces
1020 2263 1175 2348 ingressos
1190 2262 1299 2328 dicere
1314 2265 1409 2349 jume-

369 2359 456 2424 runt,
473 2347 498 2411 si
521 2347 598 2432 quid
621 2349 745 2414 vellent
792 2350 877 2415 Cum
898 2362 1004 2414 autem
1026 2348 1206 2413 Alcibiades
1228 2352 1317 2432 opud
1335 2351 1411 2432 ursos

369 2434 546 2500 orationem
562 2434 702 2513 haberet,
719 2448 751 2500 et
767 2435 921 2521 oppidani
939 2437 975 2506 ¹iu
992 2433 1077 2498 illam
1098 2435 1286 2499 concionem
1311 2445 1413 2499 essent

370 2523 524 2598 conversi,
547 2522 661 2586 milites
675 2523 875 2588 Atheniense
895 2522 1053 2606 quandam
1072 2520 1232 2606 portulam
1256 2521 1342 2586 male
1356 2523 1411 2585 ob·

370 2619 523 2672 euuemm
537 2610 631 2686 nocti,
647 2610 728 2673 clam
740 2609 845 2674 diruta
860 2607 987 2674 aedifioii
1001 2607 1135 2672 materia
1147 2624 1361 2692 aperuerunt:
1384 2618 1414 2670 a

371 2693 405 2758 in
421 2693 532 2758 urbem
547 2693 691 2781 ingressi,
716 2697 950 2761 mercabantur.
995 2693 1140 2758 Cataraei
1160 2715 1247 2770 vero,
1263 2695 1321 2780 qui
1343 2715 1414 2758 cunr

374 2780 579 2863 Syracusanis
593 2780 781 2858 sentiebant,
797 2801 870 2846 cum
885 2779 1062 2844 exereitum
1076 2779 1109 2844 in
1121 2779 1201 2844 urbe
1214 2779 1415 2846 animadver-

372 2865 493 2940 tissent,
516 2863 679 2929 confestim
704 2880 824 2932 terrore
846 2866 990 2951 perculsi,
1014 2887 1150 2950 quorum
1174 2887 1331 2931 numerus
1351 2887 1415 2930 non

374 2971 509 3034 magnus
524 2963 602 3028 erat,
617 2951 698 3017 clam
714 2953 934 3040 profugerunt.
980 2952 1096 3016 Caeteri
1111 2974 1186 3016 vero
1205 2953 1418 3018 decreverunt

373 3035 554 3100 societatem
569 3059 641 3102 cum
659 3037 905 3104 Atheniensibus
919 3037 1107 3115 faciendam,
1124 3051 1156 3103 et
1178 3038 1342 3126 reliquum
1366 3059 1418 3102 ex·
1480 3057 1481 3068 ³

372 3123 506 3187 ercitum
529 3146 549 3186 a
567 3123 691 3208 Rhegio
715 3125 810 3190 acciri
826 3127 998 3210 jusserunt.
1044 3123 1160 3189 Postea
1181 3146 1259 3189 vero
1283 3125 1418 3190 Atheni·

372 3230 461 3274 enses
476 3207 517 3272 ad
539 3208 699 3296 Rhegium
723 3213 850 3288 reversi,
869 3213 937 3296 jam
957 3231 1031 3274 cum
1053 3211 1201 3275 omnibus
1221 3211 1326 3295 copiis
1348 3212 1419 3276 inde

373 3294 527 3360 solventes
544 3294 700 3360 Catanam
716 3300 912 3382 oppecierunt,
924 3307 953 3360 et
967 3309 1133 3382 postquam
1145 3319 1181 3361 eo
1191 3311 1418 3382 pervenerunt,

373 3382 416 3444 ibi
429 3394 533 3444 castra
547 3379 701 3446 fecerunt.

418 3474 473 3531 62.
496 3465 549 3530 Ad
572 3468 658 3552 ipsos
681 3481 787 3532 autem
810 3467 915 3532 nuntii
942 3467 1115 3532 Camarina
1141 3467 1373 3546 afferebantur,
1396 3467 1420 3530 si

373 3552 445 3616 illuc
459 3552 748 3636 proficiscerentur,
774 3556 981 3620 Comariaaeos
1002 3554 1197 3619 deditionem
1213 3554 1371 3631 facturos,
1393 3565 1423 3617 et

376 3638 591 3735 Syracusanos
605 3639 740 3704 classem
759 3640 924 3704 instruere.
972 3639 1115 3704 Primum
1139 3641 1239 3726 igitur
1253 3663 1331 3706 cnm
1355 3661 1423 3706 om·

375 3722 469 3787 nibus
491 3725 591 3806 copiis
614 3725 763 3790 adversus
790 3728 964 3811 Syracusas
988 3725 1121 3811 profecti
1144 3739 1229 3792 sunt.
1276 3727 1325 3792 Et
1350 3747 1425 3792 cnm

360 3807 495 3894 ,nnllam
511 3809 640 3874 classem
655 3813 770 3877 abillis
787 3812 901 3876 instrui
916 3814 1153 3896 comperissent,
1169 3835 1281 3878 rursus
1308 3814 1426 3878 Cama·
1480 3873 1481 3890 ,

375 3893 478 3959 rinem
494 3917 611 3974 versus,
627 3918 715 3961 oram
731 3897 878 3983 legentes,
895 3921 928 3962 se
942 3913 1140 3983 receperunt,
1155 3911 1188 3962 et
1202 3901 1243 3964 ad
1261 3901 1355 3966 littus
1371 3920 1426 3982 ap·
1479 3901 1481 3984 l

374 3981 471 4066 pulsi,
487 3981 725 4048 caduceatorem
748 3984 913 4050 miserunt.
959 3985 1009 4049 Illi
1026 4007 1100 4050 vero
1123 4007 1178 4049 eos
1200 4007 1267 4052 non
1294 4007 1427 4070 recepe·
1479 3989 1481 4084 l

408 4195 518 4250 scum
534 4209 670 4262 oprmrtnne
684 4205 778 4264 digesta
794 4210 841 4250 ete.
872 4205 945 4254 Valla.
980 4207 1044 4254 Cum
1060 4211 1312 4267 opportunorum
1329 4218 1428 4270 quoqu

375 4267 642 4315 naresvenissentete.
659 4267 766 4316 Aaou.
801 4269 886 4317 Hune.
1479 4297 1481 4336 y
