2982 4786
369 311 433 372 266
669 287 690 294 ”
727 295 1034 368 THUCYDIDIS
1089 291 1094 298 “

254 490 331 542 -ttert
367 474 518 550 civitates,
533 493 608 558 quse
622 470 861 540 Atheniensium
877 473 1012 558 irnperio
1030 467 1195 556 parebunt,
1209 467 1350 534 audirent
1365 481 1401 535 et

264 559 344 620 Νῦν·
368 558 587 645 Amphipolim
610 571 746 644 captam,
762 572 794 624 et
815 581 887 644 qum
913 561 960 624 nir
982 561 1036 622 ille
1058 555 1241 644 praestsbat,
1255 554 1401 642 illiusque

248 623 349 750 offl,
367 645 651 721 mansuetudinem,
664 657 740 708 tunc
755 643 796 709 ed
812 667 861 708 res
876 645 1038 708 novnndss
1055 644 1193 708 maxime
1207 655 1317 706 creone
1329 639 1401 705 fue·

264 751 306 801 ss.
317 753 339 800 1.
367 743 452 794 runt.
499 730 542 794 Et
556 731 778 795 caduceatores
792 731 832 795 sd
856 751 927 794 eum
947 730 1027 796 clam
1050 727 1227 808 mittebant,
1242 740 1399 813 rogantes,

263 815 295 864 ὓ·
313 819 341 864 0·
367 829 403 881 ut
415 820 503 880 adse
516 815 690 894 accederet,
714 829 746 880 et
767 837 827 900 pro
848 817 1017 916 sequique
1038 813 1079 879 sd
1101 812 1189 878 illum
1213 812 1305 898 primi
1318 813 1400 878 defi-

265 879 337 992 vsffl·
366 922 438 966 cere
451 901 626 986 cupientes.
647 923 722 965 nem
736 901 910 987 impunitss
925 901 1081 986 ipsissnre
1094 899 1269 979 videbatur,
1283 899 1400 984 purtim

365 987 508 1074 quidem,
533 987 620 1075 quod
650 986 727 1052 falso
755 999 929 1073 putassent,
956 986 1197 1051 Atheniensium
1225 986 1398 1070 potentiam

366 1095 431 1138 non
446 1095 512 1136 esse
525 1087 656 1150 tentam,
668 1087 818 1160 quantam
834 1087 947 1158 postes
960 1070 1123 1136 manifeste
1136 1070 1229 1134 fuisse
1243 1072 1398 1137 constitit:

364 1159 480 1244 partim
506 1181 592 1235 vero,
614 1158 700 1246 quod
726 1159 847 1224 incerte
873 1161 1036 1222 voluntate
1060 1158 1170 1243 magis,
1194 1178 1287 1242 quum
1311 1173 1399 1223 certe

363 1244 562 1329 providentis
576 1248 623 1308 ito
632 1244 822 1329 judicarent.
848 1243 1007 1308 Homines
1018 1243 1101 1306 enim
1113 1243 1145 1306 id
1161 1243 1299 1328 quidem,
1311 1245 1398 1330 quod

363 1330 507 1416 cupiunt,
533 1330 773 1394 inconsiderate
798 1331 863 1415 spei
893 1329 1093 1414 permittere3
1122 1329 1209 1414 qnod
1234 1349 1308 1392 vero
1331 1351 1397 1396 non

362 1417 507 1500 cupiunt,
522 1414 555 1480 id
571 1415 701 1480 rationis
716 1415 890 1501 pertinecia
904 1415 1032 1500 rejicere
1045 1427 1286 1479 consueverunt.
1310 1413 1397 1480 Proe·

362 1513 458 1577 teres,
474 1515 542 1565 tum
558 1502 643 1588 quod
661 1501 869 1567 Athenienses
888 1501 1008 1566 cladem
1031 1500 1063 1564 in
1081 1501 1206 1564 Boeotia
1226 1521 1333 1564 recens
1345 1523 1398 1568 ec·

362 1588 528 1670 cepissent,
546 1599 613 1652 tum
632 1589 717 1673 quod
736 1587 885 1654 Bresidus
899 1587 1002 1652 verbis
1024 1585 1063 1650 od
1087 1588 1212 1650 animos
1234 1585 1397 1652 homiuum

362 1672 546 1736 alliciendos
573 1674 724 1758 appositis
752 1685 906 1753 uteretur,
935 1694 995 1736 uec
1024 1693 1097 1736 vers
1126 1670 1268 1747 referret,
1297 1675 1398 1739 dicem

363 1755 573 1822 Athenienses
584 1780 646 1822 non
662 1782 755 1824 ausos
769 1781 834 1824 esse
846 1759 1015 1844 confligere
1029 1779 1134 1823 secum
1150 1757 1238 1841 spud
1248 1755 1397 1836 Nisaesm,

363 1843 417 1910 ubi
432 1865 523 1908 snum
539 1844 713 1908 exercitum
729 1845 829 1910 solum
847 1845 987 1922 heberet,
999 1843 1212 1919 confidebant,
1226 1863 1285 1906 nec
1299 1865 1397 1928 quen·

363 1951 458 2014 quem
481 1943 593 1994 contro
616 1953 648 1996 se
670 1944 838 1995 venturum
861 1929 1041 1995 credebant.
1089 1929 1291 1993 Potissimum
1312 1952 1396 2008 rer-o,

361 2030 492 2164 propter
516 2037 623 2117 rernm
646 2037 801 2081 noverum
819 2016 970 2117 studium,
985 2013 1072 2100 quod
1096 2014 1130 2078 in
1152 2014 1324 2115 presentis
1344 2037 1396 2078 ro-

361 2100 1396 2273 sttltttttttlhlttttttlttlltttthttsstt

361 2272 468 2335 culum
480 2284 582 2335 essent
595 2271 719 2352 secturi,
729 2273 767 2336 sd
782 2271 915 2358 quodvis
926 2273 1094 2337 discrimen
1107 2271 1293 2336 denudum
1307 2287 1396 2336 erent

360 2357 473 2442 persti.
518 2355 602 2432 Quas
627 2379 699 2422 cum
717 2360 870 2424 Brasidas
892 2369 921 2422 st
937 2359 1136 2424 Athenienses
1156 2356 1395 2434 intellexissent,

361 2441 571 2506 Athenienses
596 2443 735 2528 quidem,
763 2458 798 2509 ut
827 2447 859 2508 in
888 2443 950 2508 illis
979 2458 1158 2528 temporum
1187 2465 1227 2506 an
1275 2443 1351 2520 stiis,
1366 2458 1397 2506 et

360 2527 473 2614 hyeme
495 2526 621 2610 licebet,
665 2532 793 2594 raesidia
815 2529 848 2593 in
869 2532 964 2594 urbes
984 2529 1183 2593 dimiserunt.
1260 2529 1289 2592 le
1311 2551 1395 2608 vero,

360 2635 434 2677 cum
457 2615 604 2678 nuntium
736 2635 891 2680 oemouem
915 2615 1058 2692 misisset,
1080 2617 1163 2678 alins
1183 2615 1291 2698 copias
1315 2616 1396 2679 mitti

354 2698 498 2783 jubebat,
513 2713 545 2763 et
565 2701 633 2782 ipse
652 2701 692 2764 sd
710 2702 910 2787 Strymonem
927 2701 968 2765 ed
990 2723 1085 2764 naves
1099 2700 1353 2787 compingendss
1364 2722 1396 2764 se

360 2783 554 2870 accingebat.
600 2785 838 2851 lacedaemonii
865 2808 951 2862 vero,
973 2787 1088 2871 partim
1110 2785 1237 2872 quidem
1265 2799 1397 2871 propter

360 2869 521 2944 invidiam,
544 2891 608 2956 qus
628 2872 762 2936 civitatis
787 2873 945 2956 principes
966 2875 1032 2958 ejus
1057 2870 1169 2959 glorioe
1191 2871 1396 2948 invidebantr

359 2954 476 3038 partim
498 2977 582 3032 vero,
626 2959 677 3020 uis
698 2979 771 3021 suos
795 2959 877 3022 cives
900 2961 931 3021 in
958 2959 1060 3022 insule
1079 2959 1262 3039 Sphocteria
1286 2971 1398 3042 csptos

359 3061 553 3125 recuperare,
565 2979 746 3129 bellumque
756 3043 849 3107 linire
863 3044 1032 3121 malebant,
1044 3045 1159 3126 copias,
1171 3063 1248 3126 quos
1257 3043 1397 3126 petebat,

358 3126 418 3210 ipsi
432 3147 496 3190 non
513 3128 764 3213 suppeditarunt.

262 3243 327 3288 Am,
405 3221 477 3280 109.
501 3213 622 3279 Eodem
647 3213 771 3300 hyeme,
796 3213 1013 3302 Megarenses,
1035 3236 1108 3279 cnm
1134 3213 1248 3300 longos
1273 3237 1397 3290 muros,

246 3308 306 3368 Aps.
318 3307 342 3357 9·
358 3320 437 3385 quos
452 3300 659 3366 Athenienses
674 3302 683 3363 i
709 3302 749 3364 sis
763 3315 888 3384 ereptos
903 3303 1061 3377 tenebant,
1078 3315 1327 3385 recuperassent,
1343 3323 1399 3366 eos

356 3399 525 3472 equarum
545 3387 622 3451 solo.
668 3323 816 3451 drasidas
837 3409 911 3451 vero
933 3401 1005 3471 post
1022 3385 1231 3472 Amphipolin
1254 3402 1398 3487 captum,

356 3491 428 3571 cum
443 3472 599 3537 sociorum
616 3475 770 3550 exercitu,
785 3493 878 3558 quem
897 3471 1044 3548 habebnt,
1060 3467 1219 3557 profectus
1233 3485 1282 3536 est
1295 3495 1332 3538 tn
1351 3493 1399 3536 re·

355 3556 1282 3727 ru:‘stertunt-trilutrinumlus
1294 3580 1400 3728 ur

351 3745 446 3788 mons
460 3725 600 3791 excelsus
610 3728 650 3792 ad
664 3729 816 3815 AEgoeum
832 3728 962 3814 pelagus
973 3730 1172 3794 terminetur.
1195 3727 1305 3794 Urbes
1320 3749 1400 3794 vero

354 3809 505 3887 continet,
526 3813 643 3893 Senon,
660 3815 856 3879 Andriorum
878 3815 1047 3893 coloniam,
1070 3814 1113 3879 ud
1134 3815 1235 3900 iprum
1259 3818 1397 3894 fossam,

353 3917 442 3960 merc
455 3918 571 3974 versus,
588 3898 674 3984 qnod
689 3901 845 3965 Euboesm
861 3913 995 3984 spectatr
1019 3915 1052 3966 et
1065 3899 1151 3977 clins,
1167 3898 1350 3986 Thyssunr,
1364 3912 1398 3963 et

354 3981 501 4059 Cleonas,
522 3995 554 4047 et
575 3986 766 4064 Acrothoos,
789 4000 822 4052 et
843 3985 1066 4071 Olophyxnm,
1087 4000 1120 4050 et
1142 3985 1251 4060 Dion;
1275 4007 1355 4071 quae
1376 4008 1398 4048 s

352 4069 540 4151 promiscuis
565 4070 771 4137 barbarorum
797 4071 984 4159 bilinguium
1015 4071 1162 4158 gentibus
1192 4070 1396 4136 habitantur.

352 4151 537 4228 Quinetiam
552 4157 665 4244 exigue
680 4159 824 4242 quaedum
838 4157 942 4244 gentis
958 4157 1151 4224 chalcidico
1166 4177 1241 4240 pars
1256 4157 1327 4220 illei:
1342 4155 1394 4218 in-

351 4251 415 4304 est:
439 4240 493 4304 sed
509 4242 647 4306 monime
662 4264 735 4328 pers
746 4257 793 4309 est
809 4243 980 4330 Pelasgica,
997 4265 1035 4308 ex
1051 4243 1111 4308 illis
1125 4241 1317 4328 Tyrrhenis,
1331 4239 1392 4326 qrri
