2982 4786
396 311 645 393 111stOE
669 323 758 396 tta.
785 324 846 393 lV.
1089 336 1154 403 275

105 488 232 575 priores
246 489 482 575 processissent,
498 503 530 560 et
543 493 584 562 ad
599 495 762 586 proelium,
773 498 1034 566 committendum
1049 515 1154 572 essem
1182 525 1244 572 nen.

106 576 225 662 parati,
240 589 273 645 et
294 576 356 664 ipsi
370 577 507 652 vicissim
523 601 595 644 suas
615 583 722 668 copias
745 583 893 652 adversus
913 609 962 654 eos
980 587 1152 672 produxis-
1179 589 1263 652 1³⁶¹⁰1²

107 674 187 739 sent,
203 663 427 741 conflixerunt,
442 677 475 730 et
490 665 665 752 Lyncestes
679 667 838 752 fugarunt
887 670 929 735 Et
950 673 1066 740 multos
1080 676 1150 762 qui·
1165 665 1211 764 05¹¹
1224 655 1250 702 ⁹·

105 747 179 850 dem
195 747 432 849 interfecerunt,
445 751 554 823 ceteri
568 775 644 818 sero
658 755 692 820 in
707 753 845 822 editiora
858 755 929 824 loca
940 757 1150 848 diffugientes,
1174 731 1264 844 Spmp.

103 835 150 904 sbs
177 835 391 922 quiescebant,
423 847 453 904 et
481 837 522 904 ab
550 841 647 906 amnis
671 839 875 909 abstinebant.
921 841 1039 910 Postea
1063 870 1149 926 vcro,
1176 847 1208 894 U·
1225 845 1253 899 ⁰·

105 921 265 1011 Bresidus
285 933 315 988 ct
335 923 505 991 Perdiccas
530 939 636 994 erecto
661 937 786 1014 tropaeo
812 927 943 994 biduum
970 930 1150 1000 triduumve
1178 913 1252 965 vm.

105 1009 325 1088 substiterunt,
340 1009 542 1094 opperientes
558 1008 597 1079 lll
622 1011 695 1092 rios,
711 1015 778 1100 qui,
794 1036 813 1078 a
836 1013 991 1083 Perdicca
1006 1019 1151 1086 mercede
1185 975 1242 1038 Μ

104 1094 269 1174 conducti,
299 1095 431 1160 venturi
452 1113 554 1174 erant.
634 1097 728 1164 einde
750 1097 917 1166 Perdiccas
946 1105 1068 1188 quidem
1094 1105 1151 1170 ad-

102 1202 213 1246 sersus
226 1180 387 1248 nnhinei
401 1203 503 1270 pagos
517 1183 681 1276 progredi,
690 1207 794 1336 afflue
807 1185 970 1252 subsidere
979 1199 1152 1275 tempusque

102 1276 205 1334 serere
218 1265 354 1335 volebat.
400 1267 550 1335 Brasidaa
565 1291 642 1336 vcro
657 1269 698 1336 de
757 1272 838 1336 ende
853 1271 1006 1352 solicitus,
1019 1287 1088 1342 tum
1097 1298 1149 1356 ne,

103 1352 130 1417 si
144 1353 245 1440 prius,
261 1376 351 1439 quam
366 1357 432 1438 ipse
445 1378 481 1420 eo
490 1357 689 1437 peruenisset,
703 1355 910 1424 Athenienses
924 1358 1039 1426 infesta
1053 1361 1151 1429 classe

101 1439 179 1507 stlte
203 1440 412 1526 appulissent,
439 1440 577 1528 aliquam
603 1441 726 1516 cladem
757 1445 924 1530 acciperet,
956 1458 1023 1512 tum
1054 1449 1151 1526 etiam

101 1524 192 1611 quod
215 1526 319 1612 Illyrii
339 1548 406 1592 nou
428 1525 583 1608 adessent,
597 1547 663 1594 non
684 1531 730 1594 ad
747 1533 1020 1616 progrediendum,
1035 1533 1091 1599 sed
1110 1533 1152 1600 ad

101 1611 350 1698 regrediendum
364 1614 472 1697 potius
487 1626 555 1678 erat
570 1614 677 1680 annno
691 1629 832 1700 paratus.

149 1705 224 1766 les.
247 1697 374 1764 Interea
388 1721 474 1778 vero,
490 1699 569 1764 dum
585 1701 646 1785 ipsi
662 1701 745 1766 inter
761 1724 796 1769 se
810 1699 1050 1782 contenderent,
1067 1725 1151 1770 nun·

102 1781 223 1850 ciatum
248 1797 308 1864 est,
331 1783 468 1871 Illyrios,
489 1786 586 1850 etiam
613 1787 742 1871 prodito
770 1786 923 1856 Perdicca
941 1810 1015 1854 cum
1035 1790 1150 1855 Arrhi-

102 1869 177 1936 beo
190 1893 225 1936 ae
235 1872 445 1958 conjunxisse.
490 1871 612 1950 Quare,
629 1893 701 1938 cum
718 1873 846 1959 utrique
861 1886 993 1958 propter
1006 1875 1151 1959 ipsorum

101 1956 346 2108 ωειιιᾛιιοὰ
365 1970 469 2023 essent
489 1957 635 2027 homines
658 1957 809 2036 bellicosi,
827 1959 974 2024 recedere
988 1961 1056 2046 jam
1080 1959 1151 2045 pla-

100 2056 208 2108 oeret:
314 2057 446 2129 propter
468 2045 706 2113 contentionem
731 2043 813 2108 nihil
837 2045 917 2110 certi
940 2045 1151 2112 coustitutum

100 2141 192 2208 asset,
208 2129 337 2215 quaudo
356 2128 432 2198 iude
452 2128 682 2196 discedendum
703 2143 792 2208 esset,
808 2152 945 2217 cumque
966 2153 1032 2196 uox
1054 2132 1150 2198 inter·

100 2215 249 2292 venisset,
281 2214 477 2282 Macedones
506 2216 636 2316 quidem
667 2229 699 2282 et
724 2215 935 2284 barbarorum
965 2216 1149 2298 multitudo,

98 2302 209 2369 subito
224 2301 339 2368 timore
353 2302 490 2386 perculsi
506 2303 551 2387 (sd
572 2302 659 2390 quod
675 2303 801 2404 magnis
816 2303 1008 2372 exercitibus
1022 2304 1147 2370 contin·

98 2409 178 2474 gere
192 2388 368 2466 consuevit,
384 2389 439 2489 qui
452 2387 582 2454 incertis
604 2389 646 2457 de
660 2411 760 2454 causis
779 2411 860 2473 saepe
874 2389 988 2454 animis
1005 2405 1148 2456 conster-

99 2475 234 2554 nantur)
250 2488 283 2538 st
304 2473 646 2562 existimanteslonge
661 2474 767 2559 plures
787 2477 887 2540 hostes
908 2490 1021 2541 contra
1042 2499 1076 2540 se
1095 2499 1148 2542 ve·

99 2562 182 2638 nire,
197 2582 294 2646 quam
316 2583 425 2644 reapse
449 2559 629 2642 veniebant,
643 2582 681 2626 ac
701 2559 833 2646 jamjam
855 2558 978 2642 adfore,
993 2583 1026 2624 se
1047 2561 1081 2624 in
1097 2583 1148 2628 re·

97 2647 264 2730 pentinum
280 2645 390 2733 fugam
405 2645 610 2734 conjicientes
624 2645 756 2712 domum
779 2644 962 2712 tendebant.
1007 2645 1053 2711 Et
1068 2647 1147 2713 Per·

97 2731 236 2812 dicaam,
252 2731 426 2820 quisugam
441 2733 575 2818 ipsorum
589 2732 681 2798 initio
695 2754 761 2798 non
779 2745 929 2811 senserat,
945 2729 1000 2800 ubi
1011 2734 1147 2814 rescivit,

98 2831 274 2908 antequam
292 2818 460 2889 Brasidam
483 2815 613 2896 videret,
629 2829 661 2884 et
674 2841 737 2884 rem
752 2840 817 2884 arm
832 2820 900 2904 ipso
913 2821 1149 2888 communicaret

98 2905 197 2990 (alter
218 2905 303 2972 enim
325 2905 365 2970 ab
386 2903 487 2973 altero
508 2918 612 2982 castra
638 2903 730 2969 valde
753 2903 867 2990 procul
892 2904 1044 2982 habebat)
1060 2907 1149 2972 illinc

97 2992 191 3058 ocius
205 2991 294 3058 abire
308 2995 492 3078 notgerum.
538 2991 688 3056 Breaidas
703 3012 778 3054 vero
788 2989 882 3056 simul
896 3011 934 3058 ac
949 2990 1017 3056 dies
1032 2989 1147 3072 illuxit,

97 3099 175 3144 curu
189 3076 472 3158 animadvertisset,
485 3073 682 3152 Macedones
692 3076 759 3162 jam
772 3073 960 3158 discessisse,
974 3088 1007 3140 et
1023 3075 1148 3162 Illyrios

96 3185 138 3230 ao
154 3164 363 3230 Arrhibseum
386 3174 500 3228 contra
520 3185 554 3226 se
575 3175 735 3242 venturos,
750 3159 817 3246 ipse
836 3182 964 3248 quoque
1035 3160 1082 3225 vis
1096 3183 1149 3226 ar·

96 3264 237 3316 maturae
252 3249 406 3316 militibus
421 3252 453 3314 in
469 3271 584 3336 agmen
596 3248 787 3334 quadratum
802 3247 930 3324 coactis,
946 3258 979 3312 et
1006 3245 1070 3310 eris
1095 3269 1146 3314 sr-

95 3349 236 3402 maturse
250 3335 405 3404 militibus
419 3334 451 3399 in
468 3333 607 3401 medium
623 3355 731 3418 agmen
741 3353 812 3398 rece
837 3333 886 3410 tis,
900 3334 989 3396 illine
999 3331 1147 3398 recedere

96 3423 272 3508 cogitabat.
316 3421 465 3494 Juniores
480 3433 585 3492 autam
611 3417 769 3504 disposuit
853 3417 1058 3484 excursiones
1073 3416 1149 3486 seci-

96 3509 210 3588 endas,
227 3509 316 3596 siqua
332 3505 438 3578 'hostes
459 3506 544 3592 ipsos
567 3505 763 3572 invaderent.
809 3504 883 3590 lpse
905 3525 980 3569 vero
998 3526 1071 3570 cum
1088 3503 1144 3578 de·

95 3595 183 3662 lecta
204 3607 419 3662 trecentorum
443 3615 540 3658 manu
562 3591 594 3657 in
618 3591 724 3659 auimo
746 3589 895 3670 habebat,
918 3604 1096 3676 postremus
1117 3601 1148 3656 et

96 3685 135 3748 in
155 3684 319 3748 nouissimo
337 3683 461 3767 agmine
481 3680 652 3755 subsistens,
668 3677 780 3763 primis
801 3677 978 3764 quibusque
1001 3677 1147 3750 sdversa-

96 3771 221 3836 riorum
238 3769 477 3853 impressionem
495 3769 529 3832 ia
543 3787 611 3830 suos
624 3763 754 3829 facturis
769 3765 923 3841 resistere,
939 3786 1058 3850 eosque
1073 3785 1147 3848 pro-

96 3854 260 3942 pulsando
293 3877 326 3918 se
355 3853 548 3918 subducere:
574 3864 605 3914 et
633 3863 802 3936 antequam
831 3849 938 3914 hostes
973 3851 1146 3936 appropin-

96 3951 247 4032 quarent,
270 3961 332 4025 pro
360 3939 522 4017 facultate,
546 3959 640 4023 quam
657 3936 717 4020 ipsi
739 3936 891 4020 temporis
909 3937 1063 4022 angustias
1088 3934 1145 3999 da·

95 4030 190 4106 bant,
206 4049 279 4092 suos
293 4025 408 4092 milites
423 4027 468 4092 ad
484 4023 688 4108 rmnsortiter
705 4025 873 4108 gerendam
888 4019 1073 4086 adhortatus
1086 4033 1145 4100 est,

133 4139 184 4180 ar
204 4138 221 4180 r
244 4135 289 4180 rs:

94 4117 132 4184 hs
146 4112 269 4268 ltili.b“
285 4197 356 4269 Nisi
378 4221 439 4286 ego
468 4194 657 4282 suspicarer,
684 4195 742 4258 viri
768 4191 1002 4279 Peloponnesii,
1026 4179 1146 4256 terrore

95 4313 158 4361 vos
180 4309 250 4358 ease
275 4284 448 4371 perculsos,
471 4297 537 4353 tum
561 4279 656 4431 quod2
673 4279 817 4347 derelicti
839 4280 1030 4356 adunatum
1051 4277 1144 4343 etism

599 4387 621 4430 r
