3004 4768
351 256 417 320 450
723 243 1026 314 THUCYDIDIS

256 423 318 474 Ml·
350 419 505 486 tendisne
519 415 729 500 recipiendis3
752 416 807 482 sed
822 417 863 482 de
878 429 975 482 noctu
991 417 1138 504 protinus
1153 416 1304 482 abeundo
1319 438 1396 482 can·

245 488 329 600 &⁰1⁹5
352 504 521 573 saltabant.
564 502 798 569 Demosthenes
813 516 929 584 autem,
946 526 1018 568 cum
1035 503 1162 568 Niciam
1177 503 1306 582 adisset,
1323 525 1397 566 oen·

238 567 340 678 diymp
353 591 442 658 sebnt
456 589 593 676 reliquas
608 610 702 654 nares
717 590 832 654 iterum
848 589 1059 666 instruendas,
1075 603 1107 654 et
1121 589 1181 654 sub
1191 611 1355 666 auroram,
1374 590 1397 650 si

250 681 289 729 ⁹¹·
302 679 327 727 ⁴·
353 689 494 764 possent,
522 675 722 760 eruptionem
754 675 949 758 tentandam.
1001 675 1140 740 Dicebat
1165 675 1264 752 enim,
1291 675 1399 760 plures

254 743 324 858 ἓξ·
354 761 459 829 adhuc
474 783 570 828 naves
585 761 626 826 ad
641 761 875 846 navigationem
893 762 1023 826 idoneas
1038 761 1098 826 sibi
1112 783 1287 845 superesse,
1299 784 1398 846 quarn

261 841 325 922 341]
353 849 508 914 hostibus.
553 846 801 914 Atheniensibus
827 847 923 924 enim,
950 868 1044 911 naves
1074 847 1201 912 circiter
1226 849 1399 934 sexaginta

353 946 558 1020 supererant3
580 932 725 998 hostibus
742 954 827 1012 vero,
849 933 1015 1018 pauciores
1030 955 1126 1021 quarn
1152 933 1253 1020 quinq
1321 936 1398 998 inta.

355 1021 438 1086 Cum
453 1033 559 1086 autem
573 1019 682 1086 Nicias
697 1019 725 1084 ei
742 1019 957 1101 assentiretur,
972 1032 1004 1084 ct
1018 1007 1257 1104 navesimplere
1270 1042 1307 1082 ve
1322 1019 1398 1098 lent,

355 1120 462 1175 nuutae
487 1105 557 1172 illas
586 1105 799 1172 conscendere
828 1104 989 1186 nolebant,
1011 1103 1097 1189 quod
1110 1099 1259 1169 'adverso
1283 1105 1400 1190 proetio

354 1193 514 1278 perterriti
528 1204 643 1268 essent,
659 1213 717 1256 nec
732 1192 866 1276 amplius
881 1213 914 1256 se
929 1193 1106 1276 superiores
1128 1189 1197 1254 fore
1219 1205 1398 1276 sperarent.

356 1281 466 1364 Atque
480 1278 513 1342 hi
528 1278 657 1363 quidem
672 1277 881 1362 universijsm
897 1275 1009 1342 itinere
1024 1276 1164 1342 terrestri
1179 1300 1213 1341 se
1225 1280 1337 1362 aliquan
1353 1300 1400 1341 re·

355 1365 461 1450 cipere
473 1365 505 1427 in
521 1363 630 1428 animo
644 1361 817 1428 hebebant.

399 1455 453 1520 73.
477 1448 541 1514 Sed
556 1447 784 1514 Hermocrates
802 1451 1028 1536 Syracusanus,
1044 1450 1231 1533 suspicatus,
1252 1450 1334 1536 quid
1357 1449 1401 1513 iili

355 1536 390 1600 in
412 1535 519 1600 urimo
544 1534 708 1613 baberent,
723 1548 755 1600 et
779 1549 877 1611 ratus,
893 1549 1033 1600 atrocem
1057 1557 1124 1600 rem
1147 1533 1225 1612 fore,
1244 1539 1272 1599 si
1295 1549 1403 1600 rantra

355 1621 514 1686 exercitus
529 1621 642 1685 itinere
663 1621 806 1686 terrestri
826 1643 892 1686 sese
912 1624 1001 1685 illinc
1016 1621 1180 1706 reciperet,
1196 1637 1229 1686 et
1246 1621 1277 1685 in
1295 1621 1403 1707 aliqua

358 1705 475 1774 Siciliae
498 1721 589 1790 parte
614 1705 800 1783 subsideret,
816 1706 903 1772 unde
926 1729 1034 1772 rursus
1057 1707 1176 1772 balium
1203 1705 1267 1772 sibi
1298 1707 1403 1773 facere

355 1792 460 1872 uellet,
474 1791 683 1880 Magistratus
698 1791 776 1869 adit,
795 1815 914 1878 eosque
929 1807 1048 1871 monet,
1065 1791 1209 1858 hostibus
1224 1815 1286 1878 per
1302 1797 1402 1882 negti·

355 1877 495 1966 gentiam
507 1880 638 1944 minime
648 1877 896 1963 permittendum
905 1901 982 1957 esse,
990 1891 1025 1944 ut
1036 1892 1133 1944 noctu
1141 1879 1279 1958 abirent,
1292 1880 1403 1966 (simui

355 1977 461 2030 autem
486 1978 519 2030 et
539 1963 619 2042 haec,
636 1979 668 2030 et
683 1964 755 2042 alia,
772 1987 845 2051 quae
866 1965 928 2049 ipsi
949 1965 1150 2042 videbantur,
1167 1965 1331 2048 dicebat;)
1348 1965 1402 2031 sed

355 2051 504 2116 omnibus
520 2051 730 2136 Syracusanis
750 2051 906 2136 sociisque
922 2051 990 2136 jam
1004 2051 1198 2132 excundum,
1213 2065 1247 2116 et
1261 2053 1331 2118 vias
1345 2053 1404 2117 ob-

355 2135 534 2213 struendas,
551 2135 741 2202 etlocorum
756 2137 918 2238 angustias
933 2138 1202 2224 praeoccupandas
1216 2151 1319 2223 atque
1332 2161 1404 2203 cus-

356 2221 532 2286 todiendas.
578 2222 630 2287 llii
653 2245 727 2286 vero
753 2236 784 2288 et
806 2223 866 2306 rpsi
887 2244 952 2286 non
975 2223 1090 2301 minus,
1114 2246 1209 2310 quam
1233 2224 1300 2301 itte,
1317 2225 1404 2289 idem

355 2306 543 2384 sentiebant,
556 2320 588 2372 et
601 2309 665 2372 Itaec
676 2307 819 2374 facienda
833 2308 1018 2374 censebant:
1044 2309 1099 2374 sed
1111 2311 1279 2387 addebant,
1292 2334 1327 2374 sc
1339 2334 1405 2376 non

355 2405 481 2476 putare,
497 2391 641 2458 homiues
659 2392 760 2471 laetos,
776 2408 809 2460 et
825 2417 863 2458 ex
880 2395 995 2472 navali,
1011 2417 1112 2481 eoque
1138 2417 1258 2480 magno
1283 2397 1405 2482 proelio

356 2499 466 2546 recens
482 2501 622 2546 reversos
643 2493 677 2544 et
698 2480 904 2566 quiescentes,
920 2493 1076 2564 praeterea
1099 2481 1187 2567 quod
1211 2481 1282 2546 dies
1305 2481 1405 2548 festus

356 2579 448 2644 esset,
462 2564 557 2650 (forte
571 2565 657 2630 enim
674 2575 751 2630 tunc
765 2566 851 2651 apud
866 2566 953 2652 ipsos
967 2566 1035 2630 dies
1049 2565 1147 2632 festus
1157 2567 1311 2634 Herculis
1322 2571 1405 2651 erat)

356 2649 511 2734 imperata
522 2649 613 2716 facile
623 2654 770 2717 tacturos.
806 2652 890 2716 Nam
902 2673 971 2738 prae
982 2653 1104 2740 ingenti
1116 2654 1260 2718 victoriae
1271 2655 1407 2742 gaudio,

356 2734 526 2822 plerosque
541 2755 598 2822 per
612 2759 685 2802 eum
700 2737 784 2802 diem
800 2735 912 2804 festum
925 2761 991 2803 sese
1005 2738 1046 2807 ad
1059 2739 1256 2822 potationem
1271 2763 1407 2806 convcr-

357 2842 459 2900 suros,
474 2835 507 2886 et
521 2844 554 2886 se
568 2823 759 2902 existimare,
776 2823 847 2888 illos
869 2824 929 2888 sibi
950 2825 983 2888 in
1007 2825 1202 2911 quibuslibet
1222 2830 1303 2894 aliis
1318 2829 1405 2893 rehtu

357 2906 632 2992 obtemperaturos
658 2911 892 2996 potiusquam
915 2912 949 2974 in
971 2912 1141 2996 presentis
1165 2914 1281 2978 sumtis
1309 2915 1405 2980 armis
1487 2919 1488 2940 ³

356 2993 509 3062 exituros.
555 2994 619 3060 Sed
641 3015 713 3062 cum
731 2995 974 3084 Magistratibus
994 2995 1065 3062 haec
1084 3000 1310 3084 reputantibus
1324 3001 1405 3066 diffi-

356 3079 429 3145 cilis
441 3081 529 3146 factu
551 3103 619 3148 esse
635 3082 825 3161 viderentur,
840 3096 873 3149 et
893 3081 1124 3150 Hermocraten
1145 3087 1210 3150 lraec
1231 3087 1313 3172 ipsis
1336 3110 1404 3173 per-

355 3165 489 3232 suadere
504 3187 569 3233 non
585 3181 701 3252 posset,
716 3181 828 3255 postes
852 3169 919 3254 ipse
944 3169 1015 3236 baec
1038 3184 1239 3237 commentus
1262 3187 1331 3250 est;
1353 3196 1402 3238 ve·
1487 3187 1488 3198 ¹

355 3251 449 3329 ritus,
464 3275 506 3318 ne
520 3252 740 3332 Athenienses,
757 3257 883 3322 nemine
897 3255 1097 3342 prohibente,
1110 3257 1303 3324 difficillima
1317 3283 1402 3347 qute-

355 3360 418 3426 que
432 3338 502 3403 ioca
516 3352 613 3404 noctu
634 3341 723 3425 prius
744 3343 925 3420 transirent,
941 3345 1111 3408 nonnullos
1126 3367 1144 3408 e
1158 3344 1224 3409 suis
1240 3346 1403 3412 sodalibus
1486 3337 1488 3402 i

355 3444 428 3490 cum
438 3425 607 3512 equitibus,
618 3445 715 3513 quum
727 3429 794 3514 jam
808 3428 1090 3514 advesperasceret,
1103 3429 1143 3494 ad
1154 3430 1399 3498 Atheniensium
1487 3475 1488 3480 κ

354 3523 459 3583 castra
475 3511 582 3576 mittit.
628 3511 695 3590 Qui
721 3537 756 3580 eo
779 3537 872 3600 usque
891 3516 1043 3599 provecti,
1061 3517 1146 3581 uude
1167 3517 1240 3604 quis
1256 3519 1399 3585 exaudiri
1486 3525 1488 3604 t

354 3611 472 3680 posset,
493 3609 525 3661 et
546 3597 736 3684 quibusdam
760 3602 910 3679 evocatis,
926 3603 1015 3688 qussi
1031 3603 1278 3669 Atheniensium
1304 3619 1402 3672 essent
1487 3657 1488 3660 ,

354 3681 459 3758 amici,
483 3687 588 3766 (erant
611 3685 696 3750 enirn
720 3687 866 3752 nonnulii
897 3689 1096 3766 internuntii,
1121 3691 1178 3776 qui
1205 3690 1340 3758 Niciam
1364 3691 1400 3756 de
1486 3675 1488 3762 i

354 3765 450 3832 rebus
476 3769 604 3834 urbanis
630 3773 797 3837 certiorem
818 3773 990 3857 faciebant)
1011 3775 1220 3861 imperarunt,
1246 3791 1284 3843 ut
1299 3779 1396 3844 Niciae
1486 3773 1488 3786 ⁴

354 3851 581 3941 significarent,
592 3877 633 3920 ne
641 3880 679 3924 ca
691 3875 785 3925 nocte
795 3861 903 3946 copias
912 3861 1095 3940 abduceret,
1108 3861 1196 3949 quod
1206 3863 1398 3950 Syracusani

354 3938 420 4004 vias
441 3939 644 4021 obsedissent,
661 3945 713 4009 sed
737 3947 890 4030 postridie
911 3948 1011 4033 copiis
1031 3969 1088 4033 per
1110 3949 1211 4014 otium
1234 3951 1395 4017 instructis
1487 4029 1488 4032 Ἴ

353 4024 464 4092 abiret.
511 4027 618 4114 Atque
643 4030 690 4094 itti
717 4033 856 4117 quidem,
880 4056 953 4098 cum
974 4037 1038 4098 hoec
1063 4033 1234 4113 dixissent,
1252 4038 1394 4103 disceres

353 4125 445 4260 rupit:
467 4109 592 4262 hitvero
606 4115 741 4182 ducibus
760 4119 1001 4188 Atheniensium
1019 4120 1249 4187 renuntiarunt
1265 4146 1313 4202 ea,
1329 4145 1394 4211 qne

354 4217 394 4260 au
419 4219 531 4264 reran.
1251 4231 1255 4238 ·
