2994 4788
406 291 654 384 uterorum
678 293 766 380 nm.
790 312 852 382 111.
1084 321 1146 386 eor

104 483 285 576 lopounesii
307 511 408 556 cornu
431 489 608 576 superiores
629 501 742 568 essent,
757 501 790 553 et
804 486 957 554 dextrum
973 485 1149 555 adverseri-
1181 491 1245 560 Μ’

105 599 198 642 orum
226 575 500 653 circumvenirent,
521 578 717 653 Acarnanes,
755 575 788 640 ui
808 575 840 638 in
859 573 979 640 insidiis
1001 575 1149 644 collocati
1172 573 1212 624 Ν

105 663 242 742 literant,
258 663 329 727 illos
348 686 368 728 a
388 675 480 752 tergo
503 661 706 742 adoriuntur,
727 597 872 748 deraque
894 662 1099 747 impressione
1115 666 1147 729 in
1162 653 1260 768 0⁸12}ss

104 750 212 838 frugem
229 763 366 828 vertum,
378 749 425 815 ita
439 761 475 814 ut
489 771 529 812 ne
543 749 683 832 primurn
696 746 824 835 quidem
837 749 979 834 ipsorum
993 750 1147 836 impetum
1175 769 1215 818 ss,
1226 767 1253 818 8.

105 835 329 903 sustinuerint:
367 835 422 901 sed
451 835 553 900 territi
582 835 735 921 majorem
765 837 927 900 exereitus
960 851 1083 922 partem
1114 838 1146 901 ln
1172 834 1250 944 3⁰·

104 923 213 1011 fugem
238 922 440 1010 conjecerint.
488 919 660 1007 Postquam
686 923 770 986 eninr
795 942 906 999 cornu,
932 926 984 988 cui
1010 937 1150 1009 praeerat
1184 911 1245 1012 ᾗ·

104 1009 320 1095 Eurylochus,
332 1007 416 1096 quod
429 1021 497 1073 etat
511 1007 736 1085 firmissimum,
749 1008 789 1071 eh
799 1009 883 1072 hoste
893 1009 974 1074 coedi
989 1011 1147 1090 viderunt,

103 1097 209 1161 multo
234 1097 335 1184 magis
361 1107 502 1161 metuere
530 1107 704 1179 coeperunt.
752 1091 795 1158 Et
816 1093 979 1176 Messenii,
995 1099 1049 1182 qul
1074 1117 1148 1162 curn

103 1182 327 1248 Demosthene
352 1183 393 1247 eb
416 1205 453 1247 ea
474 1183 618 1266 partein
639 1182 707 1246 acie
728 1180 865 1258 stabant,
882 1201 949 1245 retu
974 1203 1090 1270 magne
1105 1205 1148 1248 ex

104 1283 197 1356 perte
208 1267 424 1334 confecerunt.
462 1267 508 1332 At
517 1265 746 1344 Ambraciota,
760 1279 792 1332 et
806 1267 861 1354 qul
877 1268 910 1332 in
926 1269 1036 1334 dextro
1048 1289 1149 1335 cornu

104 1357 255 1421 collocati
275 1367 376 1432 eraut,
393 1353 540 1419 hostilem
561 1354 660 1418 eciem
676 1353 736 1418 sibi
752 1377 772 1418 o
795 1355 929 1439 positam
947 1358 1100 1432 vicerunt,
1117 1371 1150 1420 et

104 1441 146 1507 ad
164 1444 271 1532 Argos
296 1463 394 1528 usque
419 1452 494 1505 sunt
518 1440 713 1528 persequuti.
791 1440 888 1505 tenim
914 1441 1070 1518 omnium,
1093 1443 1149 1529 qul

105 1529 229 1594 circum
247 1529 300 1594 illa
313 1527 385 1592 loca
398 1526 555 1606 habitant,
571 1539 646 1592 suut
659 1527 899 1614 pugnacissimi.
947 1527 1010 1592 sed
1027 1549 1099 1592 cum
1115 1551 1150 1594 sc

104 1619 296 1702 reciperent,
319 1625 489 1716 postquam
515 1615 667 1700 majorem
691 1635 820 1677 suarum
844 1614 1008 1764 copiarum
1024 1629 1148 1701 partem
1252 1679 1256 1686 ,

103 1701 391 1779 victamvideruut‚
408 1700 668 1786 tmpetumquein
685 1721 739 1764 eos
750 1700 857 1764 caeteri
905 1701 1150 1767 carneuesl'ece·

104 1797 193 1866 runt,
210 1788 250 1854 ad
266 1787 368 1872 Olpas
386 1809 473 1876 segre
492 1784 719 1874 confugerunt.
764 1787 809 1852 Et
831 1786 923 1852 multi
944 1808 1055 1852 eorum
1079 1789 1149 1854 obi-

104 1887 215 1956 erunt,
238 1873 316 1940 dum
339 1875 374 1938 in
390 1875 490 1958 Olpas
512 1871 704 1958 perturbetis
729 1873 905 1948 ordinibus,
930 1887 963 1937 et
992 1875 1079 1938 nulle
1102 1877 1148 1938 rei

105 1961 253 2026 militaris
275 1959 443 2046 discipline
473 1973 595 2024 servata
616 1959 783 2038 irruerent,
810 1971 929 2045 proeter
951 1958 1146 2025 Mantineos.

104 2047 158 2112 isti
174 2048 259 2112 enim
275 2047 373 2113 totius
388 2047 542 2112 exercitus
558 2045 696 2110 maxime
717 2045 884 2132 compositi
900 2065 933 2108 se
948 2059 1146 2132 receperunt.

104 2154 289 2224 pugnaeque
302 2133 375 2198 finis
388 2135 448 2198 sub
462 2151 628 2218 vesperum
644 2142 691 2196 est
704 2130 815 2197 frctus.

153 2231 226 2288 109.
252 2219 411 2286 Postridie
432 2241 509 2284 vero
525 2218 724 2296 Meuedaeus‚
741 2218 893 2290 defuneto
904 2217 1099 2308 Eurylocho,
1117 2235 1149 2286 et

106 2307 288 2384 Macerio,i
313 2329 346 2371 se
357 2307 525 2394 imperium
539 2306 681 2389 adeptus,
696 2319 727 2370 et
736 2306 779 2370 ob
790 2305 822 2370 in
846 2321 950 2372 entem
962 2307 1084 2372 cladem
1096 2329 1148 2372 ac·

106 2407 233 2480 ceptam
244 2329 405 2470 dubitans,
417 2413 556 2478 quonam
568 2392 665 2457 modo
677 2405 731 2457 aut
742 2393 809 2457 obsi
835 2395 938 2459 ionem
951 2393 1113 2480 perferret,
1124 2397 1149 2459 si

106 2493 261 2558 maneret,
276 2479 362 2568 quod
377 2493 473 2555 terra,
488 2479 632 2564 marique
646 2482 775 2544 navium
796 2481 972 2545 Atticarum
996 2482 1151 2566 praesidiis

106 2579 190 2633 esset
204 2568 442 2652 circumseptus,
456 2577 513 2630 aut
534 2565 629 2629 etiam
652 2565 808 2643 erederet,
825 2567 849 2630 si
864 2567 1063 2650 eruptionem
1080 2579 1150 2632 ten-

106 2668 215 2731 resset,
228 2652 441 2718 Demostheni
452 2663 485 2716 et
499 2655 702 2718 Acarnanum
716 2652 852 2717 ducibus
861 2673 1037 2718 sermonem
1054 2652 1151 2720 inlert

107 2743 148 2806 de
163 2739 293 2817 loedere,
307 2751 338 2804 et
349 2739 389 2803 de
397 2737 535 2804 discessu
545 2759 613 2813 suo,
625 2751 656 2802 et
667 2737 707 2804 de
717 2736 906 2824 'recipiendis
917 2740 981 2804 suis
996 2739 1151 2806 militibus

108 2827 143 2892 iu
154 2829 225 2892 acie
238 2825 338 2891 caesis.
385 2822 437 2889 llli
451 2834 531 2889 vero
541 2824 656 2888 milites
671 2826 799 2912 quidem
816 2837 915 2891 coeso'a
929 2826 1150 2907 reddiderunt,

107 2914 237 3000 ipsique
250 2927 406 2999 tropaeum
422 2923 610 2988 statuerunt,
623 2925 655 2976 et
668 2933 742 2976 suos
753 2912 853 2978 ferme
864 2913 906 2978 ad
918 2928 1083 2992 trecentos,
1096 2915 1152 3002 qui

107 3002 142 3064 ln
159 2999 276 3086 proelio
296 2998 486 3074 ceciderant,
503 3011 719 3084 susceperuut.
763 2998 914 3063 Abeundi
930 3022 1005 3064 vero
1019 2999 1152 3065 faculta-

109 3099 174 3152 tem
188 3106 253 3150 uon
263 3085 368 3172 palam
381 3083 530 3149 omnibus
540 3082 623 3149 lacto
638 3082 760 3149 toedere
774 3085 947 3151 dederunt:
964 3085 1019 3150 aed
1031 3085 1153 3152 Demo·

109 3171 240 3238 sthenes
263 3193 337 3244 cum
361 3170 582 3236 Acarnanibus
603 3171 807 3255 praetoribus,
827 3173 890 3236 suis
914 3163 1052 3260 collegis,
1071 3172 1153 3236 clam

109 3257 233 3324 l'oedere
245 3255 330 3323 lacto
344 3279 417 3322 cunt
434 3255 706 3338 Mantinensibus‚
721 3271 752 3321 et
767 3257 950 3335 Menelaeo,
966 3272 998 3322 et
1013 3258 1081 3322 aliis
1094 3255 1154 3322 Pe·

110 3345 374 3432 loponuesiorum
390 3343 536 3421 ducibus,
549 3351 591 3409 ‘et
613 3343 730 3444 quicuu
758 3367 796 3408 ue
809 3343 895 3409 iuter
908 3343 979 3408 illos
999 3343 1155 3432 dignitate

110 3433 255 3497 maxime
268 3430 472 3518 prestabant,
483 3451 718 3515 quamprimum
730 3453 748 3494 a
790 3429 869 3494 uudi
881 3443 1067 3514 potestatem
1080 3430 1156 3514 ipsis

112 3518 207 3595 lecitt
241 3541 280 3584 eo
306 3517 449 3595 consilio,
477 3532 512 3582 ut
538 3516 772 3594 Ambraciotas,
802 3516 993 3604 turbamque
1017 3515 1156 3582 militum

112 3603 265 3675 mercede
285 3604 527 3680 conductorum,
545 3604 692 3680 nudaret3
716 3603 878 3689 praecipue
891 3625 978 3682 vero,
991 3603 1078 3692 quod
1096 3605 1157 3668 Le-

112 3692 330 3758 'eedeeutonios
350 3703 383 3756 et
401 3691 647 3776 Peloponnesios
663 3690 747 3776 apud
764 3688 848 3754 illius
863 3691 1001 3780 regionis
1022 3691 1158 3756 Graecos

113 3781 147 3843 in
163 3778 319 3845 invidiam
337 3779 451 3864 rapere
461 3791 602 3863 cuperet,
625 3778 710 3863 quod
734 3776 804 3843 illos
827 3775 910 3842 loede
930 3777 1159 3863 prodidissent,

114 3887 249 3951 suaeque
271 3864 405 3949 privatae
426 3865 541 3950 potius,
569 3885 664 3951 quem
692 3866 853 3928 communi
879 3866 1038 3928 sociorum
1065 3862 1159 3927 saluti

40 3979 46 3986 ·
114 3951 358 4018 consuluissent
404 3953 512 4038 Atque
526 3949 558 4013 hi
575 3950 701 4036 quidem
718 3972 847 4015 suorum
863 3952 1017 4016 cadavere
1033 3971 1160 4034 recepe·

116 4051 205 4118 runt,
221 4051 255 4103 et
268 4059 330 4124 pro
345 4037 493 4120 praesentl
517 4059 622 4100 rerum
645 4037 738 4120 copia
759 4035 974 4102 festinabundi
996 4061 1033 4102 ea
1048 4035 1160 4122 sepeli-

116 4141 224 4192 erunt.
273 4125 315 4190 Et
337 4124 394 4199 illi,
410 4123 525 4212 quibus
547 4123 685 4188 abeundi
706 4123 837 4190 facultas
852 4123 934 4188 clem
954 4123 1029 4188 data
1044 4124 1158 4195 fuerat,

115 4218 196 4279 elam
211 4211 301 4278 abire
313 4211 544 4281 deliberabant.

165 4309 238 4366 110.
262 4299 473 4366 Demostheni
488 4311 594 4366 autem
611 4307 642 4362 ct
655 4297 875 4363 Acarnanibus
891 4297 1068 4373 nuntietur,
1081 4299 1159 4361 Am·
