2994 4788
338 301 403 363 242
705 290 1009 360 THUCYDIDIS

241 479 303 535 &lt
338 485 435 532 noanr
450 463 690 552 Megarensium
705 465 842 530 insulam
855 463 989 550 profecti
1006 485 1079 530 cum
1094 461 1251 531 sexcentis
1271 463 1378 551 gravis

233 546 315 667 ξπ
336 567 510 618 armaturae
529 551 691 629 militibus,
707 551 822 638 quibus
838 551 1056 636 Hippocrates
1077 562 1223 636 praeerat,
1238 550 1279 617 in.
1293 549 1379 616 fossa

224 641 323 736 ory'mp.
339 639 648 726 comederuntque
669 660 735 703 non
759 637 894 704 multum
916 636 1005 702 illinc
1026 635 1179 713 distabat;
1200 635 1288 702 unde
1306 637 1378 701 Me·

232 739 271 788 eu.
290 738 314 789 1.
334 747 480 811 gerenses
497 724 609 790 lateres
623 723 664 790 ad
686 746 795 790 muros
809 722 1019 790 exstruendus
1034 723 1211 788 sumebant.
1258 722 1378 788 Platae·

234 803 308 914 3·st
338 833 428 878 enses
449 833 525 876 reto
551 811 660 876 leviter
685 813 807 889 armati,
831 810 948 898 aliique
972 811 1200 887 circumitores,
1222 810 1277 896 qui
1303 831 1376 874 cum

244 882 308 982 ἅ
337 897 555 964 Demosthene
579 896 680 964 altero
704 897 787 962 duce
808 908 900 966 erant
922 895 964 961 ad
985 895 1101 962 Martis
1122 897 1275 998 templum,
1291 895 1378 996 quod

336 985 442 1050 minus
455 997 613 1050 remotum
629 996 696 1050 erat
716 983 755 1047 ab
774 985 857 1062 urbe,
874 1005 964 1068 quam
986 986 1087 1048 insuda
1105 984 1229 1058 Minoa,
1246 1004 1280 1046 ιιι
1303 1004 1377 1046 rnn-

336 1069 398 1136 diis
423 1072 644 1137 consederunt.
690 1070 734 1136 Et
757 1068 863 1136 nullus
885 1071 1127 1154 Megarensim
1154 1081 1274 1153 praeter
1296 1068 1375 1145 illos,

335 1156 452 1244 quihus
477 1179 540 1222 rem
566 1158 645 1222 scire
670 1178 757 1221 curae
782 1169 860 1235 erat,
883 1155 967 1220 hanc
994 1167 1118 1220 noctem
1145 1167 1288 1219 noverat.
1335 1154 1376 1219 Et

336 1265 411 1308 cum
425 1243 862 1330 crepusculummatutinum
879 1241 1074 1319 adventaret,
1089 1242 1141 1306 isti
1158 1239 1374 1326 Megarenses,

335 1331 391 1416 qui
408 1331 621 1416 proditionem
647 1328 866 1406 moliebantur,
881 1327 1064 1416 hujusmodi
1085 1326 1229 1393 fraudem
1247 1327 1375 1414 excogi-

335 1428 453 1482 tarunt.
500 1411 714 1502 Navigiolur'n,
729 1415 816 1501 quod
834 1415 983 1501 utrinque
998 1413 1082 1478 binis
1096 1415 1191 1479 remis
1210 1414 1372 1500 agebatur,

335 1502 434 1603 veluti
456 1501 605 1601 latrones,
621 1505 709 1586 (cum
726 1502 794 1586 jam
816 1499 941 1602 pridem
961 1523 982 1565 a
994 1521 1048 1566 suo
1064 1498 1271 1588 Magistratu,
1287 1501 1375 1600 cujus

334 1586 1255 1759 tt‘tt'ttl.tttlttttssttsttlffirllttt
1271 1608 1373 1743 tlt

334 1771 471 1859 portare,
494 1772 526 1825 et
548 1759 715 1846 enavigare
737 1773 975 1826 consueverant.
1021 1759 1064 1824 Et
1091 1769 1167 1824 ante
1188 1780 1285 1844 quam
1308 1759 1373 1824 dies

334 1845 542 1923 illucesceret,
564 1845 647 1911 idem
676 1845 819 1931 plaustro
842 1857 966 1912 rectum
991 1845 1025 1910 in
1048 1845 1160 1910 urbem
1186 1867 1242 1929 per
1266 1857 1373 1931 portae

334 1951 443 1996 rursus
468 1930 694 2016 importabant,
715 1938 770 1997 but
793 1931 1038 1998 Atheniensium
1064 1931 1263 2017 praesidium,
1288 1933 1372 2017 quod
1495 2007 1496 2010 Ἴ

334 2017 451 2082 eratin
467 2016 592 2096 Minoa,
608 2018 666 2083 sibi
686 2017 791 2083 minus
810 2032 944 2096 caveret,
960 2017 1048 2104 quod
1074 2017 1199 2082 nullum
1221 2017 1255 2080 in
1278 2030 1372 2102 portu

332 2103 496 2191 navigium
507 2125 637 2190 prorsus
648 2116 826 2210 appareret.
848 2105 941 2170 Tunc
951 2103 1131 2190 autem-hoc
1142 2102 1319 2189 plaustrum
1331 2103 1372 2168 ad

332 2203 441 2276 portas
450 2192 516 2276 jam
532 2204 611 2255 erat.
650 2190 694 2254 ht
707 2211 780 2256 curn
796 2191 848 2254 hae
863 2211 905 2256 ex
919 2211 1009 2255 more
1023 2188 1184 2278 navigiolo
1196 2190 1373 2272 recipiendo

332 2287 453 2358 aperte
482 2276 623 2352 fuissent,
650 2275 725 2358 (hoc
754 2276 839 2342 enim
865 2297 906 2341 ex
931 2277 1108 2361 composito
1133 2275 1245 2350 fiebat)
1269 2275 1372 2341 Athe·

332 2361 467 2442 aienses,
482 2358 544 2426 hoc
559 2361 787 2440 animadverso,
803 2384 845 2426 ex
865 2360 989 2427 insidiis
1008 2383 1104 2429 cursu
1127 2361 1372 2440 contenderunt,

354 2447 418 2514 uod
433 2469 469 2513 eo
487 2447 575 2513 ocius
594 2447 762 2534 pervenire
782 2447 908 2527 vellent,
923 2461 998 2514 ante
1017 2471 1113 2534 qnam
1135 2461 1240 2535 portae
1261 2470 1373 2520 rursus

331 2469 566 2614 blanderemur,
589 2548 621 2600 et
646 2533 750 2599 donec
774 2535 877 2620 ipsum
908 2535 1082 2620 plaustrum
1108 2535 1142 2600 in
1168 2535 1245 2620 ipsis
1265 2535 1373 2600 adhue

330 2633 472 2698 arsetes
492 2621 672 2706 impediret,
696 2643 736 2686 ne
757 2621 996 2698 clauderentur3
1020 2635 1052 2686 et
1075 2622 1290 2723 Megarenses,
1315 2622 1372 2708 qui

331 2706 475 2792 ipsorum
500 2707 645 2792 partibus
673 2706 830 2787 favebant,
855 2729 920 2772 una
945 2729 1017 2774 cum
1044 2708 1120 2793 ipsis
1144 2707 1373 2773 interfecerunt

330 2791 488 2868 ctutodea,
502 2793 558 2878 qui
580 2792 621 2857 ad
643 2807 752 2878 portas
773 2805 874 2858 erant.
920 2793 963 2859 Et
985 2795 1126 2879 primum
1148 2792 1279 2881 quidem
1297 2793 1373 2858 Pla·

330 2891 471 2954 taeenses,
488 2889 520 2941 et
538 2878 742 2957 Circuitcres,
780 2880 813 2944 ui
835 2880 919 2944 circa
937 2879 1185 2946 Demosthenem
1208 2893 1311 2956 erant,
1328 2880 1374 2944 ir-

329 2975 488 3046 ruperunt
503 2967 537 3028 in
547 2987 611 3029 eum
626 2967 731 3044 Meum,
745 2902 800 3030 tibi
811 2977 969 3051 tropaeum
984 2987 1072 3032 nunc
1081 2979 1201 3032 exstat:
1217 2979 1249 3031 et
1262 2967 1372 3032 statim

329 3047 415 3116 intra
435 3061 544 3134 portas
566 3051 805 3138 (Peloponnesii
827 3053 923 3129 enim,
939 3053 992 3138 qui
1018 3053 1163 3137 proxime
1184 3064 1286 3130 erant,
1302 3074 1374 3118 rern

328 3137 508 3218 senserunt)
533 3136 725 3202 Plataeenaea
748 3138 924 3226 pugnando
948 3152 1138 3222 superarunt
1161 3161 1225 3216 eos,
1247 3139 1307 3224 qui
1330 3139 1374 3204 ad

327 3242 422 3308 opem
446 3221 607 3288 ferendam
630 3224 796 3289 veniebant
803 3248 813 3300 ι
835 3237 869 3290 et
888 3225 979 3312 gravi
1001 3225 1242 3291 Atheniensium
1263 3247 1375 3290 arma·

327 3322 409 3374 turae
424 3308 604 3374 advenienti
620 3325 727 3394 portas
742 3323 824 3376 tutas
838 3311 1066 3396 praestiterunt.

370 3404 424 3461 68.
447 3395 574 3460 Deinde
592 3418 668 3460 vero
684 3398 752 3482 jem
768 3397 1012 3462 Atheniensium
1030 3400 1255 3486 unusquisque,
1271 3413 1377 3484 prout

326 3481 475 3566 deinceps
497 3482 648 3560 intrabat,
665 3483 705 3548 ad
732 3504 859 3548 mamm
881 3483 1102 3549 contendebat.
1149 3483 1192 3550 Et
1207 3484 1376 3570 Pelopon·

325 3568 405 3632 nesii
422 3567 620 3650 praesidiarii,
634 3571 740 3655 primo
755 3569 882 3655 quidem
905 3569 998 3653 pauci
1022 3571 1198 3636 resistentes
1213 3571 1277 3634 vim
1294 3593 1376 3655 pro·

325 3650 503 3800 pulsarunt,
519 3666 551 3719 et
566 3653 691 3720 illorum
707 3655 853 3720 nonnulli
869 3656 1061 3721 ceciderunt.
1106 3659 1152 3722 At
1174 3656 1322 3742 plerique
1337 3659 1374 3722 in

330 3758 433 3824 ¹ragam
461 3760 494 3802 se
519 3741 731 3826 conjecerunt,
754 3754 822 3806 tum
848 3742 934 3829 quod
960 3743 1098 3807 hostium
1126 3757 1224 3808 noctu
1249 3746 1373 3808 irrum-

325 3824 468 3908 pentium
491 3825 645 3911 impetum
661 3839 845 3906 metuerent,
861 3842 928 3893 tum
944 3830 1037 3894 etiam
1054 3829 1141 3915 qnod
1156 3853 1176 3894 a
1190 3828 1376 3930 Megaren-

325 3909 411 3975 sibus
436 3911 654 3995 proditoribus
679 3930 950 4001 oppugnarentur.
976 3937 1009 3978 se
1033 3915 1118 3979 enim
1144 3916 1186 3980 ab
1212 3917 1374 3982 universis

325 3997 570 4081 Megarensibus
598 3999 741 4084 proditos
770 3999 1002 4066 existimabant.
1051 4001 1176 4068 Accidit
1204 4001 1300 4080 enim,
1335 4019 1376 4068 ut

357 4169 369 4205 b
388 4171 421 4216 Ut
436 4171 636 4231 Atheniensibus,
647 4175 689 4232 qui
706 4175 770 4234 apud
784 4173 894 4220 Minoam
911 4181 989 4230 mant
1001 4177 1096 4224 occulte
1112 4177 1175 4222 toret
1194 4189 1238 4224 sua
1253 4178 1377 4226 custodia

323 4239 369 4281 etc.
394 4235 469 4281 Valla.
504 4235 535 4281 Ut
546 4236 637 4283 seilicet
644 4238 816 4292 Athenienses,
825 4239 867 4299 qui
878 4240 903 4286 in
916 4237 1002 4288 Minoa
1008 4249 1086 4295 arant,
1093 4242 1159 4287 unde
1169 4254 1199 4288 ea
1209 4241 1279 4286 navia
1289 4249 1376 4302 esset,

324 4299 470 4358 ignorarent.
492 4297 600 4348 Aradus.
634 4301 723 4350 liuns.
756 4301 991 4366 Vulgolegebetura
1007 4306 1137 4353 acAthen.
1149 4310 1277 4366 praete.
