3004 4768
318 278 414 364 ⁸sao
647 301 652 314 ·
722 259 1025 335 THUCYDIDis

254 459 316 508 aut
351 445 446 508 etiam
472 425 587 506 bonam
611 438 823 505 siciliensium
847 453 981 525 partem,
996 451 1029 503 et
1045 437 1159 503 'mutos
1180 436 1322 515 illorum,
1338 438 1393 524 qni

247 527 327 584 eston
353 543 443 594 extra
467 527 608 592 Siciliam
631 527 822 602 babitabant,
840 545 947 589 secum
970 524 1189 590 adduxerunt:
1216 524 1394 589 Hetrusca·

236 587 336 716 {iffi
353 637 424 680 rum
447 615 540 686 etiarn
564 612 721 686 nonnulli,
737 625 868 696 propter
892 611 1083 688 inimicitias,
1098 631 1177 697 quaa
1198 631 1273 674 cum
1295 611 1393 694 Syra·

249 719 288 764 at.
301 717 325 764 n
353 703 476 766 eusauis
498 702 660 783 gerebant,
678 710 709 762 et
727 698 860 785 iapyges
884 697 1079 760 mercenarii.
1124 698 1233 782 Atque
1256 709 1309 761 tot
1322 697 1394 782 qui-

249 783 277 827 U·
295 783 322 862 c.
352 789 422 852 dein
438 794 636 873 gentealcum
653 781 901 848 Atheniensibus
912 783 1103 846 militarunt.

247 844 320 957 2¹1¹·
395 879 446 938 58.
473 871 616 935 Vicissim
638 881 745 934 antem
769 869 1087 954 Syracusani-copem
1111 866 1254 931 tulerunt
1273 880 1309 930 et
1330 867 1399 931 ea·

351 959 506 1035 natinaei,
522 958 577 1043 qui
597 965 689 1019 erant
712 957 776 1020 iilis
802 953 939 1029 finitimi,
955 965 986 1018 et
1008 953 1137 1032 'Geloi
1151 954 1207 1041 qui
1234 967 1309 1036 post
1335 952 1393 1016 bos

350 1043 547 1107 habitabant.
581 1042 727 1112 Deinde,
764 1035 981 1126 Agrigentinis
1014 1039 1258 1124 quiescentibus,
1289 1039 1393 1105 bSeli-

350 1130 465 1205 nuntii,
482 1130 536 1214 qui
559 1126 648 1192 aedes
661 1127 694 1189 in
719 1125 780 1189 illia
802 1121 945 1210 partibus
967 1124 1097 1188 babent.
1143 1126 1307 1210 Aequent
1321 1125 1394 1210 qui·

350 1215 423 1279 dem
449 1214 630 1278 incolebant
651 1227 721 1276 eam
743 1211 863 1276 Sicilire
884 1223 1108 1296 partemque
1124 1208 1267 1274 Africam
1282 1231 1394 1276 versus

351 1310 481 1388 spectat.
527 1299 686 1362 Himeroei
710 1314 784 1360 uero
808 1297 848 1359 ab
870 1318 908 1360 es
930 1308 1028 1380 parte,
1067 1315 1118 1359 uae
1141 1317 1230 1360 mare
1248 1295 1393 1382 Tyrrhe·

350 1409 429 1451 num
444 1396 574 1470 spectat,
590 1384 623 1446 iu
640 1404 703 1468 qua
717 1383 813 1446 etlam
835 1381 893 1447 soli
907 1401 948 1446 ex
970 1385 1054 1445 omni
1092 1382 1245 1447 sGrteeia
1267 1381 1393 1447 babita-

350 1474 439 1536 bant.
485 1471 540 1535 lati
570 1469 675 1546 etiam,
693 1470 834 1556 inquam,
851 1468 909 1532 soli
934 1467 1022 1531 illinc
1043 1469 1246 1552 Syracusanis
1269 1469 1393 1533 auxilio

350 1570 518 1620 venerunt.
563 1557 670 1642 Atque
684 1567 732 1619 tot
746 1554 875 1640 quidem
897 1553 1035 1618 nominis
1050 1537 1159 1618 Graeci
1179 1571 1304 1640 gentes,
1319 1575 1394 1642 quse

349 1643 385 1706 in
400 1641 508 1706 Sicilia
522 1641 612 1706 sedes
633 1641 802 1718 habebant,
818 1654 850 1703 et
866 1638 1038 1704 Dorienses
1052 1651 1083 1703 et
1104 1660 1216 1703 ornnes
1229 1641 1279 1704 sui
1297 1641 1393 1726 juria,

351 1728 383 1792 in
400 1727 462 1792 hoc
474 1727 559 1792 bello
573 1729 781 1814 &armenos
795 1725 998 1812 stiJurerunt:
1022 1745 1064 1790 ex
1081 1725 1224 1790 barbaris
1239 1747 1318 1790 vero
1332 1727 1393 1793 soli

351 1813 463 1891 Siculi,
479 1825 648 1899 quotquot.
661 1811 837 1877 deiectione
858 1833 879 1874 a
900 1808 1102 1913 Sprmnis
1126 1810 1209 1876 iacta
1230 1813 1272 1876 ad
1290 1812 1395 1878 Athe·

214 1957 218 1968 .
349 1899 475 1963 nienses
496 1919 561 1963 non
584 1900 784 1975 transierant,
799 1917 885 1980 open
905 1899 982 1979 apsis
1004 1899 1150 1962 tuiemnt.
1198 1898 1247 1962 Ex
1266 1898 1395 1964 Grecis

350 2005 436 2062 vero,
459 1986 515 2071 qui
538 1995 611 2048 sunt
636 1997 727 2048 extra
751 1979 903 2060 Siciliam,¹
928 1981 1164 2070 Lacedaemonii
1185 1984 1318 2070 quidem
1344 2007 1396 2050 act

351 2071 546 2154 adjuvemmt,
561 2072 638 2152 ipsit
652 2071 764 2133 ducem
781 2070 974 2152 spartanam
991 2069 1179 2153 pubentes,
1194 2071 1396 2156 militemque

351 2175 392 2218 ex
408 2153 671 2220 Neodamodibua
692 2165 723 2217 et
740 2153 922 2220 Halotibus.
970 2154 1025 2218 nti
1046 2166 1152 2218 autem
1169 2153 1395 2220 Neodamodea

347 2241 415 2325 jam
439 2241 530 2304 liberi
551 2261 619 2304 esse
640 2253 779 2323 possent.
825 2238 984 2303 Corinthii
1000 2254 1121 2304 seruet
1137 2239 1282 2328 elusseet
1302 2243 1394 2328 pedi·

352 2339 420 2388 tutu
446 2325 516 2404 soli,
531 2337 564 2388 et
588 2322 750 2400 Leucadii,
773 2337 805 2388 et
826 2323 1206 2410 Ambraciotu,=propter
1225 2328 1395 2411 cognatio-

351 2413 525 2490 nemilites
545 2409 690 2497 proiecti.
737 2406 788 2473 Ex
805 2409 945 2474 Arcadia
965 2429 1052 2489 vero,
1067 2412 1256 2476 mercenarii
1278 2412 1394 2478 milites

351 2494 559 2561 aCorinthiis
585 2495 728 2574 minist
744 2492 886 2578 Sicyonii
909 2496 1009 2559 coaeti
1036 2494 1181 2561 militiam
1206 2497 1296 2562 illam
1319 2513 1395 2564 sunt

348 2583 485 2667 sequuti.
531 2581 584 2645 Ex
607 2581 668 2645 illis
693 2593 810 2655 autem,
829 2580 884 2665 qui
906 2582 982 2644 aunt
1003 2593 1095 2645 extra
1122 2581 1395 2668 Peloponnesum,

351 2665 469 2732 Boeoti.
516 2666 580 2732 Sed
609 2667 650 2730 ad
679 2665 754 2730 istas
778 2665 967 2729 adventitias
992 2668 1101 2749 copias
1127 2667 1186 2752 ipsi
1212 2669 1396 2736 Sicilienses

350 2753 494 2815 omnium
518 2771 635 2828 rerum,
651 2751 692 2814 ad
715 2750 776 2815 hoc
796 2751 916 2814 bellum
939 2752 1197 2832 necessariarum,
1212 2755 1395 2822 multitudi.
1488 2821 1489 2824 Ἴ

350 2855 424 2898 nem
439 2840 528 2920 longe
544 2838 693 2900 ma'orem
714 2837 928 2917 contulerunt,
944 2837 1064 2922 quippe
1077 2838 1134 2924 qui
1149 2859 1282 2923 magnas
1297 2843 1395 2906 urbes
1486 2825 1489 2878 ⁴

349 2919 535 2986 incolerent.
581 2859 708 2986 danim
727 2935 759 2986 et
783 2921 876 2985 multi
897 2922 1002 3006 gravis
1023 2935 1195 2988 armaturas
1216 2926 1348 3001 milites,
1363 2941 1397 2992 et
1487 2921 1489 3014 1

349 3023 454 3082 navas,
481 3018 512 3070 et
538 3007 622 3092 equi,
649 3018 681 3071 et
708 3007 771 3070 alia
797 3007 938 3070 maxima
967 3007 1138 3072 multitudo
1163 3009 1298 3076 collecna
1325 3014 1396 3077 init.
1487 3025 1489 3054 ¹

351 3089 471 3168 Verum
493 3113 561 3176 prta
583 3092 705 3156 ueteris
726 3091 876 3155 omnibus
893 3096 941 3176 (ut
966 3093 1010 3156 ita
1032 3093 1158 3179 loquar)
1173 3094 1234 3178 ipsi
1246 3098 1396 3182 Syracu·
1488 3103 1489 3148 3

351 3177 420 3239 sani
441 3177 512 3260 plus
530 3179 694 3260 copiarum
716 3177 1009 3261 suppeditaverunt,
1028 3181 1120 3264 idque
1144 3193 1277 3265 propter
1305 3187 1396 3248 urbis
1487 3155 1489 3248 i

349 3263 614 3348 magnitudinem,
629 3272 663 3326 et
683 3263 770 3348 quod
794 3263 827 3326 in
850 3263 1002 3346 proximo
1023 3263 1207 3330 ‹liserimiue
1221 3269 1398 3334 versabun-
1486 3315 1489 3452 p

353 3358 416 3409 tur.

393 3437 445 3496 59.
470 3433 574 3517 Atque
586 3430 657 3496 hee
672 3431 800 3514 quidem
819 3431 949 3496 inerunt
971 3447 1182 3519 utrorumque
1196 3435 1324 3500 auxilia
1337 3461 1398 3502 terr·

349 3517 441 3598 dique
461 3516 602 3580 collecta.
648 3516 755 3601 Atque
782 3517 850 3581 baec
869 3517 979 3582 omnia
1001 3529 1078 3583 tuuc
1101 3520 1245 3605 utrisque
1270 3537 1397 3605 praesto

348 3598 486 3676 bierunt,
502 3622 561 3664 uec
575 3599 675 3664 ullum
690 3615 843 3686 praeterea
864 3603 1021 3667 auxilium
1044 3604 1181 3689 amplius
1196 3620 1253 3670 aut
1268 3609 1312 3672 ad
1334 3609 1398 3674 hos

348 3685 458 3750 autad
473 3686 543 3749 illos
558 3687 653 3750 venit.
699 3688 888 3774 Syracusani
904 3687 1002 3775 igitur
1014 3689 1156 3775 sociique
1170 3693 1290 3756 merito
1311 3715 1397 3778 praa·

348 3768 467 3837 clarum
482 3785 640 3836 certamen
657 3772 716 3835 sibi
734 3774 931 3857 propositum
948 3795 1014 3838 esse
1028 3773 1201 3854 duxerunt,
1217 3778 1255 3854 si,
1272 3791 1397 3863 praeter
1488 3825 1489 3860 3

347 3855 491 3919 navalem
505 3856 680 3934 victoriam,
695 3879 790 3942 quam
814 3859 920 3942 adepti
941 3859 1075 3938 fueraut,
1092 3861 1276 3928 universum
1293 3868 1394 3930 etiam

349 3939 593 4006 Atheniensium
610 3945 794 4020 exercitum,
811 3945 866 4028 qui
889 3958 995 4010 teritus
1010 3959 1100 4024 asset,
1115 3947 1342 4032 debellassent,
1361 3966 1397 4017 et

476 4167 487 4194 ⁸
506 4165 551 4210 His
564 4166 665 4224 proximi
677 4166 754 4212 Geloi·
788 4166 895 4215 Armisa.

476 4224 489 4261 b
505 4227 537 4273 lis
550 4229 672 4276 ulteriores
684 4229 820 4278 Selinuntii.
853 4231 961 4278 Acutius.
