2996 4782
324 249 343 306 s
686 241 991 310 ruucrnrnrs
1343 291 1361 328 ,

322 415 409 479 rium
423 412 570 491 somam,
586 435 659 500 qnae
673 414 806 492 adeam,
823 437 896 502 que
909 437 995 483 nnnc
1007 428 1058 482 est
1067 415 1105 480 'iu
1121 439 1189 495 usa,
1212 421 1360 506 proxime

233 539 236 547 =
322 499 497 577 accederet,
518 514 551 564 et
571 499 719 566 Corinthi
738 501 879 586 primum
899 523 942 567 ex
962 505 1052 567 corni
1073 504 1200 569 Graecia
1216 506 1360 577 triremes

321 587 490 652 edificatae
514 590 691 655 tradstntnr.
737 587 871 654 Constat
894 587 989 654 etiam
1015 589 1216 656 Amiaoclem
1242 593 1360 657 Corin-

323 671 436 752 thium,
452 675 580 738 navium
595 673 829 756 fabricatorem,
844 687 982 762 quatuor
998 697 1095 744 nares
1110 676 1224 742 Samiis
1237 677 1357 745 iecisse.

323 759 378 824 Ex
393 781 458 846 qno
472 773 579 825 antem
603 760 784 826 Aminocles
804 761 847 826 ad
873 762 998 830 Samios
1017 762 1084 839 isit,
1100 775 1175 828 sunt
1196 763 1262 829 tere
1281 767 1358 830 anni

323 847 455 910 trecenti
469 848 509 912 ad
524 846 617 934 hujus
632 847 706 912 belli
726 845 860 917 conlecti
881 847 995 913 finems
1019 847 1231 949 proeliumque
1245 852 1359 918 navale

322 933 566 1021 omniumque
580 934 740 1011 novimus,
755 933 1009 1011 vetustissimum,
1025 947 1108 1000 inter
1124 935 1310 1002 Corinthios
1324 951 1358 1004 et

323 1020 512 1106 Corcyraeos
526 1020 795 1086 eatcommissum.
840 1019 924 1085 Sunt
937 1031 1043 1084 antem
1054 1020 1150 1086 etiam
1161 1021 1203 1086 ab
1213 1043 1252 1088 en
1265 1045 1356 1108 proe-

322 1105 366 1170 lio
380 1127 480 1191 usque
493 1107 535 1171 arl
549 1107 687 1172 eundern
711 1106 806 1172 bu'us
822 1105 896 1171 belli
916 1105 1011 1171 linem
1028 1107 1104 1171 anni
1129 1105 1169 1171 ad
1196 1129 1356 1174 tumninio

321 1191 450 1258 ducenti
472 1205 505 1258 et
518 1194 693 1280 sexaginta.
760 1193 859 1258 tenim
873 1213 946 1258 cum
961 1191 1074 1257 urbem
1088 1191 1229 1260 incolant
1243 1194 1357 1260 Corin·

321 1277 380 1342 thii
399 1281 490 1344 sitam
505 1279 547 1344 ad
563 1280 732 1358 Isthmum,
754 1279 932 1365 emporium
947 1279 1014 1342 sere
1024 1299 1149 1365 semper
1162 1277 1355 1360 babuerunt,

321 1364 396 1450 quia
411 1367 531 1448 Groeci,
553 1380 617 1430 tam
633 1365 690 1445 illi,
712 1367 768 1452 qui
790 1366 876 1430 intra
892 1363 1157 1450 Peloponnesum,
1181 1387 1276 1452 quam
1299 1371 1356 1454 qui

320 1463 411 1515 extro
427 1451 581 1528 habitant,
596 1464 682 1518 terra
691 1452 807 1537 potius,
822 1473 919 1539 quam
934 1451 1025 1528 mari,
1041 1473 1099 1538 per
1108 1451 1234 1517 illorum
1247 1475 1356 1539 ngsscn

320 1541 511 1603 commercia
524 1538 607 1604 inter
625 1561 659 1603 ae
672 1538 834 1625 quondam
854 1537 1025 1611 habebant.
1070 1537 1212 1603 Pecunia
1225 1559 1357 1627 quoque

342 1635 534 1708 impotentes
543 1624 682 1701 fuerunt,
693 1638 730 1689 nt
744 1638 776 1689 et
786 1625 827 1690 ab
833 1624 974 1711 antiquis
982 1624 1137 1710 poetisest
1147 1623 1354 1692 declaratum.

320 1643 445 1774 itrbem
461 1713 546 1776 enirn
562 1711 649 1776 illam
660 1711 843 1797 opulentam
855 1709 1133 1798 cognominarunt.
1179 1709 1354 1798 Postquam

319 1817 395 1860 vero
410 1798 519 1862 Graeci
532 1797 665 1862 navibus
674 1797 793 1882 paratis
802 1795 1003 1884 frequentius
1016 1796 1166 1884 navigare
1176 1810 1353 1882 coeperunt,

318 1881 484 1947 latrocinia
509 1887 547 1948 dc
571 1886 653 1948 nturi
680 1883 885 1949 sustulerunt.
932 1881 976 1948 Et
1002 1882 1087 1948 utria
1113 1903 1152 1946 ue
1176 1884 1354 1967 emporium

317 1968 510 2052 praebentes,
531 1981 562 2036 ct
575 1972 657 2036 mari
674 1981 819 2055 terraque
831 1977 995 2033 mercatum
1014 1969 1098 2032 omni
1167 1969 1295 2034 tiberem
1316 1991 1355 2037 ccc

248 2113 252 2120 .
317 2063 413 2118 tinum
438 2057 621 2132 exhibentes,
645 2055 757 2121 urbem
779 2055 987 2138 pecuniarum
1009 2065 1167 2139 proventu
1192 2067 1353 2139 potentem

316 2137 506 2206 habuerunt.
552 2141 666 2206 Postea
688 2163 762 2206 vero
785 2140 880 2205 lones
902 2161 1052 2226 magnam
1075 2141 1204 2204 narium
1225 2141 1352 2226 copiam

317 2226 375 2290 sibi
390 2239 554 2311 pararunt,
579 2226 657 2314 Cyri
672 2227 881 2309 temporibus,
900 2227 954 2314 qui
969 2224 1029 2291 tuit
1042 2227 1166 2311 primus
1184 2227 1352 2292 Persarum

316 2334 385 2390 rex,
401 2327 433 2378 et
447 2313 627 2401 Cambysis,
649 2314 716 2400 ejus
730 2311 799 2391 lilii,
814 2324 917 2378 etate.
962 2314 1071 2400 Atque
1084 2313 1120 2377 lts'
1129 2311 1247 2378 bellum
1264 2312 1353 2401 Cyro

313 2397 476 2480 facientes,
499 2401 594 2466 maris
610 2423 688 2488 agro
702 2421 760 2464 suo
775 2399 870 2464 vicini
885 2399 1055 2484 imperium
1070 2399 1112 2464 ad
1126 2397 1254 2485 aliquod
1273 2413 1353 2464 tem-

315 2507 375 2570 pus
389 2485 607 2552 obtinuerunt.
653 2485 838 2572 Polycrates
851 2503 990 2572 quoqne,
1014 2485 1069 2571 qui
1091 2484 1258 2574 Cambysis
1272 2498 1352 2550 tem-

316 2593 393 2654 pore
410 2573 497 2638 Semi
511 2585 666 2659 tyrannus
679 2587 758 2648 erat,
780 2571 878 2637 classe
898 2569 1033 2658 pollens,
1055 2591 1129 2636 cnm
1144 2571 1222 2636 alias
1236 2569 1353 2638 insulas

316 2657 453 2723 insuam
476 2672 663 2744 potestatem
685 2657 819 2745 redegit,
843 2671 912 2722 tum
927 2659 1021 2722 etiam
1050 2657 1229 2736 Rheneam,
1254 2679 1351 2746 quem

315 2742 480 2810 subactam
497 2745 639 2830 Apollini
664 2744 761 2810 Delio
785 2743 991 2809 consecravit.
1037 2742 1240 2810 Phocainses
1264 2765 1350 2822 vero,

315 2827 405 2930 dum
418 2829 594 2896 Massiliam
611 2829 798 2907 conderent,
824 2829 1103 2915 Carthaginienses
1122 2829 1228 2896 navali
1241 2851 1352 2919 pugna

315 2931 466 2981 vicerunt.

347 3003 412 3068 ‘tn
437 3003 504 3068 Hae
525 3005 608 3068 enim
629 3004 742 3068 classes
764 3013 942 3068 ceteransm
964 3003 1106 3067 omnium
1121 3002 1352 3088 potentissimas

313 3087 452 3154 fuerunt.
496 3089 713 3156 Veruntamen
729 3088 781 3153 hm
795 3109 923 3175 quoque
933 3091 1052 3166 classes,
1067 3109 1141 3174 quae
1155 3087 1264 3154 multis
1278 3102 1352 3174 poet

312 3175 452 3262 Trojans
471 3175 749 3262 temporasrecnlis
770 3176 969 3251 exstiterunt,
992 3175 1102 3260 paucis
1115 3173 1243 3260 quidem
1258 3175 1351 3241 trire-

314 3260 419 3326 mibus
438 3284 512 3340 usae,
528 3263 663 3328 naribus
677 3284 754 3327 vero
767 3261 1001 3350 qninquaginta
1019 3259 1190 3350 remigum,
1205 3273 1239 3326 at
1259 3261 1351 3328 nevi·

313 3347 375 3436 giis
385 3347 492 3438 longis
507 3347 611 3414 adhuc
622 3351 786 3415 instruetoe
796 3347 945 3413 videntur
955 3346 1060 3424 fuisse,
1077 3346 1348 3434 quemadmodum

314 3445 405 3499 mant
419 3446 448 3500 et
462 3434 525 3499 illas
534 3439 659 3519 priscae.
704 3434 866 3522 Pauloque
888 3449 962 3499 ante
976 3431 1140 3498 Medicum
1163 3432 1294 3513 bellum,
1316 3447 1350 3501 et

314 3519 409 3584 Darii
425 3533 570 3600 mortem,
593 3522 649 3608 qui
665 3533 738 3606 post
753 3519 942 3606 Cambysen
957 3539 1092 3607 regnum
1109 3517 1280 3586 Persarum
1291 3519 1350 3586 ob·

313 3609 418 3685 tinuit,
435 3629 550 3696 magna
563 3609 739 3674 triremium
754 3607 848 3693 copia
860 3605 921 3671 fnit
933 3606 1117 3693 attyrannis
1131 3605 1165 3669 in
1182 3606 1300 3686 Sicilia,
1316 3621 1350 3674 et
1477 3623 1494 3692 ᾗ

314 3693 503 3780 Corcyraeis.
549 3694 616 3759 Has
630 3715 768 3782 namque
789 3707 956 3780 postremas
978 3705 1052 3758 ante
1073 3690 1195 3757 Xerxis
1217 3695 1349 3780 expedi-
1492 3737 1494 3762 j

313 3779 433 3845 tionem
462 3783 576 3846 classes
605 3793 781 3846 memoratu
805 3781 913 3868 dignm
935 3779 970 3842 in
996 3778 1126 3844 Graecia
1149 3779 1348 3846 exstiterunt.
1472 3795 1476 3804 '

313 3865 476 3953 AEginetoe
491 3869 587 3945 enirn,
601 3880 633 3933 et
645 3866 865 3944 Athenienses,
882 3879 914 3932 et
936 3866 1029 3950 siqui
1049 3863 1103 3931 elii
1113 3865 1261 3950 flectam,
1281 3867 1348 3932 axi·

312 3977 392 4041 guas
405 3951 586 4018 habuerunt
599 3957 718 4032 classes,
741 3968 836 4041 atque
849 3951 966 4018 barum
989 3971 1106 4038 magna
1119 3971 1193 4036 pars
1206 3964 1275 4020 erat
1288 3971 1347 4017 oa·

311 4039 643 4128 siumquinqnaginte
659 4041 736 4104 remi
783 4061 826 4104 m.
870 4041 914 4105 At
940 4037 1075 4103 neadeo
1089 4059 1160 4103 aero
1184 4057 1237 4104 ros
1248 4037 1355 4103 habe*

310 4136 410 4203 erunt,
430 4147 471 4190 ex
514 4147 557 4190 uo
576 4129 717 4192 videlicet
771 4127 870 4191 hemis
936 4147 969 4188 es
991 4121 1247 4201 Atheniensibus,
1269 4143 1344 4190 cnm

310 4213 355 4277 ΞΕ
379 4213 470 4279 inetis
546 4212 625 4277 ilum
648 4214 842 4299 gerentibus,
875 4210 968 4277 simul
1003 4211 1096 4276 etiam
1127 4209 1346 4278 imminentem
1415 4219 1424 4226 '

309 4301 366 4364 bar
390 4301 434 4365 ari
449 4299 620 4366 adventum
635 4300 887 4386 expectantibus,
908 4299 1074 4384 persuasit,
1098 4310 1133 4362 nt
1155 4319 1250 4364 nares
1264 4296 1345 4365 lace·
