2964 4786
365 309 616 379 HISTORIAE
639 309 730 380 LIB.
754 310 833 378 vll.
1056 319 1122 380 tlt

2 505 5 519 ’
92 493 203 571 upum
218 481 523 567 animadvertissent,
537 485 693 552 eusduere
713 506 780 551 non
801 497 876 550 runt
890 483 969 550 ausi.
1014 483 1123 574 Atque
1154 469 1217 554 ned.

92 591 127 638 er
151 569 252 658 prima
279 570 409 658 quidem
438 574 619 651 munitione,
646 593 719 659 quoe
747 583 842 660 captu
869 569 939 651 fuit,
964 569 1121 650 homiues,
1143 569 1226 630 eston

92 669 238 746 quotquot
261 669 294 722 et
314 657 348 721 in
370 657 498 758 navigia
517 659 605 724 etin
627 657 788 745 quandam
809 657 987 724 onerariam
1009 679 1123 724 navem
1137 633 1235 760 33}ssss

90 741 298 832 aufugerant,
327 764 414 848 segre
442 765 477 808 m
504 767 562 810 sua
590 756 695 809 castra
723 765 757 808 se
786 758 987 828 receperunt.
1040 745 1124 810 Cum
1150 763 1226 828 914.

2 855 5 863 ’
90 831 165 896 euin
179 832 372 916 Syracusani
395 849 468 895 cum
491 831 555 895 suis
576 830 723 909 navibus,
739 851 817 916 quas
839 830 872 893 in
896 851 1013 918 magno
1027 841 1124 915 portu
1150 825 1222 876 Μ

2 945 3 948 “
91 915 252 996 habebant,
280 914 385 980 navali
412 914 528 1002 proelio
557 916 736 1001 superiores
764 927 877 994 essent,
907 938 972 980 una
1001 918 1124 992 illorum
1148 889 1224 1018 {ff

2 1031 3 1044 *
89 1001 172 1068 velox
192 1003 331 1068 triremis
352 1002 438 1086 ipsos
458 1002 695 1088 insequebatur.
739 1001 830 1068 Dum
849 1014 955 1067 autem
976 1001 1029 1066 boe
1050 1001 1125 1077 dum

88 1088 270 1154 munitiones
295 1101 495 1172 caperentur,
518 1087 639 1154 interea
661 1099 694 1154 et
763 1089 908 1154 racusani
925 1087 992 1174 jam
1008 1081 1125 1172 proelio'

1 1203 4 1264 3
87 1176 184 1240 mccli
197 1173 419 1252 vincebantur,
435 1185 467 1240 et
481 1177 587 1260 magui
601 1174 656 1260 qui
678 1195 720 1240 ex
765 1175 791 1238 is
804 1173 1025 1240 munitionibus
1039 1175 1123 1262 fugi-

2 1319 3 1352 3
86 1259 185 1339 ebant,
213 1258 338 1326 facilius
367 1261 569 1346 praetervecti
598 1271 683 1326 sunt.
732 1261 818 1326 Nam
850 1262 1124 1348 Syracusanorum

2 1379 3 1410 2
86 1369 184 1427 naves,
199 1367 273 1435 quoe
288 1355 363 1412 ante
377 1357 491 1431 portus
504 1347 623 1412 ostium
643 1369 687 1433 pu
712 1347 841 1424 cabant,
857 1351 930 1412 cum
947 1345 1124 1412 Athenien-

85 1435 163 1500 sium
192 1455 288 1499 naves
317 1454 376 1519 per
405 1433 468 1497 vim
498 1432 570 1499 loco
600 1369 805 1518 pepudssent,
832 1432 924 1498 nullo
950 1430 1064 1498 ordine
1089 1433 1124 1497 iu

2 1577 3 1584 ,
78 1529 197 1607 portans
213 1518 421 1608 navigabaut3
445 1531 488 1600 et,
503 1519 588 1606 quod
611 1519 744 1606 propter
761 1517 979 1588 confusionem
994 1519 1076 1584 inter
1091 1542 1124 1584 se

1 1665 4 1678 .
83 1605 313 1686 colliderentur,
330 1605 493 1670 victoriam
510 1605 759 1672 Atheniensibus
773 1606 991 1692 prebuerunt.
1036 1605 1122 1670 Nam

2 1753 3 1762 ,
82 1694 280 1760 Athenienses
299 1703 332 1758 et
350 1690 408 1756 has
427 1691 462 1755 in
485 1689 595 1779 fugam
616 1703 789 1770 verterunt,
811 1691 943 1770 stillas,
966 1713 986 1756 a
1008 1689 1123 1777 quibus

2 1783 3 1862 3
82 1779 172 1846 initio
199 1779 233 1844 in
261 1779 333 1864 ipso
360 1789 457 1864 portu
487 1778 626 1864 superati
654 1777 790 1844 fuerant.
837 1777 946 1866 Atque
975 1778 1123 1844 undecim

2 1867 3 1942 ζ
83 1865 210 1953 quidem
234 1865 509 1953 Syracusanorum
535 1885 631 1929 naves
657 1861 891 1950 depresserunt,
915 1874 946 1929 et
969 1865 1123 1950 majorem

2 1955 3 2030 ζ
79 1952 245 2018 bominum
266 1963 390 2038 partem
412 1949 646 2030 interfecerunt,
662 1951 803 2038 exceptis
824 1949 898 2029 illis,
914 1949 967 2036 qui
983 1961 1074 2014 erant
1089 1949 1123 2013 in

2 2039 3 2048 ’
79 2039 180 2104 tribus
193 2039 339 2116 navibus,
353 2059 433 2124 quos
448 2037 535 2102 rivos
557 2048 720 2124 ceperunt.
766 2035 914 2124 Ipsorum
933 2057 1010 2099 vero
1025 2035 1123 2100 Atte-

2 2135 3 2140 ’
79 2125 227 2191 akariam
241 2135 306 2190 tres
328 2144 424 2188 naves
445 2123 631 2212 profligatas
647 2122 786 2190 fuerunt.
832 2121 916 2188 Cum
940 2135 1046 2187 autem
1063 2123 1122 2206 Sy-

77 2231 306 2276 racusanorum
334 2207 501 2298 naufragis
527 2209 763 2287 subduxissent,
789 2219 821 2274 et
849 2222 1008 2294 tropaeum
1032 2229 1123 2272 erex-

75 2299 175 2450 isrgdeut
192 2296 226 2360 iu
242 2317 340 2384 parva
353 2295 460 2362 insula
475 2307 550 2361 ante
566 2295 796 2383 Plemmyrium
811 2295 884 2374 sita,
898 2297 931 2360 in
946 2317 1004 2362 suu
1019 2307 1121 2362 castra

136 2383 251 2450 ierunt.
616 2410 619 2416 2

118 2477 173 2536 24.
196 2471 305 2555 Atque
320 2467 512 2556 Syracusani
533 2468 568 2532 in
591 2467 706 2554 proelio
727 2467 857 2556 quidem
873 2465 977 2532 navali
993 2487 1060 2530 rem
1077 2466 1122 2531 ita

72 2567 262 2645 gesseruntt
285 2567 319 2622 at
339 2554 531 2638 munitiones
545 2554 579 2618 in
600 2554 793 2643 Plemmyrio
814 2554 888 2620 sitas
910 2551 1071 2618 habebant
1087 2553 1120 2618 in

70 2665 133 2710 ενα
149 2651 314 2726 potestate,
341 2653 375 2706 et
399 2641 460 2706 tria
484 2640 626 2727 ipsarum
650 2653 774 2726 tropaea
801 2651 990 2706 statuerunt.
1035 2637 1080 2704 Et
1104 2661 1123 2705 e

70 2728 201 2796 duabus
215 2727 345 2814 quidem
360 2727 591 2792 munitionibus
604 2727 761 2814 posterius
772 2727 872 2814 captis
885 2725 1016 2792 alteram
1032 2725 1123 2790 diru-

69 2828 182 2894 erunt,
197 2814 276 2880 duas
289 2835 366 2880 vero
387 2812 576 2892 misceam,
592 2828 625 2880 et
645 2812 796 2900 imposito
817 2813 970 2899 praesidio
990 2811 1122 2878 tueban-

67 2916 138 2970 tur.
185 2900 224 2966 ln
254 2900 316 2968 hac
344 2911 453 2966 autem
480 2901 611 2966 istarum
641 2900 858 2966 munitionum
885 2921 925 2966 ex
951 2900 1124 2988 agnatione

66 2987 168 3054 multi
184 2987 359 3072 perierunt,
375 2986 503 3074 vivique
516 2988 607 3052 realta*
627 2986 713 3072 capti
726 2984 866 3052 fuerunt.
913 2922 1075 3052 Arauros
1088 3001 1121 3050 et

67 3075 226 3141 universa
253 3072 400 3160 pecunia,
430 3095 503 3173 quae
532 3075 646 3174 iugens
675 3084 753 3152 erat,
783 3083 878 3159 capta
904 3069 975 3137 fuit.
1020 3071 1120 3148 Quod

63 3161 161 3228 enim
186 3158 396 3227 Athenienses
415 3158 466 3224 ius
488 3157 720 3224 munitionibus
745 3172 781 3224 ut
805 3159 920 3224 aerario
943 3169 1120 3244 uterentur,

61 3246 178 3314 mults
191 3245 320 3334 quidem
334 3246 570 3334 negotiatorum
585 3246 730 3332 pecunia,
746 3261 778 3311 et
791 3243 991 3316 frumentum
1006 3245 1118 3323 inerat,

61 3331 179 3400 multa
192 3333 287 3399 etium
303 3331 562 3413 trierarchamm,
577 3331 732 3418 siquidem
754 3347 787 3398 et
800 3331 1013 3420 quadraginta
1027 3331 1121 3397 trire-

58 3421 177 3487 mium
192 3419 272 3499 vels,
287 3432 320 3486 et
340 3428 457 3484 catera
479 3421 603 3485 saniem
626 3419 836 3486 iustrumenta
857 3416 923 3484 illic
946 3417 1057 3484 relicta
1071 3417 1121 3483 su-

57 3517 178 3584 aaut,
194 3517 227 3572 et
241 3517 306 3573 tres
319 3506 463 3571 triremes
484 3505 659 3571 subducte.
705 3505 792 3571 Haec
811 3517 918 3571 autem
934 3505 1122 3591 Plemmyrii

55 3591 273 3749 πυριῶ
301 3591 543 3660 Atheniensium
572 3592 680 3680 coplas
712 3590 850 3658 maxime
880 3613 917 3657 ao
946 3593 979 3658 in
1010 3592 1130 3679 primis⁸

122 3679 200 3745 int.
244 3679 313 3746 Nec
326 3679 413 3745 enirn
435 3690 631 3744 commeatus
652 3681 687 3744 in
707 3688 811 3746 castra
826 3690 897 3744 tuto
911 3677 1048 3766 amplius
1062 3679 1122 3743 im·

190 3765 368 3868 'poterant
391 3769 478 3850 (nam
502 3765 705 3852 Syracusani,
727 3765 783 3854 qui
805 3786 879 3831 cum
902 3767 966 3831 suis
987 3764 1121 3832 navibus

52 3852 137 3921 illic
152 3863 324 3918 stationem
340 3851 493 3920 adsersus
515 3855 597 3936 ipsos
617 3851 789 3932 habebant,
805 3875 855 3918 eos
869 3855 943 3919 illaec
957 3855 1123 3938 importari

45 3937 319 4028 prohibebant),
329 3940 462 4027 jamque
478 3937 734 4025 importabantur
754 3949 874 4006 tantam
918 3939 1011 4004 roelio
1033 3959 1121 4004 com-

47 4027 184 4093 misso.
230 4025 339 4112 Atque
356 4026 479 4092 caeteris
499 4026 594 4091 etiam
614 4025 649 4090 in
672 4026 765 4092 rebus
784 4028 849 4091 dec
902 4025 1055 4110 lemmyrli
1068 4047 1120 4088 ex-

37 4113 229 4200 pugnetis
242 4123 409 4192 terrorem,
425 4112 586 4202 animique
600 4111 820 4180 demissionem
835 4111 990 4178 exercitui
1003 4110 1121 4178 attulit.

104 4205 173 4266 26.
200 4197 316 4267 Postea
332 4219 409 4265 vero
425 4199 617 4288 Syracusani
638 4220 734 4265 naves
755 4197 927 4265 duodecim
942 4219 1014 4263 cum
1033 4200 1120 4287 Aga·

43 4284 216 4353 tbarclro
237 4287 447 4375 Syracusano,
462 4285 602 4372 ipsarum
625 4285 786 4372 praefecto,
802 4286 966 4352 miserunt.
1012 4283 1120 4371 Atque
