2964 4786
416 275 663 343 HISTORIAE
686 277 775 344 LIB.
797 278 856 345 vt.
1084 291 1149 350 868

107 445 192 524 simi,
217 447 278 512 nisi
300 447 561 523 animadvertitis,
584 470 639 512 vos
661 469 727 514 rem
752 449 962 534 perniciosam
992 449 1149 529 affectare,
1180 463 1243 514 seu

107 546 165 600 aut
178 537 323 600 omnium
338 535 539 612 Grracorum,
554 557 634 620 quos
649 559 710 622 ego
724 537 808 614 novi,
825 537 897 604 estis
911 537 1148 622 imperitissimi,
1170 529 1254 642 mii?

107 634 165 685 aut
179 621 383 708 injustissimi,
399 621 435 697 si,
451 643 525 685 cum
541 621 658 700 sciatis,
673 621 830 686 audetis.”
1165 607 1264 720 iiim

154 716 211 776 40.
234 716 257 750 ‘⁸
268 707 387 772 Varum
398 719 453 771 sut
468 729 488 770 o
498 729 546 771 me
556 708 672 788 edocti,
683 723 739 772 aut
750 723 874 772 mutata
887 711 1052 790 sententia,
1064 709 1150 795 quod
1175 721 1216 770 tt.
1230 723 1253 770 1.

107 792 148 856 ad
173 792 329 858 universae
351 792 537 942 reipublicae
552 793 672 856 bonurn
695 807 826 878 spectat,
845 794 875 858 id
899 798 1059 881 augeatis3
1080 818 1150 882 spe·
1177 787 1251 896 [ζα

108 891 216 942 rantes
230 878 307 957 fore,
323 892 361 944 ut
375 879 395 943 ii
409 881 431 957 i,
447 879 500 965 qui
524 878 565 942 da
579 880 669 942 vobis
685 880 759 950 boui
778 891 849 944 tunt
863 882 952 956 cives,
967 883 1074 947 bonan
1087 885 1151 948 ret'-
1189 866 1252 968 ἐξ

101 965 239 1047 prtblr'cae
258 967 476 1030 commotionem
498 986 619 1050 parem,
637 977 671 1029 at
693 987 734 1029 ua
754 969 832 1030 adeo
855 967 1004 1051 majorem
1027 979 1152 1054 partem

107 1049 286 1132 obtineant,
306 1073 401 1138 quam
429 1061 540 1115 caetero
567 987 750 1136 reipubiicae
775 1051 958 1118 multitudo.
1004 1053 1152 1130 Quodsi
1231 1131 1234 1136 ,

108 1135 172 1199 alia
198 1136 389 1214 affectatitis,
411 1133 528 1212 sciatis,
545 1158 600 1201 vos
624 1137 656 1200 in
677 1138 856 1223 periodum
873 1151 1033 1214 venturos,
1057 1161 1098 1204 ne
1120 1153 1152 1205 st

106 1223 205 1287 rebus
228 1223 377 1288 omuibus
398 1224 578 1309 privemini.
623 1223 842 1300 Quamobrem
865 1223 1048 1309 hujusmodi
1067 1246 1151 1292 nun-

106 1307 172 1372 tios
187 1309 299 1372 missos
314 1308 442 1386 faciatis,
456 1310 532 1394 quia
545 1320 645 1374 uerna
657 1313 785 1374 consitio
801 1309 1035 1395 praesensimus,
1048 1333 1151 1398 neque

106 1417 161 1458 uos
175 1396 240 1459 ltaec
254 1398 297 1459 od
310 1398 422 1459 emitum
437 1397 606 1478 perducere
620 1398 770 1460 sinemus.
817 1397 901 1462 Haec
922 1396 1007 1462 enim
1029 1399 1149 1476 civitas,

105 1495 144 1545 ut
160 1482 255 1544 etiam
272 1483 400 1546 veniant
416 1481 637 1559 Athenienses,
655 1483 739 1569 ipsos
760 1494 861 1548 tamen
882 1504 944 1568 pro
965 1505 1023 1548 sua
1042 1483 1076 1548 di
1122 1485 1150 1548 i-

105 1580 175 1630 tate
190 1567 397 1653 propnisabit.
443 1569 527 1632 Sunt
541 1581 646 1632 autem
669 1569 761 1632 nobis
776 1570 995 1652 imperatores,
1010 1572 1065 1655 qui
1103 1592 1152 1636 tec

106 1651 274 1718 videbunt.
320 1653 461 1730 Quodsi
486 1653 565 1716 nihil
588 1652 700 1720 borum
717 1675 827 1718 rerum
848 1654 944 1720 fuerit
959 1659 1069 1740 (prout
1090 1679 1152 1743 ego

107 1739 280 1823 suspicor),
315 1761 513 1825 nequaquam
546 1741 654 1803 vestris
689 1743 809 1805 nuntiis
846 1741 995 1806 exterrita
1031 1743 1150 1820 ciuitas,

106 1825 262 1910 vobisque
279 1827 414 1891 ducibus
436 1825 552 1902 electis,
569 1847 626 1890 sua
647 1840 760 1910 sponte
780 1827 841 1891 sibi
861 1827 1019 1891 servitutis
1035 1829 1151 1916 jugum

107 1913 254 1995 imponet
262 1936 271 1989 ;
296 1912 350 1976 aed
365 1913 433 1997 ipsa
447 1933 505 1996 per
521 1933 553 1976 aa
564 1911 756 1988 consultans,
769 1927 801 1974 et
815 1911 856 1976 de
866 1914 1059 1989 rumoribus,
1072 1935 1152 1997 quos

107 2019 167 2060 vos
194 2000 257 2080 ipsi
281 1999 502 2078 disseminatis,
522 1998 611 2084 quasi
638 1998 722 2062 idem
745 1998 870 2062 valeant
899 2019 937 2063 ao
959 2001 1030 2081 ipsa
1057 1998 1152 2080 sacta,

108 2084 320 2169 quaestionem
333 2084 478 2148 babebit:
502 2100 533 2146 et
548 2096 736 2168 praesentem
752 2084 927 2150 libertatem
939 2105 1004 2170 non
1021 2095 1153 2170 propter

108 2191 266 2248 rumores,
282 2193 362 2256 quos
376 2193 396 2232 a
412 2170 493 2234 uobis
513 2191 635 2252 sparsos
655 2169 754 2246 audit,
771 2173 911 2246 amittet;
934 2171 989 2234 sed
1003 2169 1094 2234 factis
1108 2172 1153 2236 its

106 2255 171 2318 sibi
195 2278 317 2334 caveus,
334 2271 370 2319 ut
392 2277 456 2318 non
479 2256 645 2339 permittat
657 2256 740 2319 uobis
753 2277 791 2319 ea
808 2278 971 2342 peragere,
986 2277 1053 2341 quae
1066 2260 1153 2340 cupi·

106 2346 163 2419 tr's,
180 2365 366 2406 conservare
380 2341 580 2406 conabitur.”

153 2437 208 2492 41.
232 2431 339 2514 Atque
354 2427 481 2492 Athena
504 2449 575 2492 oras
589 2426 659 2490 baeo
673 2426 766 2492 dixit.
799 2427 895 2492 Tunc
917 2441 1021 2494 autem
1038 2450 1154 2494 uuuss

107 2515 246 2581 ducibus
263 2537 406 2602 surgons,
421 2451 543 2578 nuliius
560 2513 686 2598 quidem
713 2513 810 2576 aliurn
832 2517 877 2579 od
897 2517 1055 2580 dicendum
1077 2537 1153 2599 pro·

81 2602 183 2666 -dire
204 2623 313 2687 passus
335 2616 399 2675 est3
423 2599 477 2663 aed
493 2600 560 2684 ipae
585 2620 645 2683 pro
671 2601 820 2684 proesenti
842 2621 948 2664 rerum
973 2613 1056 2666 statu
1081 2601 1152 2666 baec

107 2690 209 2752 verba
223 2689 307 2751 fecit.
352 2691 374 2728 “
387 2685 643 2751 Obtrectationea
658 2687 786 2771 quidem
801 2686 849 2750 vel
871 2686 913 2750 ab
934 2685 1004 2751 aliis
1026 2689 1058 2750 iu
1075 2686 1154 2752 alios

110 2787 226 2838 mutuo
253 2771 399 2857 proferri,
423 2772 471 2837 vel
496 2771 536 2835 ab
566 2771 768 2836 audientibus
790 2772 927 2849 admitti,
952 2794 1154 2859 nequaquam

107 2873 158 2925 cst
188 2859 385 2944 prudentiae:
416 2858 470 2922 sed
496 2856 601 2942 potius
631 2879 690 2942 pro
720 2861 824 2936 rebus,
851 2881 924 2944 quae
954 2859 1154 2938 nuntiantur,

107 2957 232 3029 oportet
246 2944 362 3023 videre,
379 2965 518 3030 quanam
534 2944 656 3008 ratione
670 2963 743 3008 cutn
759 2945 918 3027 privatim,
931 2957 999 3009 tum
1015 2945 1153 3029 publice,

107 3053 154 3097 ex
171 3031 324 3119 dignitate
339 3053 397 3094 nos
412 3033 603 3095 instruamus
620 3029 660 3092 ad
677 3051 730 3092 eos
745 3031 990 3114 propulsandos,
1006 3031 1062 3118 qui
1075 3053 1153 3096 cun·

106 3133 163 3183 tra
186 3139 239 3182 nos
252 3119 392 3182 veniunt.
439 3117 495 3197 Et,
510 3117 535 3178 si
557 3114 639 3179 forte
661 3114 740 3178 uibii
764 3137 845 3200 opus
866 3115 972 3196 fuerit,
986 3116 1077 3181 nulla
1085 3117 1153 3202 jac·

107 3217 187 3270 tura
200 3205 265 3280 fiet,
281 3207 306 3268 si
329 3201 508 3288 respublica
521 3202 694 3265 instruatur
709 3216 742 3265 et
756 3202 856 3288 equis,
873 3216 905 3267 et
921 3203 1029 3283 armis,
1044 3215 1076 3267 et
1090 3225 1153 3266 cas-

107 3290 190 3356 teris
217 3291 316 3370 rebus,
345 3290 459 3377 quibus
490 3288 607 3352 beilum
637 3285 764 3373 gaudet.
811 3287 879 3352 Nos
910 3309 986 3356 vero
1021 3289 1153 3353 istarum

108 3397 222 3442 curam
245 3399 401 3465 gerentem,
425 3397 541 3460 easque
559 3373 808 3448 recensebimurt
830 3374 925 3438 simul
946 3374 1041 3438 etiam
1062 3396 1153 3440 miro·

105 3465 222 3541 bimur,
237 3477 273 3528 ut
287 3463 327 3528 ad
343 3463 484 3528 civitates
498 3481 755 3548 quoquoversum
773 3461 951 3538 mittantur,
967 3461 1022 3549 qui
1043 3475 1074 3526 et
1098 3483 1154 3526 sx-

107 3549 238 3636 plotent
261 3563 292 3614 at
314 3559 422 3634 agant,
442 3546 562 3635 siquid
586 3546 674 3612 aliud
694 3547 896 3612 commodum
920 3571 986 3612 esse
999 3547 1154 3612 rideatur.

110 3637 199 3703 Sunt
220 3637 326 3718 etiam,
340 3658 417 3721 quse
430 3636 497 3721 jam
520 3635 712 3715 curarimus,
730 3646 763 3699 et
777 3633 928 3721 quicquid
951 3634 1156 3714 senserimus,

106 3723 147 3789 id
175 3723 214 3787 ad
242 3745 297 3787 vos
320 3721 526 3788 referamus.''
570 3723 679 3806 Atque
706 3719 896 3806 Syracusani
918 3720 1059 3807 quidem,
1080 3742 1154 3786 cum

107 3809 182 3876 dux
198 3810 256 3874 iste
270 3810 340 3873 baec
356 3808 452 3874 verba
466 3807 599 3881 fecisset,
614 3829 654 3872 ex
667 3806 804 3872 concilio
818 3807 1040 3872 discesserunt.
1108 3855 1109 3860 η

157 3904 212 3960 42.
236 3895 445 3960 Athenienses
460 3915 545 3971 vero,
561 3913 634 3957 cum
649 3891 721 3976 ipsi,
731 3906 800 3959 tum
814 3915 926 3958 eorum
941 3894 1029 3969 socii,
1045 3913 1156 3957 omues

106 3981 200 4069 apud
218 3981 394 4068 Corcyram
408 3981 475 4067 jam
490 3990 591 4044 eram.
636 3979 746 4064 Atque
761 3979 900 4065 primum
917 3978 1044 4064 quidem
1059 3977 1158 4042 duces

105 4068 223 4153 coph
238 4070 351 4133 iterum
365 4076 600 4143 recensuerunt,
613 4085 654 4128 ex
668 4065 898 4142 instruxerunt,
909 4087 947 4128 eo
961 4063 1083 4142 ordine,
1093 4084 1158 4148 quo

108 4168 245 4243 portum
256 4155 391 4239 capturi,
407 4167 572 4253 castraque
586 4151 722 4238 posituri
737 4165 836 4216 eraut
876 4151 919 4216 Et
933 4150 1032 4215 classe
1045 4149 1079 4214 in
1095 4163 1158 4214 tres

107 4255 222 4331 partes
247 4241 426 4318 distributa,
449 4240 483 4306 in
510 4237 644 4326 singulis
667 4238 864 4304 sortitionem
888 4235 1041 4315 fecerum,
1061 4257 1102 4302 ne
1124 4235 1158 4300 iu
