<?xml version="1.0" encoding="UTF-8"?>
<!DOCTYPE html PUBLIC "-//W3C//DTD XHTML 1.0 Transitional//EN"
    "http://www.w3.org/TR/xhtml1/DTD/xhtml1-transitional.dtd">
<html xmlns="http://www.w3.org/1999/xhtml" xml:lang="en" lang="en">
 <head>
  <title>
</title>
<meta http-equiv="Content-Type" content="text/html;charset=utf-8" />
  <meta name='ocr-system' content='tesseract 3.04.00' />
  <meta name='ocr-capabilities' content='ocr_page ocr_carea ocr_par ocr_line ocrx_word'/>
</head>
<body>
  <div class='ocr_page' id='page_1' title='image "./thucydidisdebel00wassgoog_0402.png"; bbox 0 0 2964 4786; ppageno 0'>
   <div class='ocr_carea' id='block_1_1' title="bbox 344 277 1013 349">
    <p class='ocr_par' dir='ltr' id='par_1_1' title="bbox 344 277 1013 349">
     <span class='ocr_line' id='line_1_1' title="bbox 344 277 1013 349; baseline -0.003 -1"><span class='ocrx_word' id='word_1_1' title='bbox 344 289 408 349; x_wconf 73' lang='lat'>894</span> <span class='ocrx_word' id='word_1_2' title='bbox 713 277 1013 348; x_wconf 85' lang='lat' dir='ltr'>THUCYDIDIS</span> 
     </span>
    </p>
   </div>
   <div class='ocr_carea' id='block_1_2' title="bbox 230 449 1383 968">
    <p class='ocr_par' dir='ltr' id='par_1_2' title="bbox 230 449 1383 968">
     <span class='ocr_line' id='line_1_2' title="bbox 240 449 1379 572; baseline -0.003 -54"><span class='ocrx_word' id='word_1_3' title='bbox 240 459 312 572; x_wconf 59' lang='lat'>{⁵⁶¹²</span> <span class='ocrx_word' id='word_1_4' title='bbox 344 473 411 518; x_wconf 77' lang='lat' dir='ltr'>nen</span> <span class='ocrx_word' id='word_1_5' title='bbox 432 471 507 556; x_wconf 68' lang='lat' dir='ltr'>spes</span> <span class='ocrx_word' id='word_1_6' title='bbox 528 462 577 521; x_wconf 85' lang='lat' dir='ltr'>est</span> <span class='ocrx_word' id='word_1_7' title='bbox 595 452 777 556; x_wconf 79' lang='lat' dir='ltr'>instrucme,</span> <span class='ocrx_word' id='word_1_8' title='bbox 792 451 954 539; x_wconf 77' lang='lat' dir='ltr'><strong>pleraque,</strong></span> <span class='ocrx_word' id='word_1_9' title='bbox 969 451 1086 554; x_wconf 78' lang='lat' dir='ltr'>partim</span> <span class='ocrx_word' id='word_1_10' title='bbox 1105 449 1234 538; x_wconf 86' lang='lat' dir='ltr'>quidem</span> <span class='ocrx_word' id='word_1_11' title='bbox 1256 471 1279 514; x_wconf 86' lang='grc' dir='ltr'><em>α</em></span> <span class='ocrx_word' id='word_1_12' title='bbox 1300 449 1379 515; x_wconf 80' lang='lat' dir='ltr'>nohis</span> 
     </span>
     <span class='ocr_line' id='line_1_3' title="bbox 261 527 1380 639; baseline -0.003 -35"><span class='ocrx_word' id='word_1_13' title='bbox 261 527 324 639; x_wconf 54' lang='grc' dir='ltr'>’Ἢ</span> <span class='ocrx_word' id='word_1_14' title='bbox 339 559 401 623; x_wconf 85' lang='lat' dir='ltr'>per</span> <span class='ocrx_word' id='word_1_15' title='bbox 413 560 474 604; x_wconf 77' lang='lat' dir='ltr'>orm</span> <span class='ocrx_word' id='word_1_16' title='bbox 489 549 592 623; x_wconf 80' lang='lat' dir='ltr'>cepte,</span> <span class='ocrx_word' id='word_1_17' title='bbox 681 559 725 603; x_wconf 90' lang='lat' dir='ltr'>uu</span> <span class='ocrx_word' id='word_1_18' title='bbox 738 559 814 603; x_wconf 83' lang='lat' dir='ltr'>vero</span> <span class='ocrx_word' id='word_1_19' title='bbox 836 561 894 605; x_wconf 86' lang='lat' dir='ltr'>sue</span> <span class='ocrx_word' id='word_1_20' title='bbox 915 551 1028 624; x_wconf 88' lang='lat' dir='ltr'>sponte</span> <span class='ocrx_word' id='word_1_21' title='bbox 1045 559 1079 602; x_wconf 86' lang='lat' dir='ltr'>rn</span> <span class='ocrx_word' id='word_1_22' title='bbox 1094 551 1230 603; x_wconf 79' lang='lat' dir='ltr'>vestram</span> <span class='ocrx_word' id='word_1_23' title='bbox 1246 549 1380 622; x_wconf 78' lang='lat' dir='ltr'>potesta·</span> 
     </span>
     <span class='ocr_line' id='line_1_4' title="bbox 230 603 1381 718; baseline -0.003 -28"><span class='ocrx_word' id='word_1_24' title='bbox 230 603 331 718; x_wconf 52' lang='lat' dir='ltr'>Sim:</span> <span class='ocrx_word' id='word_1_25' title='bbox 345 639 409 690; x_wconf 90' lang='lat' dir='ltr'>tem</span> <span class='ocrx_word' id='word_1_26' title='bbox 424 625 562 690; x_wconf 83' lang='lat' dir='ltr'>venient.</span> <span class='ocrx_word' id='word_1_27' title='bbox 637 625 884 709; x_wconf 81' lang='lat' dir='ltr'>tprosentihus,</span> <span class='ocrx_word' id='word_1_28' title='bbox 900 647 980 710; x_wconf 86' lang='lat' dir='ltr'>quos</span> <span class='ocrx_word' id='word_1_29' title='bbox 1001 625 1182 711; x_wconf 84' lang='lat' dir='ltr'>percipiunt</span> <span class='ocrx_word' id='word_1_30' title='bbox 1201 645 1244 688; x_wconf 85' lang='lat' dir='ltr'>ex</span> <span class='ocrx_word' id='word_1_31' title='bbox 1260 621 1381 709; x_wconf 77' lang='lat' dir='ltr'>argenti</span> 
     </span>
     <span class='ocr_line' id='line_1_5' title="bbox 247 710 1382 810; baseline -0.004 -33"><span class='ocrx_word' id='word_1_32' title='bbox 247 719 287 768; x_wconf 78' lang='lat'>⁰1·</span> <span class='ocrx_word' id='word_1_33' title='bbox 299 721 324 770; x_wconf 73' lang='lat'>8·</span> <span class='ocrx_word' id='word_1_34' title='bbox 345 711 486 789; x_wconf 86' lang='lat' dir='ltr'>sectoris,</span> <span class='ocrx_word' id='word_1_35' title='bbox 502 720 664 795; x_wconf 75' lang='lat' dir='ltr'>quaesunt</span> <span class='ocrx_word' id='word_1_36' title='bbox 680 712 713 775; x_wconf 89' lang='lat' dir='ltr'>in</span> <span class='ocrx_word' id='word_1_37' title='bbox 729 710 851 810; x_wconf 61' lang='lat' dir='ltr'>hauno</span> <span class='ocrx_word' id='word_1_38' title='bbox 865 720 975 789; x_wconf 82' lang='lat' dir='ltr'>monte,</span> <span class='ocrx_word' id='word_1_39' title='bbox 987 722 1020 778; x_wconf 86' lang='lat' dir='ltr'>et</span> <span class='ocrx_word' id='word_1_40' title='bbox 1033 711 1220 810; x_wconf 71' lang='lat' dir='ltr'>commodis,</span> <span class='ocrx_word' id='word_1_41' title='bbox 1231 729 1382 796; x_wconf 77' lang='lat' dir='ltr'>qoaecun·</span> 
     </span>
     <span class='ocr_line' id='line_1_6' title="bbox 245 783 1381 896; baseline -0.004 -35"><span class='ocrx_word' id='word_1_42' title='bbox 245 783 316 896; x_wconf 49' lang='lat'>3⁰·</span> <span class='ocrx_word' id='word_1_43' title='bbox 367 819 408 862; x_wconf 88' lang='lat' dir='ltr'>ue</span> <span class='ocrx_word' id='word_1_44' title='bbox 421 817 507 861; x_wconf 90' lang='lat' dir='ltr'>nunc</span> <span class='ocrx_word' id='word_1_45' title='bbox 521 818 559 861; x_wconf 83' lang='lat' dir='ltr'>ex</span> <span class='ocrx_word' id='word_1_46' title='bbox 574 817 653 884; x_wconf 79' lang='lat' dir='ltr'>agro</span> <span class='ocrx_word' id='word_1_47' title='bbox 672 796 864 883; x_wconf 77' lang='lat' dir='ltr'>judiciisque</span> <span class='ocrx_word' id='word_1_48' title='bbox 884 798 1025 882; x_wconf 83' lang='lat' dir='ltr'>capiunt,</span> <span class='ocrx_word' id='word_1_49' title='bbox 1042 798 1149 863; x_wconf 83' lang='lat' dir='ltr'>stetim</span> <span class='ocrx_word' id='word_1_50' title='bbox 1165 795 1381 882; x_wconf 84' lang='lat' dir='ltr'>pnvshuntur.</span> 
     </span>
     <span class='ocr_line' id='line_1_7' title="bbox 254 819 1383 968; baseline -0.004 -20"><span class='ocrx_word' id='word_1_51' title='bbox 254 860 318 964; x_wconf 54' lang='lat' dir='ltr'>„effi</span> <span class='ocrx_word' id='word_1_52' title='bbox 345 819 515 968; x_wconf 60' lang='lat' dir='ltr'>insecipue</span> <span class='ocrx_word' id='word_1_53' title='bbox 528 903 604 948; x_wconf 85' lang='lat' dir='ltr'>vero</span> <span class='ocrx_word' id='word_1_54' title='bbox 615 885 829 968; x_wconf 58' lang='lat' dir='ltr'>mammetem</span> <span class='ocrx_word' id='word_1_55' title='bbox 844 885 1055 948; x_wconf 57' lang='lat' dir='ltr'>mammos</span> <span class='ocrx_word' id='word_1_56' title='bbox 1069 886 1205 968; x_wconf 74' lang='lat' dir='ltr'>copiast,</span> <span class='ocrx_word' id='word_1_57' title='bbox 1219 883 1248 945; x_wconf 91' lang='lat' dir='ltr'>si</span> <span class='ocrx_word' id='word_1_58' title='bbox 1263 903 1283 946; x_wconf 86' lang='lat' dir='ltr'>s</span> <span class='ocrx_word' id='word_1_59' title='bbox 1297 881 1383 945; x_wconf 85' lang='lat' dir='ltr'>sociis</span> 
     </span>
    </p>
   </div>
   <div class='ocr_carea' id='block_1_3' title="bbox 344 967 1385 1242">
    <p class='ocr_par' dir='ltr' id='par_1_3' title="bbox 344 967 1385 1242">
     <span class='ocr_line' id='line_1_8' title="bbox 344 967 1385 1086; baseline -0.004 -52"><span class='ocrx_word' id='word_1_60' title='bbox 344 967 514 1072; x_wconf 62' lang='lat' dir='ltr'>vecpigsiio</span> <span class='ocrx_word' id='word_1_61' title='bbox 527 989 592 1033; x_wconf 90' lang='lat' dir='ltr'>non</span> <span class='ocrx_word' id='word_1_62' title='bbox 607 968 790 1071; x_wconf 57' lang='lat' dir='ltr'>efferentur,</span> <span class='ocrx_word' id='word_1_63' title='bbox 803 970 872 1074; x_wconf 62' lang='lat' dir='ltr'>plui,</span> <span class='ocrx_word' id='word_1_64' title='bbox 888 969 1116 1086; x_wconf 64' lang='lat' dir='ltr'>existimantes,</span> <span class='ocrx_word' id='word_1_65' title='bbox 1129 967 1251 1034; x_wconf 89' lang='lat' dir='ltr'>bellum</span> <span class='ocrx_word' id='word_1_66' title='bbox 1267 989 1287 1032; x_wconf 88' lang='lat' dir='ltr'>s</span> <span class='ocrx_word' id='word_1_67' title='bbox 1302 967 1385 1031; x_wconf 84' lang='lat' dir='ltr'>vobis</span> 
     </span>
     <span class='ocr_line' id='line_1_9' title="bbox 345 1055 1384 1242; baseline -0.007 -34"><span class='ocrx_word' id='word_1_68' title='bbox 345 1055 779 1218; x_wconf 40' lang='lat' dir='ltr'>mgaer‘j‘sguzdrpppprpetpprpl,</span> <span class='ocrx_word' id='word_1_69' title='bbox 791 1055 961 1242; x_wconf 52' lang='lat' dir='ltr'>:lposdp‘pph</span> <span class='ocrx_word' id='word_1_70' title='bbox 984 1068 1107 1207; x_wconf 49' lang='lat' dir='ltr'>hiliiure</span> <span class='ocrx_word' id='word_1_71' title='bbox 1121 1152 1154 1204; x_wconf 92' lang='lat' dir='ltr'>et</span> <span class='ocrx_word' id='word_1_72' title='bbox 1167 1139 1309 1240; x_wconf 69' lang='lat' dir='ltr'>impigre</span> <span class='ocrx_word' id='word_1_73' title='bbox 1323 1137 1384 1214; x_wconf 83' lang='lat' dir='ltr'>fist,</span> 
     </span>
    </p>
   </div>
   <div class='ocr_carea' id='block_1_4' title="bbox 282 1225 1479 4142">
    <p class='ocr_par' dir='ltr' id='par_1_4' title="bbox 346 1225 1444 2065">
     <span class='ocr_line' id='line_1_10' title="bbox 346 1225 1384 1308; baseline -0.003 -15"><span class='ocrx_word' id='word_1_74' title='bbox 346 1229 381 1293; x_wconf 89' lang='lat' dir='ltr'>in</span> <span class='ocrx_word' id='word_1_75' title='bbox 395 1227 487 1294; x_wconf 78' lang='lat' dir='ltr'>robis</span> <span class='ocrx_word' id='word_1_76' title='bbox 508 1239 556 1292; x_wconf 88' lang='lat' dir='ltr'>est</span> <span class='ocrx_word' id='word_1_77' title='bbox 576 1227 683 1303; x_wconf 87' lang='lat' dir='ltr'>situm,</span> <span class='ocrx_word' id='word_1_78' title='bbox 700 1227 950 1294; x_wconf 74' lang='lat' dir='ltr'>Lacedaemonii.</span> <span class='ocrx_word' id='word_1_79' title='bbox 995 1227 1092 1303; x_wconf 83' lang='lat' dir='ltr'>Nam,</span> <span class='ocrx_word' id='word_1_80' title='bbox 1107 1227 1172 1290; x_wconf 80' lang='lat' dir='ltr'>lraec</span> <span class='ocrx_word' id='word_1_81' title='bbox 1193 1225 1266 1290; x_wconf 83' lang='lat' dir='ltr'>flers</span> <span class='ocrx_word' id='word_1_82' title='bbox 1289 1245 1384 1308; x_wconf 80' lang='lat' dir='ltr'>posse,</span> 
     </span>
     <span class='ocr_line' id='line_1_11' title="bbox 346 1309 1386 1400; baseline -0.007 -21"><span class='ocrx_word' id='word_1_83' title='bbox 346 1313 512 1400; x_wconf 80' lang='lat' dir='ltr'>(existimo</span> <span class='ocrx_word' id='word_1_84' title='bbox 532 1324 650 1390; x_wconf 88' lang='lat' dir='ltr'>autem,</span> <span class='ocrx_word' id='word_1_85' title='bbox 666 1312 745 1391; x_wconf 86' lang='lat' dir='ltr'>fore,</span> <span class='ocrx_word' id='word_1_86' title='bbox 769 1329 805 1378; x_wconf 87' lang='lat' dir='ltr'>ut</span> <span class='ocrx_word' id='word_1_87' title='bbox 826 1314 980 1399; x_wconf 86' lang='lat' dir='ltr'>opinione</span> <span class='ocrx_word' id='word_1_88' title='bbox 1000 1314 1131 1378; x_wconf 85' lang='lat' dir='ltr'>minime</span> <span class='ocrx_word' id='word_1_89' title='bbox 1150 1309 1277 1389; x_wconf 70' lang='lat' dir='ltr'>sellem)</span> <span class='ocrx_word' id='word_1_90' title='bbox 1300 1329 1386 1394; x_wconf 91' lang='lat' dir='ltr'>pror-</span> 
     </span>
     <span class='ocr_line' id='line_1_12' title="bbox 348 1395 1388 1485; baseline -0.007 -19"><span class='ocrx_word' id='word_1_91' title='bbox 348 1421 404 1466; x_wconf 86' lang='lat' dir='ltr'>sus</span> <span class='ocrx_word' id='word_1_92' title='bbox 425 1397 564 1464; x_wconf 82' lang='lat' dir='ltr'>confido</span> <span class='ocrx_word' id='word_1_93' title='bbox 610 1399 674 1464; x_wconf 90' lang='lat' dir='ltr'>Sed</span> <span class='ocrx_word' id='word_1_94' title='bbox 694 1422 715 1462; x_wconf 86' lang='lat' dir='ltr'><em>a</em></span> <span class='ocrx_word' id='word_1_95' title='bbox 736 1401 821 1465; x_wconf 80' lang='lat' dir='ltr'>nobie</span> <span class='ocrx_word' id='word_1_96' title='bbox 883 1415 928 1477; x_wconf 86' lang='lat' dir='ltr'>to,</span> <span class='ocrx_word' id='word_1_97' title='bbox 943 1419 985 1464; x_wconf 90' lang='lat' dir='ltr'>ue</span> <span class='ocrx_word' id='word_1_98' title='bbox 1003 1400 1150 1485; x_wconf 85' lang='lat' dir='ltr'>cuiquem</span> <span class='ocrx_word' id='word_1_99' title='bbox 1166 1395 1388 1480; x_wconf 17' lang='lat' dir='ltr'>vestrum-de·</span> 
     </span>
     <span class='ocr_line' id='line_1_13' title="bbox 348 1421 1386 1567; baseline -0.003 -17"><span class='ocrx_word' id='word_1_100' title='bbox 348 1485 449 1550; x_wconf 86' lang='lat' dir='ltr'>terior</span> <span class='ocrx_word' id='word_1_101' title='bbox 462 1506 528 1549; x_wconf 90' lang='lat' dir='ltr'>esse</span> <span class='ocrx_word' id='word_1_102' title='bbox 542 1483 661 1563; x_wconf 85' lang='lat' dir='ltr'>videor,</span> <span class='ocrx_word' id='word_1_103' title='bbox 674 1485 700 1549; x_wconf 90' lang='lat' dir='ltr'>si</span> <span class='ocrx_word' id='word_1_104' title='bbox 715 1507 787 1550; x_wconf 89' lang='lat' dir='ltr'>cum</span> <span class='ocrx_word' id='word_1_105' title='bbox 804 1421 1008 1550; x_wconf 66' lang='lat' dir='ltr'>inibitissimis</span> <span class='ocrx_word' id='word_1_106' title='bbox 1019 1505 1093 1549; x_wconf 76' lang='lat' dir='ltr'>meo</span> <span class='ocrx_word' id='word_1_107' title='bbox 1100 1486 1222 1567; x_wconf 82' lang='lat' dir='ltr'>petrice</span> <span class='ocrx_word' id='word_1_108' title='bbox 1235 1481 1386 1560; x_wconf 88' lang='lat' dir='ltr'>hostibus,</span> 
     </span>
     <span class='ocr_line' id='line_1_14' title="bbox 349 1569 1389 1672; baseline -0.002 -37"><span class='ocrx_word' id='word_1_109' title='bbox 349 1593 421 1658; x_wconf 80' lang='lat' dir='ltr'>ego,</span> <span class='ocrx_word' id='word_1_110' title='bbox 437 1573 493 1658; x_wconf 93' lang='lat' dir='ltr'>qui</span> <span class='ocrx_word' id='word_1_111' title='bbox 515 1570 677 1672; x_wconf 82' lang='lat' dir='ltr'>quondam</span> <span class='ocrx_word' id='word_1_112' title='bbox 700 1572 811 1658; x_wconf 81' lang='lat' dir='ltr'>pstrioe</span> <span class='ocrx_word' id='word_1_113' title='bbox 833 1591 943 1636; x_wconf 73' lang='lat' dir='ltr'>emme</span> <span class='ocrx_word' id='word_1_114' title='bbox 962 1569 1089 1637; x_wconf 87' lang='lat' dir='ltr'>habitus</span> <span class='ocrx_word' id='word_1_115' title='bbox 1103 1570 1266 1655; x_wconf 84' lang='lat' dir='ltr'>snm‚jam</span> <span class='ocrx_word' id='word_1_116' title='bbox 1281 1580 1389 1634; x_wconf 82' lang='lat' dir='ltr'>conus</span> 
     </span>
     <span class='ocr_line' id='line_1_15' title="bbox 350 1655 1390 1742; baseline -0.003 -21"><span class='ocrx_word' id='word_1_117' title='bbox 350 1676 454 1722; x_wconf 80' lang='lat' dir='ltr'>meam</span> <span class='ocrx_word' id='word_1_118' title='bbox 476 1657 575 1742; x_wconf 74' lang='lat' dir='ltr'>ipsius</span> <span class='ocrx_word' id='word_1_119' title='bbox 592 1660 734 1740; x_wconf 73' lang='lat' dir='ltr'>patriam</span> <span class='ocrx_word' id='word_1_120' title='bbox 755 1657 908 1722; x_wconf 74' lang='lat' dir='ltr'>acerrime</span> <span class='ocrx_word' id='word_1_121' title='bbox 929 1655 1074 1726; x_wconf 83' lang='lat' dir='ltr'>tendam:</span> <span class='ocrx_word' id='word_1_122' title='bbox 1096 1677 1175 1722; x_wconf 83' lang='lat' dir='ltr'>nere</span> <span class='ocrx_word' id='word_1_123' title='bbox 1196 1655 1304 1720; x_wconf 86' lang='lat' dir='ltr'>oratio</span> <span class='ocrx_word' id='word_1_124' title='bbox 1323 1675 1390 1718; x_wconf 84' lang='lat' dir='ltr'>mea</span> 
     </span>
     <span class='ocr_line' id='line_1_16' title="bbox 349 1741 1444 1828; baseline -0.002 -21"><span class='ocrx_word' id='word_1_125' title='bbox 349 1743 456 1808; x_wconf 81' lang='lat' dir='ltr'>reniet</span> <span class='ocrx_word' id='word_1_126' title='bbox 471 1743 506 1806; x_wconf 90' lang='lat' dir='ltr'>iu</span> <span class='ocrx_word' id='word_1_127' title='bbox 528 1743 740 1828; x_wconf 76' lang='lat' dir='ltr'>suspicionem</span> <span class='ocrx_word' id='word_1_128' title='bbox 762 1742 868 1820; x_wconf 86' lang='lat' dir='ltr'>studii,</span> <span class='ocrx_word' id='word_1_129' title='bbox 884 1765 948 1828; x_wconf 91' lang='lat' dir='ltr'>quo</span> <span class='ocrx_word' id='word_1_130' title='bbox 962 1742 1086 1807; x_wconf 76' lang='lat' dir='ltr'>exsules</span> <span class='ocrx_word' id='word_1_131' title='bbox 1099 1742 1146 1807; x_wconf 91' lang='lat' dir='ltr'>uti</span> <span class='ocrx_word' id='word_1_132' title='bbox 1161 1741 1277 1818; x_wconf 83' lang='lat' dir='ltr'>solent,</span> <span class='ocrx_word' id='word_1_133' title='bbox 1292 1751 1328 1805; x_wconf 82' lang='lat' dir='ltr'>ut</span> <span class='ocrx_word' id='word_1_134' title='bbox 1338 1743 1390 1805; x_wconf 77' lang='lat' dir='ltr'>lenc</span> <span class='ocrx_word' id='word_1_135' title='bbox 1441 1771 1444 1776; x_wconf 20' lang='grc' dir='ltr'><strong>Δ</strong></span> 
     </span>
     <span class='ocr_line' id='line_1_17' title="bbox 350 1830 1390 1914; baseline -0.002 -20"><span class='ocrx_word' id='word_1_136' title='bbox 350 1851 407 1894; x_wconf 78' lang='lat' dir='ltr'>nso</span> <span class='ocrx_word' id='word_1_137' title='bbox 421 1830 591 1892; x_wconf 67' lang='lat' dir='ltr'>animorum</span> <span class='ocrx_word' id='word_1_138' title='bbox 602 1832 779 1906; x_wconf 66' lang='lat' dir='ltr'>clamitate,</span> <span class='ocrx_word' id='word_1_139' title='bbox 794 1851 885 1914; x_wconf 80' lang='lat' dir='ltr'>quom</span> <span class='ocrx_word' id='word_1_140' title='bbox 896 1832 1038 1894; x_wconf 80' lang='lat' dir='ltr'>oratione</span> <span class='ocrx_word' id='word_1_141' title='bbox 1051 1830 1390 1904; x_wconf 65' lang='lat' dir='ltr'>reuomentem,</span> 
     </span>
     <span class='ocr_line' id='line_1_18' title="bbox 350 1914 1391 2065; baseline -0.005 -85"><span class='ocrx_word' id='word_1_142' title='bbox 350 1916 438 2065; x_wconf 58' lang='lat' dir='ltr'>him</span> <span class='ocrx_word' id='word_1_143' title='bbox 464 1936 537 2000; x_wconf 80' lang='lat' dir='ltr'>quos</span> <span class='ocrx_word' id='word_1_144' title='bbox 565 1915 657 1980; x_wconf 76' lang='lat' dir='ltr'>serta</span> <span class='ocrx_word' id='word_1_145' title='bbox 680 1916 823 2000; x_wconf 77' lang='lat' dir='ltr'>socient,</span> <span class='ocrx_word' id='word_1_146' title='bbox 853 1915 1089 1980; x_wconf 77' lang='lat' dir='ltr'>benevolentiam</span> <span class='ocrx_word' id='word_1_147' title='bbox 1123 1914 1184 1978; x_wconf 82' lang='lat' dir='ltr'>sihi</span> <span class='ocrx_word' id='word_1_148' title='bbox 1219 1914 1391 1978; x_wconf 57' lang='lat' dir='ltr'>montisc</span> 
     </span>
    </p>

    <p class='ocr_par' dir='ltr' id='par_1_5' title="bbox 282 1998 1479 4142">
     <span class='ocr_line' id='line_1_19' title="bbox 282 1998 1393 2087; baseline -0.005 -20"><span class='ocrx_word' id='word_1_149' title='bbox 282 2035 287 2044; x_wconf 94' lang='lat'>·</span> <span class='ocrx_word' id='word_1_150' title='bbox 386 2000 457 2066; x_wconf 87' lang='lat' dir='ltr'>xsul</span> <span class='ocrx_word' id='word_1_151' title='bbox 479 2002 564 2065; x_wconf 91' lang='lat' dir='ltr'>enim</span> <span class='ocrx_word' id='word_1_152' title='bbox 590 2022 659 2066; x_wconf 89' lang='lat' dir='ltr'>sum</span> <span class='ocrx_word' id='word_1_153' title='bbox 681 2013 814 2087; x_wconf 89' lang='lat' dir='ltr'>propter</span> <span class='ocrx_word' id='word_1_154' title='bbox 834 2001 1071 2087; x_wconf 67' lang='lat' dir='ltr'>improbitatem</span> <span class='ocrx_word' id='word_1_155' title='bbox 1093 1999 1235 2077; x_wconf 84' lang='lat' dir='ltr'>iliorum,</span> <span class='ocrx_word' id='word_1_156' title='bbox 1252 1998 1309 2084; x_wconf 90' lang='lat' dir='ltr'>qui</span> <span class='ocrx_word' id='word_1_157' title='bbox 1324 1998 1393 2062; x_wconf 81' lang='lat' dir='ltr'>urhe</span> 
     </span>
     <span class='ocr_line' id='line_1_20' title="bbox 351 2083 1390 2172; baseline -0.002 -22"><span class='ocrx_word' id='word_1_158' title='bbox 351 2109 399 2150; x_wconf 79' lang='lat' dir='ltr'>me</span> <span class='ocrx_word' id='word_1_159' title='bbox 422 2086 633 2172; x_wconf 77' lang='lat' dir='ltr'>expulerunte</span> <span class='ocrx_word' id='word_1_160' title='bbox 655 2087 711 2150; x_wconf 88' lang='lat' dir='ltr'>sed</span> <span class='ocrx_word' id='word_1_161' title='bbox 739 2107 806 2151; x_wconf 91' lang='lat' dir='ltr'>non</span> <span class='ocrx_word' id='word_1_162' title='bbox 828 2109 849 2152; x_wconf 85' lang='lat' dir='ltr'>o</span> <span class='ocrx_word' id='word_1_163' title='bbox 872 2099 975 2152; x_wconf 81' lang='lat' dir='ltr'>vestre</span> <span class='ocrx_word' id='word_1_164' title='bbox 1000 2087 1041 2171; x_wconf 88' lang='lat' dir='ltr'>(si</span> <span class='ocrx_word' id='word_1_165' title='bbox 1071 2085 1150 2150; x_wconf 93' lang='lat' dir='ltr'>mihi</span> <span class='ocrx_word' id='word_1_166' title='bbox 1177 2083 1390 2165; x_wconf 83' lang='lat' dir='ltr'>credideritis)</span> 
     </span>
     <span class='ocr_line' id='line_1_21' title="bbox 352 2169 1394 2260; baseline -0.005 -23"><span class='ocrx_word' id='word_1_167' title='bbox 352 2171 490 2239; x_wconf 85' lang='lat' dir='ltr'>utilitate</span> <span class='ocrx_word' id='word_1_168' title='bbox 512 2174 625 2238; x_wconf 66' lang='lat' dir='ltr'>exsulo.</span> <span class='ocrx_word' id='word_1_169' title='bbox 671 2171 786 2258; x_wconf 83' lang='lat' dir='ltr'>Neque</span> <span class='ocrx_word' id='word_1_170' title='bbox 800 2193 876 2239; x_wconf 83' lang='lat' dir='ltr'>vero</span> <span class='ocrx_word' id='word_1_171' title='bbox 892 2193 958 2251; x_wconf 81' lang='lat' dir='ltr'>vos,</span> <span class='ocrx_word' id='word_1_172' title='bbox 980 2174 1036 2260; x_wconf 93' lang='lat' dir='ltr'>qui</span> <span class='ocrx_word' id='word_1_173' title='bbox 1059 2173 1145 2238; x_wconf 69' lang='lat' dir='ltr'>note</span> <span class='ocrx_word' id='word_1_174' title='bbox 1168 2169 1319 2236; x_wconf 72' lang='lat' dir='ltr'>hostibus</span> <span class='ocrx_word' id='word_1_175' title='bbox 1339 2169 1394 2233; x_wconf 80' lang='lat' dir='ltr'>ali·</span> 
     </span>
     <span class='ocr_line' id='line_1_22' title="bbox 354 2255 1393 2346; baseline -0.004 -22"><span class='ocrx_word' id='word_1_176' title='bbox 354 2258 485 2345; x_wconf 90' lang='lat' dir='ltr'>quando</span> <span class='ocrx_word' id='word_1_177' title='bbox 501 2259 666 2338; x_wconf 82' lang='lat' dir='ltr'>nocuistis,</span> <span class='ocrx_word' id='word_1_178' title='bbox 687 2259 765 2322; x_wconf 89' lang='lat' dir='ltr'>mihi</span> <span class='ocrx_word' id='word_1_179' title='bbox 789 2279 847 2343; x_wconf 90' lang='lat' dir='ltr'>pro</span> <span class='ocrx_word' id='word_1_180' title='bbox 869 2259 1014 2324; x_wconf 84' lang='lat' dir='ltr'>hostibus</span> <span class='ocrx_word' id='word_1_181' title='bbox 1036 2259 1137 2346; x_wconf 72' lang='lat' dir='ltr'>magis</span> <span class='ocrx_word' id='word_1_182' title='bbox 1151 2257 1225 2321; x_wconf 86' lang='lat' dir='ltr'>estis</span> <span class='ocrx_word' id='word_1_183' title='bbox 1246 2255 1393 2332; x_wconf 82' lang='lat' dir='ltr'>habendi,</span> 
     </span>
     <span class='ocr_line' id='line_1_23' title="bbox 354 2341 1395 2434; baseline -0.003 -27"><span class='ocrx_word' id='word_1_184' title='bbox 354 2365 450 2430; x_wconf 87' lang='lat' dir='ltr'>quam</span> <span class='ocrx_word' id='word_1_185' title='bbox 465 2344 521 2431; x_wconf 92' lang='lat' dir='ltr'>qui</span> <span class='ocrx_word' id='word_1_186' title='bbox 543 2344 662 2410; x_wconf 86' lang='lat' dir='ltr'>amicos</span> <span class='ocrx_word' id='word_1_187' title='bbox 682 2358 856 2434; x_wconf 77' lang='lat' dir='ltr'>coegerunt</span> <span class='ocrx_word' id='word_1_188' title='bbox 875 2345 982 2411; x_wconf 88' lang='lat' dir='ltr'>hostes</span> <span class='ocrx_word' id='word_1_189' title='bbox 1004 2343 1084 2410; x_wconf 86' lang='lat' dir='ltr'>fieri.</span> <span class='ocrx_word' id='word_1_190' title='bbox 1129 2342 1173 2406; x_wconf 88' lang='lat' dir='ltr'>Et</span> <span class='ocrx_word' id='word_1_191' title='bbox 1197 2363 1343 2408; x_wconf 86' lang='lat' dir='ltr'>amorem</span> <span class='ocrx_word' id='word_1_192' title='bbox 1363 2341 1395 2404; x_wconf 91' lang='lat' dir='ltr'>in</span> 
     </span>
     <span class='ocr_line' id='line_1_24' title="bbox 353 2429 1396 2516; baseline -0.002 -22"><span class='ocrx_word' id='word_1_193' title='bbox 353 2429 489 2514; x_wconf 83' lang='lat' dir='ltr'>petriam</span> <span class='ocrx_word' id='word_1_194' title='bbox 506 2431 637 2509; x_wconf 85' lang='lat' dir='ltr'>retineo,</span> <span class='ocrx_word' id='word_1_195' title='bbox 651 2451 717 2494; x_wconf 89' lang='lat' dir='ltr'>non</span> <span class='ocrx_word' id='word_1_196' title='bbox 728 2453 827 2516; x_wconf 90' lang='lat' dir='ltr'>quum</span> <span class='ocrx_word' id='word_1_197' title='bbox 843 2454 864 2495; x_wconf 90' lang='lat' dir='ltr'>o</span> <span class='ocrx_word' id='word_1_198' title='bbox 878 2434 953 2496; x_wconf 82' lang='lat' dir='ltr'>eneis</span> <span class='ocrx_word' id='word_1_199' title='bbox 965 2431 1080 2496; x_wconf 79' lang='lat' dir='ltr'>civibus</span> <span class='ocrx_word' id='word_1_200' title='bbox 1093 2429 1244 2516; x_wconf 87' lang='lat' dir='ltr'>injuriam</span> <span class='ocrx_word' id='word_1_201' title='bbox 1257 2429 1396 2514; x_wconf 83' lang='lat' dir='ltr'>occipio;</span> 
     </span>
     <span class='ocr_line' id='line_1_25' title="bbox 354 2515 1396 2602; baseline -0.002 -20"><span class='ocrx_word' id='word_1_202' title='bbox 354 2515 411 2582; x_wconf 91' lang='lat' dir='ltr'>sed</span> <span class='ocrx_word' id='word_1_203' title='bbox 436 2537 534 2602; x_wconf 91' lang='lat' dir='ltr'>quum</span> <span class='ocrx_word' id='word_1_204' title='bbox 556 2517 590 2580; x_wconf 90' lang='lat' dir='ltr'>in</span> <span class='ocrx_word' id='word_1_205' title='bbox 617 2516 780 2602; x_wconf 77' lang='lat' dir='ltr'>republica</span> <span class='ocrx_word' id='word_1_206' title='bbox 803 2530 873 2583; x_wconf 87' lang='lat' dir='ltr'>tuto</span> <span class='ocrx_word' id='word_1_207' title='bbox 895 2516 1050 2582; x_wconf 72' lang='lat' dir='ltr'>vivebam.</span> <span class='ocrx_word' id='word_1_208' title='bbox 1096 2515 1210 2602; x_wconf 85' lang='lat' dir='ltr'>Neque</span> <span class='ocrx_word' id='word_1_209' title='bbox 1235 2515 1396 2590; x_wconf 82' lang='lat' dir='ltr'>existimo,</span> 
     </span>
     <span class='ocr_line' id='line_1_26' title="bbox 353 2599 1398 2689; baseline -0.002 -23"><span class='ocrx_word' id='word_1_210' title='bbox 353 2623 407 2666; x_wconf 89' lang='lat' dir='ltr'>me</span> <span class='ocrx_word' id='word_1_211' title='bbox 421 2601 539 2667; x_wconf 88' lang='lat' dir='ltr'>bellum</span> <span class='ocrx_word' id='word_1_212' title='bbox 554 2601 725 2681; x_wconf 70' lang='lat' dir='ltr'>inferrem,</span> <span class='ocrx_word' id='word_1_213' title='bbox 741 2625 814 2689; x_wconf 80' lang='lat' dir='ltr'>quse</span> <span class='ocrx_word' id='word_1_214' title='bbox 829 2602 933 2668; x_wconf 84' lang='lat' dir='ltr'>adhuc</span> <span class='ocrx_word' id='word_1_215' title='bbox 946 2603 1051 2687; x_wconf 82' lang='lat' dir='ltr'>putria</span> <span class='ocrx_word' id='word_1_216' title='bbox 1065 2602 1143 2666; x_wconf 76' lang='lat' dir='ltr'>miti</span> <span class='ocrx_word' id='word_1_217' title='bbox 1157 2601 1216 2676; x_wconf 83' lang='lat' dir='ltr'>eit;</span> <span class='ocrx_word' id='word_1_218' title='bbox 1239 2599 1310 2665; x_wconf 90' lang='lat' dir='ltr'>imo</span> <span class='ocrx_word' id='word_1_219' title='bbox 1326 2621 1398 2664; x_wconf 86' lang='lat' dir='ltr'>vero</span> 
     </span>
     <span class='ocr_line' id='line_1_27' title="bbox 349 2687 1400 2775; baseline -0.001 -24"><span class='ocrx_word' id='word_1_220' title='bbox 349 2689 462 2772; x_wconf 89' lang='lat' dir='ltr'>potius</span> <span class='ocrx_word' id='word_1_221' title='bbox 475 2709 557 2764; x_wconf 89' lang='lat' dir='ltr'>eam,</span> <span class='ocrx_word' id='word_1_222' title='bbox 572 2711 646 2775; x_wconf 79' lang='lat' dir='ltr'>quse</span> <span class='ocrx_word' id='word_1_223' title='bbox 659 2690 737 2754; x_wconf 80' lang='lat' dir='ltr'>mihi</span> <span class='ocrx_word' id='word_1_224' title='bbox 751 2689 838 2754; x_wconf 84' lang='lat' dir='ltr'>nulia</span> <span class='ocrx_word' id='word_1_225' title='bbox 852 2701 910 2769; x_wconf 88' lang='lat' dir='ltr'>ast,</span> <span class='ocrx_word' id='word_1_226' title='bbox 925 2708 1125 2772; x_wconf 85' lang='lat' dir='ltr'>recuperare.</span> <span class='ocrx_word' id='word_1_227' title='bbox 1163 2690 1274 2772; x_wconf 84' lang='lat' dir='ltr'>Atque</span> <span class='ocrx_word' id='word_1_228' title='bbox 1287 2687 1317 2752; x_wconf 85' lang='lat' dir='ltr'>is</span> <span class='ocrx_word' id='word_1_229' title='bbox 1328 2707 1400 2750; x_wconf 80' lang='lat' dir='ltr'>vere</span> 
     </span>
     <span class='ocr_line' id='line_1_28' title="bbox 355 2772 1479 2946; baseline 0.001 -26"><span class='ocrx_word' id='word_1_230' title='bbox 355 2772 756 2946; x_wconf 49' lang='lat' dir='ltr'>mittimini?</span> <span class='ocrx_word' id='word_1_231' title='bbox 773 2774 1399 2946; x_wconf 49' lang='lat' dir='ltr'>bittuntittiitz‘tfflt‘:</span> <span class='ocrx_word' id='word_1_232' title='bbox 1477 2848 1479 2902; x_wconf 62' lang='lat'>³</span> 
     </span>
     <span class='ocr_line' id='line_1_29' title="bbox 356 2883 1400 3030; baseline -0.002 -22"><span class='ocrx_word' id='word_1_233' title='bbox 356 2943 444 3008; x_wconf 85' lang='lat' dir='ltr'>tione</span> <span class='ocrx_word' id='word_1_234' title='bbox 465 2965 654 3030; x_wconf 82' lang='lat' dir='ltr'>recuperare</span> <span class='ocrx_word' id='word_1_235' title='bbox 676 2883 822 3012; x_wconf 64' lang='lat' dir='ltr'>consiste.</span> <span class='ocrx_word' id='word_1_236' title='bbox 867 2946 1099 3024; x_wconf 79' lang='lat' dir='ltr'>Quamobrem,</span> <span class='ocrx_word' id='word_1_237' title='bbox 1115 2903 1400 3022; x_wconf 49' lang='lat' dir='ltr'>Lacedaemonis</span> 
     </span>
     <span class='ocr_line' id='line_1_30' title="bbox 357 3028 1479 3118; baseline 0.002 -27"><span class='ocrx_word' id='word_1_238' title='bbox 357 3031 546 3116; x_wconf 83' lang='lat' dir='ltr'>vobispeto‚</span> <span class='ocrx_word' id='word_1_239' title='bbox 562 3046 598 3097; x_wconf 92' lang='lat' dir='ltr'>ut</span> <span class='ocrx_word' id='word_1_240' title='bbox 612 3055 633 3097; x_wconf 94' lang='lat' dir='ltr'>o</span> <span class='ocrx_word' id='word_1_241' title='bbox 691 3055 710 3098; x_wconf 86' lang='lat' dir='ltr'>o</span> <span class='ocrx_word' id='word_1_242' title='bbox 731 3054 803 3099; x_wconf 86' lang='lat' dir='ltr'>mes</span> <span class='ocrx_word' id='word_1_243' title='bbox 824 3046 856 3098; x_wconf 89' lang='lat' dir='ltr'>et</span> <span class='ocrx_word' id='word_1_244' title='bbox 877 3033 909 3096; x_wconf 93' lang='lat' dir='ltr'>in</span> <span class='ocrx_word' id='word_1_245' title='bbox 933 3031 1082 3118; x_wconf 87' lang='lat' dir='ltr'>periculis</span> <span class='ocrx_word' id='word_1_246' title='bbox 1095 3044 1127 3096; x_wconf 91' lang='lat' dir='ltr'>et</span> <span class='ocrx_word' id='word_1_247' title='bbox 1141 3032 1176 3094; x_wconf 90' lang='lat' dir='ltr'>iu</span> <span class='ocrx_word' id='word_1_248' title='bbox 1189 3030 1344 3096; x_wconf 83' lang='lat' dir='ltr'>omnibus</span> <span class='ocrx_word' id='word_1_249' title='bbox 1357 3028 1402 3093; x_wconf 85' lang='lat' dir='ltr'>is-</span> <span class='ocrx_word' id='word_1_250' title='bbox 1478 3035 1479 3056; x_wconf 67' lang='lat'>¹</span> 
     </span>
     <span class='ocr_line' id='line_1_31' title="bbox 357 3115 1403 3204; baseline 0 -24"><span class='ocrx_word' id='word_1_251' title='bbox 357 3115 490 3182; x_wconf 84' lang='lat' dir='ltr'>boribus</span> <span class='ocrx_word' id='word_1_252' title='bbox 504 3117 620 3204; x_wconf 88' lang='lat' dir='ltr'>intrepi</span> <span class='ocrx_word' id='word_1_253' title='bbox 644 3141 663 3183; x_wconf 92' lang='lat' dir='ltr'>e</span> <span class='ocrx_word' id='word_1_254' title='bbox 679 3119 830 3184; x_wconf 74' lang='lat' dir='ltr'>staminis</span> <span class='ocrx_word' id='word_1_255' title='bbox 853 3132 886 3183; x_wconf 88' lang='lat' dir='ltr'>et</span> <span class='ocrx_word' id='word_1_256' title='bbox 906 3117 1011 3185; x_wconf 86' lang='lat' dir='ltr'>sciatis</span> <span class='ocrx_word' id='word_1_257' title='bbox 1032 3117 1077 3194; x_wconf 88' lang='lat' dir='ltr'>id,</span> <span class='ocrx_word' id='word_1_258' title='bbox 1093 3117 1179 3204; x_wconf 89' lang='lat' dir='ltr'>qnod</span> <span class='ocrx_word' id='word_1_259' title='bbox 1195 3117 1237 3182; x_wconf 88' lang='lat' dir='ltr'>sb</span> <span class='ocrx_word' id='word_1_260' title='bbox 1252 3115 1403 3181; x_wconf 86' lang='lat' dir='ltr'>omnibus</span> 
     </span>
     <span class='ocr_line' id='line_1_32' title="bbox 357 3201 1479 3290; baseline -0.001 -23"><span class='ocrx_word' id='word_1_261' title='bbox 357 3204 474 3288; x_wconf 79' lang='lat' dir='ltr'>passim</span> <span class='ocrx_word' id='word_1_262' title='bbox 493 3205 644 3290; x_wconf 83' lang='lat' dir='ltr'>jactetur,</span> <span class='ocrx_word' id='word_1_263' title='bbox 668 3205 704 3283; x_wconf 91' lang='lat' dir='ltr'>si,</span> <span class='ocrx_word' id='word_1_264' title='bbox 730 3205 808 3270; x_wconf 90' lang='lat' dir='ltr'>dum</span> <span class='ocrx_word' id='word_1_265' title='bbox 834 3203 935 3268; x_wconf 88' lang='lat' dir='ltr'>hostis</span> <span class='ocrx_word' id='word_1_266' title='bbox 959 3223 1058 3269; x_wconf 89' lang='lat' dir='ltr'>essem</span> <span class='ocrx_word' id='word_1_267' title='bbox 1084 3204 1177 3280; x_wconf 81' lang='lat' dir='ltr'>nobis,</span> <span class='ocrx_word' id='word_1_268' title='bbox 1196 3201 1405 3268; x_wconf 78' lang='lat' dir='ltr'>vehementer</span> <span class='ocrx_word' id='word_1_269' title='bbox 1478 3253 1479 3256; x_wconf 15' lang='grc' dir='ltr'>η</span> 
     </span>
     <span class='ocr_line' id='line_1_33' title="bbox 358 3289 1479 3374; baseline 0 -22"><span class='ocrx_word' id='word_1_270' title='bbox 358 3290 465 3367; x_wconf 86' lang='lat' dir='ltr'>nocui,</span> <span class='ocrx_word' id='word_1_271' title='bbox 489 3311 540 3354; x_wconf 92' lang='lat' dir='ltr'>me</span> <span class='ocrx_word' id='word_1_272' title='bbox 562 3291 669 3368; x_wconf 86' lang='lat' dir='ltr'>etism,</span> <span class='ocrx_word' id='word_1_273' title='bbox 692 3291 718 3356; x_wconf 92' lang='lat' dir='ltr'>si</span> <span class='ocrx_word' id='word_1_274' title='bbox 740 3292 824 3356; x_wconf 81' lang='lat' dir='ltr'>nohis</span> <span class='ocrx_word' id='word_1_275' title='bbox 838 3290 958 3355; x_wconf 82' lang='lat' dir='ltr'>amicus</span> <span class='ocrx_word' id='word_1_276' title='bbox 978 3291 1052 3368; x_wconf 66' lang='lat' dir='ltr'>sinn</span> <span class='ocrx_word' id='word_1_277' title='bbox 1068 3289 1206 3355; x_wconf 88' lang='lat' dir='ltr'>muitum</span> <span class='ocrx_word' id='word_1_278' title='bbox 1221 3289 1312 3356; x_wconf 82' lang='lat' dir='ltr'>nohis</span> <span class='ocrx_word' id='word_1_279' title='bbox 1330 3309 1406 3374; x_wconf 91' lang='lat' dir='ltr'>pro·</span> <span class='ocrx_word' id='word_1_280' title='bbox 1477 3327 1479 3360; x_wconf 58' lang='lat'>,</span> 
     </span>
     <span class='ocr_line' id='line_1_34' title="bbox 358 3373 1479 3478; baseline 0 -40"><span class='ocrx_word' id='word_1_281' title='bbox 358 3373 553 3476; x_wconf 33' lang='lat' dir='ltr'>dessenposse</span> <span class='ocrx_word' id='word_1_282' title='bbox 561 3399 570 3452; x_wconf 88' lang='lat'>;</span> <span class='ocrx_word' id='word_1_283' title='bbox 594 3376 690 3477; x_wconf 71' lang='lat' dir='ltr'>itique</span> <span class='ocrx_word' id='word_1_284' title='bbox 712 3398 747 3440; x_wconf 91' lang='lat' dir='ltr'>eo</span> <span class='ocrx_word' id='word_1_285' title='bbox 761 3380 870 3462; x_wconf 82' lang='lat' dir='ltr'>magis,</span> <span class='ocrx_word' id='word_1_286' title='bbox 886 3399 952 3462; x_wconf 93' lang='lat' dir='ltr'>quo</span> <span class='ocrx_word' id='word_1_287' title='bbox 972 3378 1072 3460; x_wconf 69' lang='lat' dir='ltr'>magei</span> <span class='ocrx_word' id='word_1_288' title='bbox 1091 3396 1142 3476; x_wconf 76' lang='lat' dir='ltr'>res</span> <span class='ocrx_word' id='word_1_289' title='bbox 1155 3373 1290 3478; x_wconf 60' lang='lat' dir='ltr'>quieiem</span> <span class='ocrx_word' id='word_1_290' title='bbox 1306 3373 1408 3441; x_wconf 77' lang='lat' dir='ltr'>Atbe-</span> <span class='ocrx_word' id='word_1_291' title='bbox 1478 3375 1479 3462; x_wconf 61' lang='lat' dir='ltr'>i</span> 
     </span>
     <span class='ocr_line' id='line_1_35' title="bbox 358 3463 1410 3632; baseline 0.002 -22"><span class='ocrx_word' id='word_1_292' title='bbox 358 3463 1410 3632; x_wconf 47' lang='lat' dir='ltr'>tittinstitituit„ttutfft‘ffitttt‘tt</span> 
     </span>
     <span class='ocr_line' id='line_1_36' title="bbox 352 3630 1479 3717; baseline 0.003 -22"><span class='ocrx_word' id='word_1_293' title='bbox 352 3632 459 3696; x_wconf 87' lang='lat' dir='ltr'>menti</span> <span class='ocrx_word' id='word_1_294' title='bbox 474 3633 569 3698; x_wconf 84' lang='lat' dir='ltr'>rebus</span> <span class='ocrx_word' id='word_1_295' title='bbox 590 3633 763 3699; x_wconf 85' lang='lat' dir='ltr'>consultari</span> <span class='ocrx_word' id='word_1_296' title='bbox 778 3635 928 3711; x_wconf 84' lang='lat' dir='ltr'>sentiatis,</span> <span class='ocrx_word' id='word_1_297' title='bbox 944 3655 985 3698; x_wconf 89' lang='lat' dir='ltr'>ne</span> <span class='ocrx_word' id='word_1_298' title='bbox 1006 3630 1241 3717; x_wconf 79' lang='lat' dir='ltr'>expeditionem</span> <span class='ocrx_word' id='word_1_299' title='bbox 1264 3633 1303 3698; x_wconf 85' lang='lat' dir='ltr'>in</span> <span class='ocrx_word' id='word_1_300' title='bbox 1329 3631 1412 3698; x_wconf 87' lang='lat' dir='ltr'>Sici·</span> <span class='ocrx_word' id='word_1_301' title='bbox 1478 3665 1479 3712; x_wconf 58' lang='lat' dir='ltr'>n</span> 
     </span>
     <span class='ocr_line' id='line_1_37' title="bbox 358 3715 1479 3806; baseline 0.004 -26"><span class='ocrx_word' id='word_1_302' title='bbox 358 3717 434 3781; x_wconf 84' lang='lat' dir='ltr'>liam</span> <span class='ocrx_word' id='word_1_303' title='bbox 461 3731 556 3804; x_wconf 83' lang='lat' dir='ltr'>utque</span> <span class='ocrx_word' id='word_1_304' title='bbox 581 3721 615 3786; x_wconf 89' lang='lat' dir='ltr'>in</span> <span class='ocrx_word' id='word_1_305' title='bbox 641 3723 780 3786; x_wconf 81' lang='lat' dir='ltr'>Atticam</span> <span class='ocrx_word' id='word_1_306' title='bbox 806 3721 965 3804; x_wconf 85' lang='lat' dir='ltr'>suscipere</span> <span class='ocrx_word' id='word_1_307' title='bbox 986 3739 1043 3783; x_wconf 84' lang='lat' dir='ltr'>sos</span> <span class='ocrx_word' id='word_1_308' title='bbox 1065 3718 1190 3806; x_wconf 77' lang='lat' dir='ltr'>pigeat:</span> <span class='ocrx_word' id='word_1_309' title='bbox 1224 3731 1263 3784; x_wconf 90' lang='lat' dir='ltr'>ut</span> <span class='ocrx_word' id='word_1_310' title='bbox 1288 3721 1413 3806; x_wconf 74' lang='lat' dir='ltr'>exigna</span> <span class='ocrx_word' id='word_1_311' title='bbox 1478 3715 1479 3740; x_wconf 61' lang='lat'><em>³</em></span> 
     </span>
     <span class='ocr_line' id='line_1_38' title="bbox 358 3805 1414 3893; baseline 0.002 -24"><span class='ocrx_word' id='word_1_312' title='bbox 358 3823 457 3869; x_wconf 81' lang='lat' dir='ltr'>manu</span> <span class='ocrx_word' id='word_1_313' title='bbox 485 3807 561 3870; x_wconf 79' lang='lat' dir='ltr'>illuc</span> <span class='ocrx_word' id='word_1_314' title='bbox 590 3829 655 3872; x_wconf 88' lang='lat' dir='ltr'>uno</span> <span class='ocrx_word' id='word_1_315' title='bbox 686 3806 831 3891; x_wconf 80' lang='lat' dir='ltr'>proiecti,</span> <span class='ocrx_word' id='word_1_316' title='bbox 861 3827 912 3870; x_wconf 86' lang='lat' dir='ltr'>res</span> <span class='ocrx_word' id='word_1_317' title='bbox 940 3827 1082 3893; x_wconf 79' lang='lat' dir='ltr'>magnes,</span> <span class='ocrx_word' id='word_1_318' title='bbox 1112 3827 1187 3891; x_wconf 83' lang='lat' dir='ltr'>quse</span> <span class='ocrx_word' id='word_1_319' title='bbox 1219 3805 1290 3872; x_wconf 88' lang='lat' dir='ltr'>illic</span> <span class='ocrx_word' id='word_1_320' title='bbox 1324 3819 1414 3884; x_wconf 84' lang='lat' dir='ltr'>sunt,</span> 
     </span>
     <span class='ocr_line' id='line_1_39' title="bbox 360 3891 1479 3977; baseline 0.004 -23"><span class='ocrx_word' id='word_1_321' title='bbox 360 3892 574 3969; x_wconf 83' lang='lat' dir='ltr'>conservetis3</span> <span class='ocrx_word' id='word_1_322' title='bbox 611 3904 643 3956; x_wconf 92' lang='lat' dir='ltr'>et</span> <span class='ocrx_word' id='word_1_323' title='bbox 665 3891 909 3957; x_wconf 85' lang='lat' dir='ltr'>Atheniensium</span> <span class='ocrx_word' id='word_1_324' title='bbox 933 3891 1126 3977; x_wconf 67' lang='lat' dir='ltr'>potentium</span> <span class='ocrx_word' id='word_1_325' title='bbox 1153 3904 1185 3956; x_wconf 88' lang='lat' dir='ltr'>et</span> <span class='ocrx_word' id='word_1_326' title='bbox 1209 3908 1413 3976; x_wconf 66' lang='lat' dir='ltr'>praeeuntem</span> <span class='ocrx_word' id='word_1_327' title='bbox 1477 3893 1479 3960; x_wconf 64' lang='grc' dir='ltr'><em>ἕ</em></span> 
     </span>
     <span class='ocr_line' id='line_1_40' title="bbox 361 3965 1479 4062; baseline 0.007 -22"><span class='ocrx_word' id='word_1_328' title='bbox 361 3989 394 4040; x_wconf 87' lang='lat' dir='ltr'>et</span> <span class='ocrx_word' id='word_1_329' title='bbox 414 3972 563 4049; x_wconf 81' lang='lat' dir='ltr'>futuram,</span> <span class='ocrx_word' id='word_1_330' title='bbox 588 3980 751 4044; x_wconf 82' lang='lat' dir='ltr'>evertetis:</span> <span class='ocrx_word' id='word_1_331' title='bbox 774 3994 807 4043; x_wconf 93' lang='lat' dir='ltr'>et</span> <span class='ocrx_word' id='word_1_332' title='bbox 831 3980 864 4042; x_wconf 91' lang='lat' dir='ltr'>in</span> <span class='ocrx_word' id='word_1_333' title='bbox 887 3990 1048 4062; x_wconf 84' lang='lat' dir='ltr'>posterum</span> <span class='ocrx_word' id='word_1_334' title='bbox 1071 3978 1131 4061; x_wconf 83' lang='lat' dir='ltr'>ipsi</span> <span class='ocrx_word' id='word_1_335' title='bbox 1154 3990 1225 4042; x_wconf 92' lang='lat' dir='ltr'>tuto</span> <span class='ocrx_word' id='word_1_336' title='bbox 1241 3983 1277 4044; x_wconf 81' lang='lat' dir='ltr'>in</span> <span class='ocrx_word' id='word_1_337' title='bbox 1298 3981 1415 4045; x_wconf 82' lang='lat' dir='ltr'>nestris</span> <span class='ocrx_word' id='word_1_338' title='bbox 1477 3965 1479 4048; x_wconf 83' lang='lat' dir='ltr'>i</span> 
     </span>
     <span class='ocr_line' id='line_1_41' title="bbox 359 4061 1415 4142; baseline 0.003 -16"><span class='ocrx_word' id='word_1_339' title='bbox 359 4061 479 4128; x_wconf 83' lang='lat' dir='ltr'>sedibus</span> <span class='ocrx_word' id='word_1_340' title='bbox 507 4062 666 4142; x_wconf 83' lang='lat' dir='ltr'>habitetis,</span> <span class='ocrx_word' id='word_1_341' title='bbox 689 4079 721 4129; x_wconf 90' lang='lat' dir='ltr'>et</span> <span class='ocrx_word' id='word_1_342' title='bbox 754 4065 910 4130; x_wconf 82' lang='lat' dir='ltr'>universoe</span> <span class='ocrx_word' id='word_1_343' title='bbox 946 4061 1085 4129; x_wconf 80' lang='lat' dir='ltr'>Graeciae</span> <span class='ocrx_word' id='word_1_344' title='bbox 1112 4085 1177 4127; x_wconf 88' lang='lat' dir='ltr'>non</span> <span class='ocrx_word' id='word_1_345' title='bbox 1205 4063 1334 4142; x_wconf 80' lang='lat' dir='ltr'>invitoe,</span> <span class='ocrx_word' id='word_1_346' title='bbox 1358 4063 1415 4129; x_wconf 77' lang='lat' dir='ltr'>sesi</span> 
     </span>
    </p>
   </div>
   <div class='ocr_carea' id='block_1_5' title="bbox 361 4147 1415 4296">
    <p class='ocr_par' dir='ltr' id='par_1_6' title="bbox 361 4147 1415 4296">
     <span class='ocr_line' id='line_1_42' title="bbox 361 4147 1415 4296; baseline 0.006 -84"><span class='ocrx_word' id='word_1_347' title='bbox 361 4147 561 4296; x_wconf 58' lang='lat' dir='ltr'>pipipnterim</span> <span class='ocrx_word' id='word_1_348' title='bbox 600 4163 632 4215; x_wconf 89' lang='lat' dir='ltr'>et</span> <span class='ocrx_word' id='word_1_349' title='bbox 665 4171 723 4236; x_wconf 88' lang='lat' dir='ltr'>per</span> <span class='ocrx_word' id='word_1_350' title='bbox 760 4150 1008 4218; x_wconf 85' lang='lat' dir='ltr'>benevolentiam</span> <span class='ocrx_word' id='word_1_351' title='bbox 1042 4149 1213 4236; x_wconf 88' lang='lat' dir='ltr'>imperium</span> <span class='ocrx_word' id='word_1_352' title='bbox 1262 4151 1415 4217; x_wconf 73' lang='lat' dir='ltr'>obtinet·</span> 
     </span>
    </p>
   </div>
   <div class='ocr_carea' id='block_1_6' title="bbox 0 0 1519 4786">
    <p class='ocr_par' dir='ltr' id='par_1_7' title="bbox 0 0 1519 4786">
     <span class='ocr_line' id='line_1_43' title="bbox 0 0 1519 4786; baseline 0 0"><span class='ocrx_word' id='word_1_353' title='bbox 0 0 1519 4786; x_wconf 95' lang='lat' dir='ltr'> </span> 
     </span>
    </p>
   </div>
  </div>
 </body>
</html>
