2996 4782
355 247 401 308 dt
725 235 1026 308 THUCYDIDIS

354 425 446 499 peste
459 410 680 488 disuaserunt,
695 412 780 478 arcis
793 410 939 478 custodis
960 431 1133 497 rerumque
1144 432 1270 480 summu
1283 434 1402 482 uorem

355 497 574 564 Archontibus
585 497 765 578 commissa,
782 507 819 562 ut
828 519 878 564 res
887 499 970 578 illus,
985 513 1082 583 prout
1095 496 1252 583 optinsum
1267 497 1340 567 iore
1347 501 1401 587 ju-

354 586 510 661 dicarent,
525 586 682 649 srbitrstu
694 606 752 649 suo
766 583 1036 650 administrarent.
1059 583 1157 650 Tune
1167 599 1273 652 sutem
1283 607 1401 652 novem

354 671 538 738 Archontes
551 691 701 772 inagnum
720 691 828 736 rerum
852 671 891 734 sd
912 669 1155 756 Rempuhlicsm
1255 673 1400 740 nentium

353 771 477 846 partem
493 758 769 844 sdmintstrehsnt.
813 757 1007 844 Atquicum
1019 756 1144 844 Cylcns
1158 781 1179 822 o
1216 759 1400 836 idsbantur,

352 846 437 911 male
450 869 484 910 se
498 845 669 921 habebunt,
685 845 761 932 quis
775 842 839 909 cibi
861 859 893 909 et
911 865 1007 929 squoe
1026 845 1136 929 inopis
1159 846 1400 930 premebuntur.

353 933 419 999 Sed
446 933 550 1018 Cylon
575 931 715 1018 quidem,
741 931 874 1032 ejusque
895 928 993 996 irater
1018 929 1222 1015 aufugerunt.
1279 932 1400 998 Cetei

219 1027 222 1035 '
353 1041 437 1098 sero,
450 1041 523 1084 oum
539 1031 773 1104 premerentur,
788 1017 962 1102 quinctium
977 1039 1051 1082 curn
1067 1017 1213 1082 nonnulli
1238 1016 1399 1103 ismejurs

352 1118 554 1183 necarentur,
570 1105 611 1169 ud
626 1125 727 1182 eram,
742 1125 816 1190 qum
836 1115 884 1168 est
900 1103 932 1167 in
959 1125 1042 1180 erce,
1059 1105 1219 1189 supplices
1232 1103 1398 1174 sederunt.

354 1193 416 1258 Sed
433 1192 490 1272 illi,
507 1193 625 1278 quibus
638 1193 724 1256 ercis
735 1189 883 1254 custodis
904 1189 946 1254 sb
966 1189 1214 1258 Atheniensibus
1228 1193 1399 1259 commissa

352 1278 559 1358 fustaneum
584 1281 591 1341 i
631 1299 667 1341 os
689 1279 723 1341 in
751 1275 870 1361 templo
897 1278 1069 1344 morientes
1085 1277 1240 1355 viderent,
1265 1299 1397 1364 surgere

346 1361 1397 1518 {tillutihltthtltlltidiffiniit&³

351 1540 406 1626 qui
433 1539 474 1603 sd
493 1539 707 1614 Eumenidum,
729 1537 1008 1602 ‘venerandorum
1032 1535 1189 1615 Deernm,
1210 1557 1282 1602 ares
1307 1493 1397 1604 sede³

351 1623 440 1701 baut
463 1623 568 1688 obiter
589 1626 826 1688 interernemnt
871 1624 980 1710 Atque
993 1622 1054 1687 bac
1068 1621 1109 1687 de
1134 1645 1229 1688 cuusa
1250 1621 1396 1690 scelerati

351 1711 495 1796 etimpii,
510 1708 599 1796 quod
609 1707 1090 1794 scelusacpiaculuminDesm
1100 1708 1312 1788 admisissent,
1328 1723 1396 1778 tem

352 1795 399 1862 iili
414 1817 510 1886 quum
533 1817 644 1861 omnes
664 1795 705 1862 sb
728 1794 790 1860 illis
811 1794 941 1862 oriundi
960 1808 1035 1862 sunt
1058 1795 1218 1882 appellati.
1256 1796 1396 1864 Atheni-

351 1903 442 1950 snses
463 1884 562 1972 igitur
577 1883 647 1964 bos,
666 1883 721 1969 qui
741 1881 817 1948 huic
835 1881 965 1968 piaculo
985 1899 1078 1948 erent
1095 1881 1241 1959 obnoxii,
1254 1883 1289 1948 in
1311 1883 1396 1950 exsi-

351 1969 430 2036 lium
446 1969 649 2061 pepuierunt.
695 1968 885 2034 Cleomenes
894 1969 988 2034 etium
1002 1967 1269 2034 Lscedaemonius
1283 1984 1396 2055 postea

351 2077 425 2122 cum
452 2054 698 2123 Atheniensibus
728 2055 884 2122 seditione
905 2054 1127 2122 laborantibus
1146 2055 1283 2141 expulit.
1344 2058 1399 2122 Hi

351 2147 432 2208 suist
446 2157 479 2208 et
492 2145 581 2208 visos
595 2142 798 2227 expulerunt,
815 2153 849 2208 et
861 2140 1085 2208 defunctorum
1103 2163 1175 2208 ossa
1189 2142 1324 2210 collecta
1338 2143 1396 2208 ab·

346 2231 503 2315 jecerunt.
558 2228 673 2293 Poetes
695 2241 801 2295 temen
829 2229 1003 2310 redieruut,
1026 2249 1203 2314 eorumque
1222 2249 1325 2316 genus
1347 2240 1396 2294 est

352 2315 458 2381 edhuc
473 2318 505 2382 in
521 2315 658 2381 civitate.
783 2337 785 2344 ‘

401 2409 474 2472 127.
499 2402 574 2468 Ηοο
584 2402 680 2490 igitur
691 2399 851 2486 piaculum
866 2399 1104 2466 Lucsdssmonii
1118 2401 1397 2486 exterminerijus·

351 2503 473 2567 munt,
489 2489 573 2567 Diis,
589 2488 719 2567 scilicet,
736 2487 875 2572 primum
887 2489 1050 2572 religionis
1066 2490 1166 2571 specs'e
1180 2507 1274 2572 opem
1291 2486 1396 2552 feren·

351 2588 418 2641 tes:
442 2588 475 2641 at
488 2599 596 2640 revera
621 2585 688 2638 tum
710 2574 787 2661 quis
800 2572 951 2650 sciebant,
969 2573 1124 2640 Periclem
1149 2572 1333 2659 Xanthippi
1344 2577 1395 2656 fl·

351 2665 427 2726 lium
436 2661 513 2726 huic
522 2659 651 2750 piaculo
659 2673 790 2747 propter
801 2673 977 2724 maternum
988 2659 1224 2744 genusuffiuem
1236 2671 1395 2737 esse,tum

351 2748 447 2812 etism
463 2749 539 2834 quia
553 2746 727 2812 crsdebsnt
747 2745 803 2812 illo
818 2746 968 2831 expulso,
980 2769 1028 2824 es,
1044 2769 1117 2832 quoe
1132 2747 1173 2814 ub
1189 2745 1395 2814 Atheniensi·

351 2833 412 2899 bus
433 2833 503 2898 fleri
525 2833 687 2909 volebant,
710 2833 771 2896 sibi
795 2831 919 2898 lucilius
942 2855 1135 2900 successum.
1179 2833 1257 2900 Non
1284 2846 1393 2898 temen

350 2919 613 3006 temperabunt,
629 2919 690 2983 hoe
705 2919 751 2984 illi
771 2929 970 2997 eventurum,
986 2941 1082 3006 quern
1106 2919 1169 2984 hoc
1182 2919 1288 3005 ipsum
1312 2920 1396 2985 insi·

350 3007 437 3071 diem
453 3007 539 3094 spud
553 3006 710 3092 populum
732 3005 780 3070 illi
793 3005 1017 3082 cordatorum,
1033 3007 1121 3092 qussi
1144 3007 1187 3071 cb
1210 3005 1295 3072 iliius
1309 3005 1395 3072 cula·

351 3093 493 3158 mitatem
510 3113 627 3178 magns
641 3115 680 3160 ex
694 3105 786 3177 parte
800 3089 862 3156 boc
877 3090 996 3156 bellum
1010 3107 1090 3158 esset
1104 3091 1260 3158 futurum.
1305 3095 1394 3158 Num

350 3201 424 3245 cum
478 3180 985 3246 tentissimussssetomniumsuae
997 3178 1394 3256 retetishominurn,cum·

349 3264 1395 3421 messeniisintutuiussissetis·

350 3439 437 3518 dere,
454 3439 508 3504 sed
524 3441 563 3504 sd
579 3437 697 3503 bellurn
712 3459 763 3502 eos
776 3437 941 3502 incitsbut.
1291 3459 1294 3466 ’

396 3531 469 3589 128.
494 3524 705 3589 Athenienses
717 3545 791 3590 sero
802 3523 901 3608 stipsi
913 3523 1051 3588 vicissim
1063 3523 1321 3590 Laoedsemoniis
1333 3526 1393 3590 im·

408 3624 514 3688 erunt,
531 3623 568 3675 ut
581 3609 663 3688 illos,
701 3611 734 3674 ui
748 3608 876 3695 piaculo
890 3609 932 3676 sd
947 3607 1122 3675 Taeunrum
1138 3610 1277 3675 admisso
1302 3625 1393 3678 tene·

349 3631 478 3774 mittun,
493 3717 535 3761 ex
558 3695 638 3760 urbe
651 3631 815 3781 pilleseut.
860 3695 1097 3761 Lscedoemouii
1120 3697 1205 3761 enim
1221 3719 1296 3762 cum
1311 3697 1393 3764 oiim

350 3781 489 3848 Heiutus
510 3803 569 3866 sup
592 3782 667 3847 lices
681 3803 722 3846 ex
745 3781 890 3868 Neptuni
905 3782 1064 3868 templus
1089 3781 1231 3847 Toensrc
1252 3782 1394 3850 excitus·

349 3881 429 3946 sent,
444 3889 498 3935 eos
585 3880 676 3932 uctos
692 3867 927 3932 interfecerunt.
973 3867 1191 3945 Quamobrem
1208 3871 1304 3934 etiam
1321 3873 1393 3937 Lu·

348 3957 528 4020 cedaemouii
544 3976 695 4046 magnum
720 3954 811 4020 illum
833 3967 1069 4020 terrm-motum
1084 3957 1211 4040 Spsrtoe
1237 3957 1323 4022 sibii
1350 3960 1393 4024 sis

348 4039 501 4107 eccidisse
519 4054 644 4127 putant.
689 4040 766 4106 Illos
779 4054 934 4127 praeterea
948 4040 1109 4126 piaculum
1136 3979 1349 4109 Pelusiaci

684 4214 852 4262 tsevsssrum
867 4213 926 4262 Aru.
961 4213 1049 4262 liuns.
