2964 4786
373 289 438 348 366
736 277 1045 348 THUCYDlDlS

277 467 340 515 serr.
376 452 444 518 lllis
457 451 543 518 enim
564 449 711 516 adductis
732 453 765 516 in
783 452 917 518 Veneris
938 451 1058 532 fanum,
1074 449 1161 538 quod
1182 463 1232 514 ert
1248 451 1281 516 ln
1299 448 1398 536 Eryee,

267 531 350 644 Νῗζ
372 539 582 604 ostenderunt
602 537 745 615 doneris,
766 537 897 622 phialas,
919 537 1040 615 trullas,
1061 535 1234 614 thuribula,
1253 549 1401 602 ooeteram·

260 607 358 722 3⁸7„ss
375 649 438 713 que
453 645 518 688 non
534 645 669 709 paucam
685 623 929 709 supellectilem
951 624 1056 710 ¹²un
1072 644 1171 709 quum
1186 635 1290 688 essem
1302 644 1401 709 argeu-

270 725 310 772 st.
327 727 350 774 t.
373 724 436 790 tea,
451 709 546 797 longe
563 711 714 797 majorem
730 709 841 774 solidoe
862 709 1037 796 opulentiae
1058 709 1195 794 speciem
1218 709 1401 792 praebebant,

273 789 345 898 Ψ·
373 819 465 883 quom
490 819 525 860 re
546 799 616 880 ipro
639 795 793 872 mkboat,
817 796 903 882 quod
923 809 1027 860 essent
1048 797 1137 880 parvi
1161 795 1267 880 pretii.
1311 795 1402 872 Quis-

279 867 349 966 ff
374 885 470 948 etiam
485 881 634 965 privatim
649 883 789 967 exeeptis
804 881 943 968 bospitio
958 880 1031 963 illis,
1042 882 1099 966 qui
1114 879 1296 946 triremibus
1309 884 1349 945 od
1360 903 1403 946 eor

375 969 499 1035 advecti
513 967 650 1046 luerent,
667 989 741 1032 cum
755 989 797 1033 ex
816 969 886 1052 ipre
901 967 1020 1068 Egesta
1033 969 1137 1030 onnia
1152 978 1220 1032 tum
1235 989 1330 1032 aurea
1342 981 1402 1031 tum

374 1069 524 1143 argentea
539 1053 655 1139 pocula
669 1053 812 1134 collecta,
828 1069 894 1118 tum
910 1068 1004 1119 ettam
1019 1074 1058 1118 ex
1076 1052 1185 1118 vicinis
1199 1065 1265 1116 tarn
1284 1053 1404 1118 Phoeni·

373 1164 448 1207 cum
472 1162 567 1228 quam
582 1141 775 1206 Graecorum
798 1139 932 1205 urbibus
956 1151 1136 1225 corrugata,
1152 1141 1184 1202 in
1207 1140 1355 1204 eonviviis
1374 1153 1405 1202 ut

373 1251 464 1294 suam
478 1228 598 1314 quique
612 1226 816 1291 domesticam
832 1225 1058 1310 supellectilem
1072 1224 1297 1290 exhibuerant.
1329 1225 1405 1290 Cum

372 1329 481 1379 autem
505 1334 616 1378 omues
637 1314 848 1378 convivatores
869 1311 979 1376 iisdem
1001 1312 1121 1394 postelis
1143 1309 1330 1396 plerumque
1348 1327 1405 1376 ute

374 1413 498 1477 rentur,
514 1413 546 1464 et
569 1398 669 1462 multa
695 1397 813 1484 ubique
834 1398 1104 1483 conspicarentur,
1124 1396 1287 1482 ingentem
1310 1411 1407 1482 stupo-

375 1506 442 1549 rem
470 1483 643 1550 efferebant
665 1484 922 1562 Atheniensibus,
939 1482 994 1569 qui
1019 1482 1202 1548 triremibus
1224 1485 1271 1546 ad
1289 1506 1338 1548 eor
1358 1481 1408 1548 ad-

375 1571 456 1636 vecti
471 1569 607 1636 suerant.
641 1569 753 1647 Quare
767 1569 909 1635 Athenas
923 1569 1038 1634 reversi
1053 1568 1267 1718 divulffiarant,
1283 1591 1315 1634 se
1329 1591 1408 1656 mag·

375 1677 450 1722 nam
476 1657 622 1741 pecunias
647 1657 711 1720 vim
736 1659 949 1740 conspexisse.
994 1655 1026 1720 A
1064 1677 1103 1720 ue
1128 1655 1138 1718 i
1164 1655 1171 1668 '
1198 1653 1338 1740 quidem,
1359 1655 1407 1742 qni

376 1765 449 1807 cum
466 1743 525 1828 ipsi
540 1743 665 1828 decepti
682 1741 819 1820 fuerant,
836 1754 903 1807 tum
918 1741 1014 1806 etiam
1037 1764 1055 1804 n
1070 1741 1106 1804 'is
1128 1753 1205 1804 tunc
1218 1741 1276 1804 hoc
1291 1764 1408 1826 persua·

375 1843 492 1905 emunt,
526 1841 694 1916 postquam
729 1828 784 1893 bic
818 1849 929 1892 rumor
957 1826 1141 1903 dimanavit,
1172 1829 1322 1911 pecunias
1349 1826 1410 1892 illas

378 1915 509 2002 Egesta¹
523 1937 587 1980 non
603 1937 679 1991 csse,
695 1914 832 2000 graviter
846 1937 867 1979 a
881 1913 1033 1977 militibus
1047 1913 1288 1978 accusabantur.
1311 1913 1411 1980 Duces

377 2016 483 2068 autem
499 2023 559 2086 pro
596 2002 723 2066 roesenti
739 2021 844 2064 rerum
857 2011 942 2064 statu
959 1997 1140 2063 cmsultare
1155 2015 1334 2083 coeperunt.

304 2091 309 2098 “
420 2095 472 2157 47.
497 2087 540 2152 Et
558 2023 668 2151 elicta
681 2086 811 2172 quidem
832 2086 990 2150 sententia
1002 2087 1067 2148 leat
1080 2097 1159 2159 erat,
1177 2098 1214 2149 ut
1226 2107 1301 2150 cum
1315 2087 1411 2151 0ωηί-

376 2174 436 2238 bus
451 2173 552 2257 copiis
563 2172 714 2238 ¹adversus
727 2171 923 2236 Selinuntem
940 2171 1152 2256 navigaretur,
1165 2172 1256 2256 cujus
1271 2172 1318 2236 rei
1327 2195 1414 2238 caum

375 2259 577 2343 potissimum
599 2258 685 2321 missi
706 2257 848 2323 luissent.
895 2257 948 2334 Et,
964 2257 988 2322 ei
1011 2255 1140 2343 quidem
1163 2255 1304 2342 Egestaei
1325 2281 1415 2344 pren·

377 2345 446 2409 nias
462 2343 609 2408 universo
622 2343 776 2408 exercitui
791 2343 1041 2427 suppeditarent,
1058 2352 1118 2426 pro
1137 2344 1284 2428 pecuniae
1299 2367 1417 2410 summa

375 2429 544 2494 consilinm
567 2445 750 2515 caperetur-3
774 2431 821 2494 sin
845 2430 959 2504 minus,
982 2430 1023 2493 ab
1044 2429 1121 2514 ipsis
1142 2429 1371 2512 postularetur,
1385 2445 1419 2496 nt

377 2517 545 2604 raxsginta
566 2516 710 2594 navibus,
725 2539 804 2602 quaa
827 2518 887 2598 ipsi
906 2515 1079 2602 petiissent,
1095 2515 1216 2580 cibaria
1234 2519 1417 2603 suppedita-

378 2616 469 2679 rent3
491 2618 588 2690 atque
609 2606 653 2668 ric
675 2604 874 2668 Athenienses
895 2603 941 2666 iti
961 2618 1196 2686 permanerent,
1211 2601 1321 2670 donec
1342 2604 1419 2672 Seli·

378 2690 506 2754 nuntius
528 2691 604 2774 ipsis
619 2691 771 2774 Egestcer‘s
788 2688 835 2754 vel
857 2688 887 2752 vi
908 2687 956 2752 vel
978 2689 1124 2771 pactione
1145 2691 1418 2765 reconciliantem

376 2787 410 2838 et
425 2777 468 2838 ita
483 2790 614 2840 caeteras
631 2776 771 2839 civitates
791 2774 927 2850 obirent,
943 2787 974 2840 et
996 2774 1051 2840 ubi
1069 2775 1273 2840 Atheniensis
1296 2779 1421 2862 reipub

378 2859 449 2924 lirae
474 2860 651 2944 potentiam
673 2863 751 2944 ipris
772 2860 990 2939 ostendissent,
1014 2871 1046 2924 et
1065 2883 1151 2926 saroa
1174 2862 1207 2925 in
1229 2864 1355 2928 amicos
1376 2887 1423 2927 so-

377 2946 506 3032 ciosque
534 2947 676 3012 studium
706 2947 982 3024 demonstrassent,
1009 2947 1141 3013 domurn
1168 2948 1324 3026 redirent,
1352 2950 1423 3036 (uisi

378 3031 459 3096 forte
473 3035 559 3098 brevi
575 3037 720 3117 temporis
732 3035 845 3117 spatio,
860 3047 893 3098 et
907 3056 948 3098 ex
971 3033 1136 3117 inopinato
1156 3033 1268 3122 aliqua
1290 3035 1425 3102 facultas

377 3117 555 3197 offerretur,
571 3143 635 3206 qua
657 3119 773 3195 oblate,
792 3119 842 3184 vel
864 3119 1039 3185 Leontinos
1059 3121 1182 3204 juvare,
1206 3121 1259 3186 vel
1282 3124 1424 3210 aliquam

377 3205 512 3270 aliarum
527 3207 690 3271 civitatum
706 3207 767 3270 sibi
786 3206 962 3294 adjungere
976 3207 1129 3293 possent)
1147 3229 1251 3292 neque
1265 3231 1345 3274 suas
1360 3209 1427 3296 qai·

378 3313 442 3376 que
454 3291 620 3357 facultates
643 3291 827 3375 reipublicae
842 3313 938 3357 causa
959 3305 1190 3370 consumentes,
1206 3296 1428 3379 rempublicam

380 3380 411 3440 in
428 3378 604 3462 periculum
619 3377 826 3443 adducerent.

423 3474 475 3529 48.
499 3463 679 3529 Alcibiades
695 3487 769 3528 vero
784 3465 919 3544 dicebat,
934 3487 998 3528 non
1023 3479 1170 3549 oportere
1183 3489 1217 3530 se
1231 3490 1313 3532 curn
1336 3467 1430 3534 tantis
1478 3541 1480 3548 Α

378 3552 478 3630 copiis
494 3551 625 3614 Athenis
644 3552 784 3627 emissos,
801 3553 947 3636 turpiter,
963 3574 1000 3615 ac
1023 3549 1139 3614 infecto
1162 3555 1300 3639 negotiu
1323 3557 1429 3620 aute:
1479 3615 1480 3622 ,

379 3635 433 3698 sed
456 3635 497 3698 ad
519 3657 628 3699 omnes
651 3637 801 3712 civitates,
826 3651 942 3720 praeter
964 3636 1161 3701 Selinuntem
1184 3653 1216 3703 ct
1242 3641 1431 3725 Syrncums
1479 3657 1480 3682 ³

379 3719 498 3807 legatos
512 3724 647 3798 mittere,
662 3737 695 3786 et
713 3745 841 3805 operam
865 3723 953 3800 dure,
969 3735 1050 3787 utet
1066 3723 1201 3801 Siculos,
1217 3730 1349 3810 partim
1364 3727 1433 3812 qui-

379 3806 452 3869 dem
468 3809 509 3871 ad
525 3807 731 3872 delectionem
750 3832 769 3872 a
786 3809 991 3894 Syracusanis
1014 3809 1194 3874 faciendam
1217 3812 1433 3886 solicitarent,
1479 3811 1480 3892 ζ

380 3894 587 3976 pertimuere
609 3896 728 3958 amicos
741 3896 802 3958 sibi
823 3895 971 3971 facerent,
989 3909 1023 3958 ut
1042 3911 1075 3958 et
1090 3911 1315 3963 continentum
1334 3915 1371 3965 ct
1385 3921 1434 3962 eo·
1479 3901 1480 3916 ¹

379 3979 449 4062 pias
475 3978 639 4045 haberent.
685 3983 734 4046 Ac
759 3981 899 4065 primum
921 3981 1050 4066 quidem
1075 3979 1309 4050 Messaneuses
1331 3985 1434 4050 addu-
1478 3977 1480 4068 l

413 4194 504 4249 ¹¹eroe
520 4213 577 4246 eum
594 4207 708 4260 argentea
726 4201 809 4247 munia
825 4209 915 4256 essent,
927 4202 1099 4263 multudinem,
1111 4205 1227 4264 quamvls
1244 4209 1337 4270 exigui
1356 4207 1436 4270 preti,
1479 4235 1480 4240 =

381 4272 486 4318 spectem
498 4263 649 4311 intuentibus
660 4266 800 4312 reddebant.
829 4265 938 4314 Ararim.
