2996 4782
346 284 389 344 ss
678 324 683 336 .
712 237 1021 344 rnucrmms

344 460 469 528 rerunt,
482 447 677 538 degenerare
686 450 880 518 ridebimur.
925 449 996 515 Nos
1011 469 1086 514 rero
1096 469 1137 514 ne
1152 447 1244 514 nobis
1257 447 1382 536 quidem

344 535 422 623 ipsis
433 535 504 614 hoc,
520 547 614 621 otpsn
627 537 799 602 libertatem
812 539 906 602 istam
920 535 1119 602 stabilimus:
1153 537 1206 602 sed
1228 536 1385 602 civitatem

345 623 475 709 quidem
502 623 600 694 ,inter
628 644 683 686 nos
709 625 791 707 ipsos
827 636 999 713 tyrannum
1036 623 1106 688 lieri
1145 623 1294 688 sinimus:
1340 638 1385 710 ty·

344 731 464 861 liffl
478 708 1195 883 v‘iteqiltiilgrl¹¹n¹¹llsiliiiirdiffidi
1208 709 1384 860 ‘linit

219 936 227 958 ,
344 905 465 961 carere,
482 883 708 966 imprudentia,
724 896 756 948 et
771 883 910 971 ignaris,
924 897 957 948 et
971 883 1174 984 negligentia.
1218 882 1288 947 Nee
1301 885 1384 948 eninr

343 970 465 1037 abistis
479 971 566 1035 uitiis
580 969 687 1045 alieni,
702 969 876 1034 accessistis
898 967 939 1034 od
955 983 1213 1047 contemtionem,
1229 991 1302 1055 quse
1316 968 1384 1053 plu·

345 1057 444 1122 rimos
466 1057 533 1157 jam
560 1054 660 1157 lesit:
684 1077 757 1158 quse
773 1055 857 1157 ‘quia
883 1055 1000 1122 multos
1026 1055 1058 1120 in
1083 1077 1222 1122 errorem
1249 1055 1386 1135 induxit,

344 1160 506 1296 cqllrsall‘i
519 1141 803 1316 ¹iiiii„'litiiiltutlilli:
817 1142 1128 1315 {ludgeilitlenteritis
1149 1251 1209 1295 coo
1235 1229 1301 1295 ueri
1316 1230 1384 1294 diu·

345 1317 418 1395 tius,
438 1338 535 1403 quam
555 1330 712 1412 quatenus
731 1316 827 1398 robus
850 1316 1063 1402 presentibus
1082 1251 1240 1402 expediti
1269 1319 1314 1382 At
1339 1315 1384 1382 fu·

344 1417 491 1469 tororum
512 1423 615 1480 censa,
632 1402 727 1467 rebus
749 1403 969 1489 praesentibus,
986 1424 1079 1489 opem
1102 1400 1195 1479 serre,
1211 1415 1244 1467 et
1263 1401 1386 1467 labores

342 1503 500 1576 preterea
511 1489 617 1554 subire
628 1501 765 1575 oportet.
812 1489 914 1554 Nobis
924 1489 1009 1554 enim
1021 1488 1159 1575 patrium
1171 1501 1230 1568 est,
1241 1489 1384 1570 virtutes,

342 1597 492 1662 oprnnqae
503 1578 668 1652 commoda,
681 1575 846 1642 laboribus
859 1595 990 1661 parere:
1013 1597 1073 1641 neo
1087 1597 1191 1642 mores
1202 1589 1325 1641 mutare
1335 1599 1386 1642 nos

343 1665 438 1742 decet,
454 1662 529 1728 licet
548 1661 666 1727 divitiis
680 1684 718 1728 sc
735 1663 881 1748 potentia
894 1683 982 1728 nunc
996 1663 1194 1750 aliquantum
1210 1663 1280 1728 illos
1293 1683 1385 1750 snpe-

343 1750 430 1814 retis.
475 1749 561 1815 Nem
577 1771 642 1814 non
658 1764 705 1814 est
719 1771 858 1837 aequum,
870 1771 921 1814 res
936 1760 1123 1836 paupertate
1137 1761 1254 1836 pertas,
1266 1748 1385 1814 divitiis

343 1836 447 1922 perdi.
493 1835 556 1902 Sed
572 1846 692 1920 oportet
707 1858 761 1902 nor
775 1834 974 1902 confidenter
984 1835 1026 1901 ad
1040 1837 1096 1900 loc
1110 1834 1231 1900 bellurn
1243 1837 1299 1914 ire,
1311 1857 1386 1902 cnm

343 1923 452 1988 multis
466 1921 536 1987 aliis
550 1921 592 1986 ds
610 1920 724 2000 camis,
740 1936 808 1988 tom
824 1936 957 2010 propter
972 1923 1036 1990 Dei
1052 1921 1228 1999 oraculum,
1244 1935 1276 1986 et
1295 1923 1387 1986 suxi·

234 2027 237 2032 ·
344 2009 434 2087 lium,
447 2008 534 2096 quod
550 2029 585 2074 ae
600 2009 693 2074 nobis
704 2009 847 2074 laturum
862 2009 1019 2095 promisit,
1031 2023 1100 2074 tum
1116 2009 1212 2074 etiam
1227 2009 1304 2160 guia
1319 2021 1386 2074 tota

341 2097 466 2184 reliquo
477 2095 617 2174 Grsecia,
627 2097 743 2180 partim
757 2108 854 2174 metu,
866 2095 983 2182 partim
995 2095 1131 2162 utilitate
1140 2115 1200 2160 nos
1211 2117 1229 2158 a
1248 2095 1384 2181 juvabit.

343 2181 414 2248 Nec
434 2182 557 2248 loedera
577 2183 700 2268 priores
721 2181 897 2268 rumpetis:
935 2189 1021 2270 (quse
1043 2181 1093 2247 rel
1115 2182 1182 2268 ipse
1204 2180 1307 2258 Deus,
1331 2181 1387 2268 qui

342 2268 463 2334 bellum
493 2267 564 2334 lieri
584 2268 688 2355 jubet,
719 2267 835 2336 violata
857 2271 979 2350 censet)
1002 2269 1057 2336 sed
1082 2268 1188 2355 potins
1209 2267 1387 2333 stederibus

342 2355 447 2508 ruptis
457 2376 551 2456 opem
562 2353 678 2420 seretis.
723 2353 798 2420 Non
810 2356 895 2420 enim
908 2357 962 2444 qui
974 2357 1036 2419 rim
1049 2355 1169 2420 illatam
1182 2353 1386 2440 propulsant:

262 2573 273 2596 .
343 2464 377 2508 '⁰
398 2440 1161 2605 ,ltt'ttttlttttttf‘stttlt‘ltttt
1186 2455 1386 2592 ”isimon

344 2615 476 2681 honeste
486 2615 644 2700 suscipere
654 2614 871 2693 liceat,etnos
881 2617 1094 2681 communiter
1104 2615 1175 2680 boec
1184 2613 1385 2692 suadeamus,

340 2701 373 2766 si
394 2701 492 2766 modo
506 2701 716 2768 certissimum
732 2711 786 2780 est,
805 2703 874 2766 baec
887 2717 919 2766 et
942 2703 1036 2767 rebus
1050 2701 1186 2787 publicis
1200 2715 1232 2768 et
1253 2700 1386 2786 privatis

343 2787 544 2864 conducere:
566 2809 639 2852 oum
657 2787 852 2864 Potidaeatis,
868 2788 924 2875 qui
938 2799 1013 2853 aunt
1024 2789 1210 2866 Dorienses,
1226 2787 1329 2874 etqui
1343 2787 1386 2854 ab

345 2872 479 2940 Ionibus
493 2873 692 2954 obsidentur,
714 2874 814 2961 (quod
830 2874 906 2939 olim
923 2873 1160 2958 contradebat)
1181 2897 1274 2961 opem
1291 2873 1385 2951 ferro,

343 2961 536 3026 tumetium
562 2963 733 3044 pristinam
759 2961 894 3026 eliorum
921 2961 1099 3027 libertatem
1130 2981 1318 3047 recuperare
1345 2983 1387 3026 ne

342 3047 554 3112 cunctemini:
575 3047 650 3134 quia
670 3069 721 3112 res
742 3060 860 3113 nostrae
882 3047 1001 3112 nullam
1024 3049 1292 3132 exspectationem
1315 3069 1388 3112 em·

341 3132 426 3218 plius
449 3135 624 3219 patiuntur,
640 3156 705 3220 qua
717 3133 796 3198 alios
810 3135 947 3221 quidem,
970 3136 1036 3220 jam
1053 3135 1176 3222 injuriis
1198 3133 1291 3210 affici,
1306 3135 1388 3198 alios

341 3218 1201 3392 titt}:ininfttlntttttlttttt
1219 3219 1387 3388 {titt

341 3393 445 3459 multo
454 3408 527 3478 post
537 3392 620 3457 idem
633 3393 700 3477 pati
710 3393 860 3458 sinamus.
907 3395 971 3458 Sed
981 3394 1208 3470 existimantes,
1221 3394 1282 3458 riri
1292 3395 1388 3476 socii,

341 3502 398 3545 ros
412 3481 452 3545 ad
466 3481 547 3544 hanc
570 3479 644 3544 teni
662 3481 850 3562 nncipirndr'
864 3481 1081 3546 necessitatem
1099 3481 1270 3558 devenisse,
1287 3480 1388 3547 simul

341 3568 436 3632 etiam
453 3567 533 3642 haeo,
548 3585 622 3651 quoe
636 3565 758 3630 anobis
771 3565 934 3644 dicamur,
949 3569 1071 3653 optima
1085 3589 1162 3644 esse,
1180 3565 1295 3630 bellum
1315 3569 1388 3652 jem

341 3653 516 3718 decernite:
533 3672 597 3715 non
608 3657 783 3716 metuentes
793 3667 979 3738 praesentem
989 3654 1205 3739 asperitatem:
1218 3651 1274 3717 sed
1285 3655 1386 3737 posis,

339 3761 417 3824 quae
430 3737 612 3802 diuturnior
629 3760 670 3803 ex
688 3761 726 3803 eo
746 3753 794 3804 est
808 3753 989 3826 sequutura,
1005 3741 1180 3827 cupiditate
1192 3739 1386 3824 flagrantes:

343 3832 431 3910 (nem
447 3823 532 3888 bello
546 3823 674 3910 quidem
691 3847 753 3907 pax
767 3829 869 3916 magis
879 3825 1109 3903 confirmatur:
1133 3839 1166 3891 et
1179 3839 1311 3912 propter
1326 3847 1386 3910 pa·

342 3911 387 3976 cis
412 3909 617 3996 cupiditatem
632 3911 750 3976 bellum
770 3934 881 3996 gerere
901 3913 996 3992 nolle,
1012 3935 1077 3980 non
1094 3913 1213 3998 pariter
1235 3912 1384 4013 periculo

341 4001 442 4080 caret)
470 3997 686 4062 existimantes
701 3999 794 4063 etiam
812 3999 983 4079 civitatem,
998 4023 1072 4088 quoe
1087 4002 1120 4064 in
1136 4000 1268 4064 Graecia
1281 4022 1316 4064 se
1333 4013 1385 4086 ty·

342 4104 480 4151 mmum
495 4085 669 4162 constituit,
681 4085 847 4186 equaliter
857 4086 891 4150 in
906 4107 1017 4152 omnes
1031 4109 1098 4152 esse
1108 4087 1323 4162 constitutam,
1337 4085 1383 4149 ita

342 4185 380 4238 ut
400 4170 470 4236 aliis
486 4169 615 4272 quidem
632 4172 699 4274 jam
719 4183 867 4258 imperet,
882 4173 952 4238 aliis
975 4194 1050 4239 vero
1071 4174 1230 4262 imperare
1314 4173 1382 4252 tet,

342 4279 409 4324 eam
423 4279 520 4324 ermis
530 4257 625 4324 illatis
635 4280 667 4322 rn
682 4257 835 4324 ditionem
849 4281 885 4326 ac
899 4272 1088 4346 potestatem
1100 4273 1241 4331 nostram
1251 4193 1380 4347 Ἅμ-
