3004 4768
423 260 670 334 manorum
693 263 780 342 nm.
802 263 900 350 vin.
1073 316 1076 321 .
1124 276 1191 340 ,39

147 435 413 524 montipolum
438 457 481 504 ex
505 439 603 504 &mo
628 438 687 504 stoi
706 437 840 523 scriptas
859 435 955 516 dixit,
975 457 1014 504 ac
1033 437 1109 526 ipsis
1133 463 1187 510 ecs
1216 473 1280 530 um.

147 545 253 588 eornm
273 523 433 590 indicavit.
478 523 523 590 Et
544 528 594 609 (ut
614 522 787 606 ferebatur)
809 536 948 610 questu
961 524 1076 612 privati
1090 549 1184 596 causa
1204 541 1291 608 cnop.

147 631 186 674 se
208 609 419 696 'lissapherai
433 609 632 697 'adjunxerat
654 633 727 683 cum
748 611 783 674 in
805 609 867 676 hac
886 632 930 690 re,
953 624 1022 676 tum
1046 612 1182 680 inullis.
1201 609 1293 664 Μ·

146 695 369 772 Quamobrem
390 695 485 762 etism
507 697 633 784 integro
652 696 811 782 stipendio
832 719 850 762 e
927 695 1038 764 'modo
1058 696 1183 766 mollius
1198 672 1295 790 2⁷2⁹

145 803 183 846 se
209 782 352 870 gerebat.
405 781 589 850 Alcibiades
617 803 692 850 vero
720 780 852 848 confesti
927 785 1020 850 iteras
1050 785 1182 854 Samum
1208 807 1239 854 u.
1254 807 1282 856 c

144 867 190 933 ad
212 868 413 956 magistratus
427 868 577 937 adversus
592 867 813 956 Phrynichum
834 869 942 947 mittit,
958 871 1120 938 deciorum
1133 894 1181 958 eu,
1210 873 1281 922 vm.

141 975 220 1104 puae
234 953 361 1030 fecerat,
375 966 409 1022 et
429 954 604 1039 postulans,
619 969 658 1020 ut
677 955 790 1040 capitis
810 953 968 1040 supplicio
981 954 1182 1041 plecteretun
1215 935 1275 1006 ³⁴3·

139 1080 142 1088 .
178 1040 358 1126 hrynichus·
377 1053 483 1106 autem
506 1039 722 1125 perturbatus,
743 1056 776 1106 et
798 1041 833 1104 in
854 1041 1027 1106 maximum
1050 1044 1183 1110 omnino

143 1125 315 1194 discrimen
342 1125 499 1192 adductus
524 1125 568 1192 ob
589 1125 651 1192 hoc
675 1127 841 1206 indicium,
865 1148 978 1192 rursus
997 1127 1037 1194 ad
1065 1131 1183 1218 Astyo-

142 1211 243 1278 chum
264 1212 387 1293 scribit,
401 1229 475 1300 cum
497 1213 541 1280 ob
562 1215 706 1297 superius
728 1215 903 1278 factum-dc
923 1237 957 1278 ec
972 1236 1181 1302 conquerens,

142 1298 233 1384 quod
248 1301 287 1364 oh
300 1322 336 1364 eo
350 1319 414 1363 non
429 1298 531 1384 probe
544 1299 681 1364 celatum
701 1297 821 1379 luisset,
837 1313 869 1364 et
883 1321 970 1365 nunc
985 1323 1019 1364 se
1033 1314 1180 1386 paratum

1 1417 2 1420 ¹
31 1449 39 1465 ‚
139 1407 213 1450 esse
227 1385 302 1469 ipsis
316 1385 358 1450 sd
381 1384 627 1450 internecionem
649 1385 775 1452 tradere
795 1408 924 1450 omnem
940 1385 1180 1454 Atheniensium

140 1471 428 1636 attillani
442 1471 1181 1643 “ttluftaetmnt‘itntttl‘titll‘lt

1 1671 2 1706 1
140 1657 235 1721 esset,
250 1642 337 1730 quod
354 1643 470 1710 Serum
483 1641 580 1710 nullis
589 1641 824 1710 munitionibus
838 1643 1064 1712 essetmunitn.
1110 1643 1180 1713 Nec

141 1729 205 1794 silai
236 1731 304 1816 jam
333 1729 525 1795 invidiosum
555 1751 632 1807 esse,
663 1731 689 1793 si
716 1741 849 1814 propter
886 1731 970 1814 ipsos
998 1729 1032 1796 in
1067 1732 1178 1817 capitis

1 1848 3 1868 ν
140 1815 321 1901 periculum
343 1815 510 1892 adductus,
529 1827 563 1880 et
579 1814 652 1897 hoc,
674 1827 706 1880 et
727 1815 814 1880 aliud
839 1814 965 1902 quidvis
986 1817 1091 1902 potius
1113 1815 1178 1884 tac-

1 1939 2 1972 ;
139 1917 233 1968 turus
257 1915 348 1980 esset,
373 1923 470 1989 quarn
487 1922 649 1986 paraturas,
672 1924 705 1967 se
727 1900 768 1966 ab
791 1900 1012 1966 inimicissimis
1036 1903 1176 1970 funditus

1 2024 3 2064 ζ
140 1987 242 2072 perdi.
287 1987 469 2074 Astyochus
484 2009 558 2054 vero
572 1986 643 2052 hoeo
657 2009 784 2074 quoque
797 1985 956 2054 Alcibiadi
972 1985 1132 2054 indicavit.

184 2083 239 2140 51.
261 2074 464 2161 Phrynichus
485 2087 602 2153 autem,
618 2095 690 2140 curn
713 2074 816 2224 ipsum
833 2075 946 2160 injuste
967 2072 1070 2140 facere
1090 2097 1175 2160 prm·

135 2160 296 2238 sensisset,
310 2173 343 2226 et
363 2161 512 2226 derebus
534 2159 601 2225 istis
621 2160 786 2246 epistotam
802 2159 843 2225 ab
865 2157 1034 2225 Alcibiade
1047 2161 1174 2248 missam

1 2290 2 2324 r
141 2259 270 2316 tuntum
293 2268 360 2312 non
385 2246 503 2324 adesse,
532 2246 601 2332 ipsa
628 2268 695 2311 eam
724 2259 929 2330 prevertens,
955 2245 1108 2314 indicium
1123 2245 1173 2314 ad

1 2387 2 2390 ,
138 2333 316 2399 exercitum
344 2333 446 2412 affert,
475 2331 581 2398 hostes
607 2343 710 2396 castra
731 2333 881 2398 invadere
904 2333 1060 2411 statuisse,
1086 2333 1174 2435 quud

138 2421 258 2485 Samus
288 2419 382 2484 nullis
411 2417 642 2486 munitionibus
670 2433 749 2484 esset
778 2417 912 2498 munita,
943 2417 1037 2486 simul
1065 2433 1172 2500 enam,

1 2577 2 2590 χ
137 2505 228 2591 quod
251 2526 317 2571 non
343 2505 448 2572 omnis
472 2504 580 2570 classis
602 2505 687 2570 intus
709 2504 877 2569 stationem
902 2502 1051 2570 haberet:
1081 2518 1114 2570 et
1139 2529 1174 2572 se

138 2593 211 2656 hoec
233 2613 294 2677 pro
322 2592 493 2676 compertis
518 2589 644 2668 babere,
667 2601 700 2655 et
722 2611 818 2678 quam
847 2589 1010 2656 celerrime
1039 2591 1171 2676 Samum

137 2676 345 2744 muniendam
368 2699 444 2756 esse,
466 2691 499 2744 et
519 2688 634 2742 caetera
655 2678 725 2740 loco
746 2675 902 2764 praesidiis
924 2675 1052 2742 tuenda.
1097 2677 1172 2764 Ipse

135 2775 244 2828 autem
268 2762 336 2829 dux
357 2764 564 2842 eran-harum
589 2783 749 2828 ueterum
764 2761 1083 2828 administrandarum
1143 2776 1171 2830 t-

134 2861 268 2916 estatem
299 2849 447 2915 hahebat.
504 2848 547 2914 Et
600 2850 608 2912 i
638 2847 767 2936 quidem
796 2849 838 2915 ed
865 2871 936 2914 eam
963 2787 1169 2916 munienddm

1 2990 3 3002 .
133 2959 170 3002 se
184 2949 560 3022 praepmarecoeperunt3
581 2947 614 3000 et
647 2947 755 3018 ropter
767 2933 946 3020 hujusmodi
958 2936 1169 3018 occasionem,

1 3085 3 3118 b
127 3021 188 3086 ‘vel
209 3023 265 3100 sio,
280 3025 396 3106 raptim
415 3022 532 3086 scilicet
552 3041 590 3086 uc
602 2955 790 3100 sssmmnter
813 3022 937 3098 Samus,
959 3043 1033 3107 quae
1054 3023 1171 3108 alioqui

134 3110 299 3176 munienda
320 3120 398 3186 erut,
420 3106 553 3174 celerius
574 3104 697 3170 munita
717 3103 788 3169 luit.
833 3104 879 3170 At
899 3127 966 3170 nou
981 3105 1083 3172 multo
1097 3119 1170 3192 post

1 3275 2 3278 Ἴ
132 3194 237 3259 literoe
262 3194 304 3259 ab
329 3193 496 3260 Alcibiade
514 3194 620 3257 ‘misser
641 3203 806 3269 venerunt,
832 3191 1021 3258 exercitum
1037 3195 1168 3258 Atheni·
1268 3249 1270 3255 .

132 3281 252 3344 enaim
266 3303 286 3345 a
301 3279 486 3367 Phrynicho
499 3277 664 3363 proditum
678 3277 731 3355 iri,
746 3291 779 3342 et
793 3277 899 3344 hostes
913 3299 978 3342 eum
991 3276 1168 3344 invasuros.

1 3369 2 3376 '
132 3363 316 3434 Alcibiades
345 3378 461 3444 autem,
491 3387 567 3430 cum
595 3362 712 3452 dignus
739 3364 823 3429 visus
851 3363 969 3441 luisset,
999 3363 1051 3428 cui
1080 3363 1169 3431 nulla

133 3450 217 3516 fides
238 3452 421 3528 haberetur,
436 3465 480 3530 at,
495 3452 581 3538 quod
602 3472 653 3516 res
674 3451 716 3516 ab
739 3449 882 3516 hostibus
902 3447 1063 3516 faciendas
1084 3472 1168 3535 prae·

122 3537 274 3616 ¹vidisset,
291 3537 484 3624 Phrynicho,
501 3550 537 3602 ut
551 3538 659 3602 burum
680 3536 818 3614 conscio,
833 3537 897 3602 ltaec
917 3557 978 3621 pro
1001 3536 1168 3602 ter-inimi-

124 3623 237 3704 citius,
260 3645 337 3709 qum
360 3647 425 3690 curn
447 3623 636 3709 egerebat,
658 3621 832 3688 attribuere
856 3623 938 3688 niun
953 3557 1080 3704 Jdisset,
1107 3621 1168 3709 ipsi

131 3708 216 3776 niiril
239 3711 359 3788 nocuit,
384 3711 451 3774 imo
476 3728 562 3787 sem,
588 3705 675 3796 quod
700 3706 771 3772 haec
793 3707 971 3787 indicasset,
999 3731 1059 3775 suo
1082 3709 1168 3776 testi-

131 3795 244 3865 monio
258 3797 432 3882 Plupar'olu'
445 3797 589 3862 indicium
604 3794 705 3882 magis
719 3793 930 3876 confirmavit,

178 3889 234 3948 62.
257 3882 373 3948 Postea
385 3903 461 3947 vero
482 3879 661 3949 Alcibiades
682 3880 811 3966 quidem
827 3879 1077 3968 Tissaphernem
1099 3903 1169 3946 mo
1265 3924 1268 3931 -

131 3966 229 4034 nebat
244 3991 281 4034 ac
292 3967 472 4046 inducebat,
488 3978 525 4032 ut
545 3966 665 4031 amicus
686 3977 766 4031 esset
781 3963 1038 4044 Atheniensibus,
1049 3963 1169 4031 'timen-

132 4056 340 4206 iisellilim
358 4051 932 4217 Plttttittttlmitltt
950 4052 1170 4204 liniti

133 4240 249 4313 posset,
265 4163 438 4294 siblslidem
454 4225 574 4305 haberi,
590 4161 766 4311 plraescrtim
783 4187 948 4316 pcetdu'am
961 4161 1066 4291 blensit
1076 4208 1168 4308 Pelo-
