2994 4788
250 495 312 548 aaa

239 565 320 625 l’elop.

346 318 406 380 rsa
713 303 1016 376 THUOYDIDIS

345 497 403 564 tes,
420 495 450 550 et
472 503 532 567 pro
545 503 602 548 sua
617 471 751 584 'utrique
775 481 908 547 libidine
931 501 1056 565 semper
1075 499 1128 544 eas
1144 480 1178 543 in
1194 473 1339 564 qualibet
1352 503 1387 552 re
1495 559 1496 566 ἵ

345 582 535 645 statuentes3
558 580 591 634 et
601 569 649 632 rel
664 569 781 655 iniquia
796 567 952 654 suffragiis
966 569 1161 642 damnantes,
1174 567 1223 628 vel
1239 567 1389 632 manibus

230 643 328 754 ὧζωρ
344 656 520 742 potentiam
542 656 601 720 sibi
622 667 780 738 parantes,
800 657 839 719 ad
860 655 1025 739 praesentis
1046 653 1259 717 contentionis
1280 653 1388 718 libidi-

242 759 316 806 εὰν.
344 765 416 806 nem
447 736 637 826 explendam
675 753 765 806 erant
792 741 905 826 parati.
951 739 1063 826 Itaque
1091 738 1198 802 neutri
1226 741 1388 823 quiequam

247 823 275 868 ll.
288 823 315 869 C.

243 885 315 933 Vsrr.

250 949 308 998 827.

344 831 516 912 transigere
530 839 769 904 consueverant,
786 825 1028 890 habitatatione
1042 823 1223 911 religionis:
1247 823 1305 888 sed
1317 826 1388 912 qui·

344 913 402 978 bus
414 915 553 998 speciosa
565 914 709 978 oratione
722 911 860 998 'aliquid
872 911 1041 976 commode
1051 912 1226 997 transigere
1237 909 1388 988 licuisset,

343 1001 389 1064 illi
405 1001 515 1064 melius
531 999 711 1064 audiebant.
758 997 850 1065 Cives
862 1019 948 1073 vero,
964 1009 1121 1084 quotquot
1135 997 1218 1060 inter
1234 1008 1388 1084 utrosque

342 1100 433 1151 erant
448 1085 554 1163 medii,
571 1097 601 1149 et
615 1087 670 1170 qai
690 1087 807 1149 uaeris
818 1083 985 1166 suadent,
1000 1105 1055 1146 nec
1069 1085 1104 1146 ia
1118 1084 1265 1165 partita
1288 1095 1389 1162 εναπι,

342 1172 387 1250 bi,
404 1173 453 1237 vel
474 1171 561 1257 quod
587 1169 658 1235 illos
684 1191 750 1234 ncn
777 1171 973 1257 adjuvarent,
994 1167 1044 1232 vel
1092 1182 1199 1252 ropter
1221 1169 1387 1247 invidiam,

342 1259 430 1345 quod
445 1259 503 1344 ipsi
514 1258 734 1322 calamitatum
749 1268 852 1321 essent
867 1255 1033 1330 immunes,
1046 1189 1089 1319 ab
1100 1267 1235 1341 utraque
1248 1252 1390 1321 factione

343 1347 470 1429 penitus
484 1343 711 1428 perdebantur.

390 1441 442 1496 88.
468 1429 559 1494 Adeo
570 1449 664 1495 omne
679 1427 855 1492 facinorum
870 1449 971 1515 genua
985 1429 1018 1491 in
1035 1428 1163 1493 Groecia
1177 1431 1296 1514 passim
1314 1451 1388 1514 pru·

342 1531 413 1602 pter
423 1515 593 1580 seditiones
604 1514 744 1579 exstitit:
761 1529 793 1578 et
805 1515 988 1616 simplicitas
1003 1515 1104 1599 (cujus
1115 1515 1184 1598 ipsa
1191 1517 1390 1602 generositas

344 1617 391 1666 est
414 1602 553 1666 maxime
576 1601 749 1687 particeps)
764 1621 837 1664 cum
862 1599 1008 1665 irrisione
1031 1598 1175 1664 funditus
1197 1613 1247 1666 eat
1271 1601 1389 1669 deleta.

344 1689 473 1753 Animis
488 1709 563 1752 vero
585 1687 704 1751 infestis
727 1687 810 1750 inter
829 1707 863 1750 se
880 1707 958 1763 esse,
975 1699 1007 1750 et
1032 1686 1153 1750 nnllam
1178 1686 1269 1751 alteri
1291 1687 1389 1752 fidem

345 1776 471 1849 babere,
488 1773 583 1861 longa
597 1773 762 1859 praestitit:
784 1769 859 1836 uem
877 1793 937 1836 nec
960 1771 1024 1836 ulla
1046 1772 1201 1836 sermonis
1220 1775 1394 1860 autoritas,¹

343 1881 403 1924 nee
420 1859 502 1925 ullus
513 1859 721 1946 juriaJurandi
738 1872 842 1924 terror
860 1859 929 1924 illas
952 1858 1133 1923 inimicitias
1147 1857 1390 1946 dirimere'pot-

343 1961 421 2010 erat.
459 1945 529 2012 -Sed
542 1967 615 2012 cum
626 1967 736 2010 omnes
750 1944 863 2009 animia
873 1958 977 2010 esseut
989 1965 1048 2029 pro
1071 1945 1211 2010 ensiores
1221 1947 1263 2010 ad
1277 1945 1390 2032 despe-

345 2033 481 2097 randum
496 2033 536 2097 de
551 2030 679 2096 alterius
693 2031 757 2094 fide
779 2045 811 2096 et
832 2032 1021 2107 constantia,
1038 1967 1116 2095 iiiud
1139 2033 1245 2116 potius
1264 2035 1390 2118 prospi-

345 2119 483 2198 ciebant,
508 2119 671 2204 quomodo
698 2117 816 2181 malum
840 2117 1028 2202 impendens
1050 2118 1196 2196 vitarent,
1217 2141 1328 2204 quam,
1354 2134 1392 2185 ut

345 2206 494 2289 cuiquam
524 2203 669 2280 fiderent,
700 2201 816 2267 adduci
848 2216 1007 2288 poterant.
1052 2202 1096 2267 Et
1125 2203 1189 2290 qui
1217 2203 1392 2286 prudentia

344 2291 449 2353 minus
464 2287 622 2366 valebant,
637 2289 827 2375 plerumque
847 2290 1025 2374 superiores
1039 2302 1140 2354 erant.
1187 2289 1294 2364 Quod.
1302 2293 1389 2355 enim

345 2387 377 2438 et
391 2371 479 2438 su'am
504 2373 762 2460 imprudentiam,
779 2389 812 2439 et
827 2376 1075 2440 adversariorum
1098 2374 1303 2459 prudentiam
1324 2397 1392 2441 me·

345 2473 482 2543 tuerent,
499 2461 602 2538 veriti,
618 2483 660 2525 ne
675 2461 724 2524 vel
746 2461 873 2525 illorum
890 2459 1071 2550 eloquentia
1084 2475 1324 2546 superarentur,
1341 2462 1388 2526 rel

344 2561 476 2633 propter
489 2548 617 2612 illorum
638 2548 756 2634 ingenii
780 2547 982 2611 calliditatem
999 2548 1252 2632 praevenirentur
1268 2549 1391 2612 insidiis

343 2636 465 2718 priores
480 2634 623 2718 appetiti,
640 2633 789 2697 audacter
803 2633 843 2697 ad
858 2634 1008 2719 quaelibet
1023 2633 1166 2698 facinora
1187 2625 1391 2717 suscipienda

344 2719 537 2782 ferebantur.
580 2727 588 2758 ⁸
600 2719 668 2794 Qui
694 2741 769 2783 vero
797 2721 862 2783 baec
891 2719 1105 2807 negligebant,
1131 2732 1163 2784 et
1192 2721 1329 2786 insidias
1356 2741 1391 2784 ae

344 2825 561 2890 praesensuros
586 2806 815 2885 caiatimadaat,
835 2824 895 2869 nec
915 2805 973 2870 sibi
1000 2806 1089 2870 iactis
1112 2805 1186 2869 ullis
1212 2825 1295 2890 opas
1321 2827 1391 2871 ease

344 2891 494 2954 ducebant
517 2888 549 2952 in
577 2891 809 2955 antevertendis
833 2889 961 2956 illorum
988 2891 1120 2968 insidiis,
1147 2911 1226 2975 quas
1254 2892 1390 2956 consilio

344 2975 443 3039 vitare
457 2990 594 3060 possent,
609 2997 674 3040 non
694 2977 819 3058 muniti,
834 2976 957 3042 facilius
971 2975 1247 3062 opprimebantur.

387 3071 439 3126 84.
456 3059 613 3148 Pleraque
625 3063 722 3149 igitur
732 3063 915 3148 husjusmodi
926 3063 1070 3128 audacie
1080 3063 1222 3127 facinora
1233 3063 1389 3149 Corcyrae

343 3148 442 3230 prius,
463 3169 553 3232 qaam
580 3151 614 3212 in
636 3150 714 3212 aliis
737 3149 923 3226 civitatibus,
947 3161 1074 3233 patrata
1093 3148 1232 3225 filerunt,
1256 3163 1289 3214 et
1314 3150 1387 3226 alia,

343 3255 543 3319 quaecunque
556 3232 659 3298 facere
672 3245 811 3317 possent,
828 3234 883 3320 qui
896 3257 968 3298 suaa
983 3235 1113 3320 injurias
1128 3234 1336 3314 ulciscuntur,
1352 3237 1389 3301 iu

343 3339 405 3396 eos,
446 3321 477 3383 ui
491 3319 644 3383 damnum
660 3319 780 3395 datum,
791 3319 1005 3406 injuriamque
1020 3320 1082 3385 sibi
1097 3320 1212 3385 factam
1225 3335 1300 3386 sunt
1316 3320 1387 3401 ulti,

342 3407 429 3489 aqui
455 3427 502 3485 ua,
517 3405 595 3470 dum
611 3403 738 3468 illorum
760 3405 895 3488 imperio
913 3420 1071 3490 parerent,
1087 3405 1262 3483 insolenter
1281 3411 1389 3493 potita

342 3511 436 3574 quam
461 3491 603 3554 modeste
620 3491 745 3554 tractati
760 3489 904 3556 suerunt:
928 3505 960 3556 et
982 3513 1166 3576 qssaeaeaqae
1175 3495 1294 3577 facere
1311 3517 1388 3578 pos-

340 3587 407 3638 sent
416 3597 571 3660 pauperes
585 3576 693 3661 aliqui,
707 3576 761 3661 qui
777 3589 927 3642 consueta
941 3601 979 3642 aa
992 3579 1142 3642 dinem
1154 3600 1262 3643 rerum
1278 3581 1335 3644 ino
1358 3581 1366 3596 ⁶

341 3680 374 3722 se
389 3659 517 3724 liberari
532 3674 695 3746 cuperent,
711 3664 874 3747 praecipue
889 3685 976 3740 vero,
993 3664 1049 3750 qui
1068 3685 1125 3748 per
1143 3665 1308 3730 avaritiam
1335 3689 1388 3732 or-

341 3759 434 3808 tunas
448 3743 567 3811 alienas
582 3768 741 3832 occupare
754 3748 928 3825 studerent,
945 3765 977 3813 et
991 3771 1024 3813 se
1038 3749 1095 3814 bas
1109 3762 1227 3833 praeter
1240 3753 1296 3837 jus
1311 3775 1388 3818 con-

341 3831 430 3915 sequi
444 3853 536 3915 posse
550 3831 764 3896 confiderent:
788 3845 820 3897 et
834 3855 1025 3936 quantaque·
1031 3847 1167 3918 patrare
1175 3849 1315 3919 pauent
1332 3841 1388 3924 qui

265 3975 267 3979 ,
340 3935 406 3980 non
431 3917 573 3981 avaritiae
595 3938 709 3995 causa3
731 3919 784 3982 sed
804 3920 944 4004 primum
970 3924 1091 4006 quadem
1113 3943 1207 4008 aequo
1224 3923 1301 4009 jure
1319 3947 1388 3992 ates

372 4149 381 4176 ⁸
394 4149 433 4194 lta
448 4150 515 4194 Valla
528 4157 552 4195 et
564 4150 605 4196 AE.
618 4149 685 4195 Part.
700 4175 704 4191 κ
720 4151 830 4211 Dignum
840 4154 900 4212 quid
911 4158 1068 4203 emulatione
1079 4165 1125 4204 etc.
1142 4159 1205 4207 Atti.
1241 4129 1333 4208 Eunai

372 4210 380 4242 ⁸
392 4212 469 4257 Alteri
481 4227 538 4258 vero
553 4213 610 4258 lieet
626 4215 804 4274 praesentirent,
815 4223 1011 4276 contemseruntr
1030 4223 1112 4281 itaque
1128 4225 1189 4272 dum
1200 4225 1263 4272 nihil
1275 4227 1301 4272 in
1312 4239 1342 4272 eo
1350 4227 1386 4272 la·

341 4275 475 4320 bornadum
488 4278 616 4335 putabant,
628 4279 693 4336 quod
704 4279 804 4325 consilio
814 4287 860 4326 ete.
878 4283 985 4330 Aeacius.
1021 4287 1099 4334 lnam.
