2994 4788
307 300 372 360 m
674 287 981 355 THUCYDIDIS

213 485 275 534 sau
307 479 426 530 ratores
451 483 488 526 eo
513 459 684 538 mitterent,
706 459 774 547 ipae
798 481 871 526 cnm
894 459 1070 546 ‘ibeogerre
1094 462 1278 547 exploratm
1301 463 1347 528 ab

202 551 286 611 raop
308 547 555 618 Atheniensibus
576 547 697 613 electus
717 559 776 612 eet.
820 547 879 613 illa
900 568 987 624 vero,
1002 567 1076 617 cunt
1096 546 1296 635 intelligeret,
1311 568 1348 613 ee

205 629 247 662 ⁸¹⁸
258 617 283 664 ⁷·
310 651 455 704 coenum
470 635 511 700 iri
525 633 576 700 rei
589 633 706 700 edem
715 633 832 714 dicere,
847 655 920 720 qum
935 631 992 712 illi,
1008 653 1088 720 quor
1108 633 1348 712 criminabatur,

193 679 294 791 ogmp
307 727 368 802 vei,
388 724 413 787 ai
435 721 594 786 contraria
614 720 754 796 diriter,
775 741 810 784 ee
831 719 1015 786 mdacem
1037 719 1138 784 risum
1160 720 1220 796 iri3
1244 721 1348 786 Arbe-

209 809 240 856 ὓ·
253 809 280 856 ⁰·
308 809 468 874 niensiboe
483 805 646 884 suadebat,
661 805 750 893 quod
768 827 822 871 eoa
836 806 879 871 ad
900 805 1020 871 beilum
1116 805 1216 870 ndum
1231 807 1348 871 animis

209 874 278 986 Ἠ
308 891 1005 984 magiapropeuaieeseeviderewtnullorq
1030 893 1038 906 ⁶
1063 891 1347 977 *ormontem

306 1003 343 1047 eo
367 983 539 1058 mitterent,
564 1001 668 1065 neque
692 978 873 1044 cunctando
896 979 1096 1044 censionem
1121 978 1349 1062 praetermitte·

226 1103 227 1110 κ
307 1079 398 1132 rent:
422 1066 489 1144 aed,
504 1066 530 1129 ei
548 1087 622 1130 vera
644 1064 720 1150 ipris
739 1064 922 1130 riderentur
941 1085 990 1141 ee,
1006 1084 1080 1150 quae
1101 1063 1346 1142 nuntiabantur,

305 1175 378 1218 curn
394 1152 492 1218 clerae
506 1151 792 1236 pmiiciacerennrr,
806 1162 846 1216 nt
858 1152 943 1216 viros
959 1149 1033 1218 illos
1048 1162 1289 1237 expugnarent:
1312 1162 1347 1214 et

307 1238 433 1304 Niciam
449 1239 714 1319 Niceratifiliuer,
727 1237 784 1322 qni
795 1249 873 1302 tune
886 1235 954 1304 dux
965 1248 1044 1314 erat,
1057 1235 1223 1318 innuebat,
1233 1245 1264 1300 et
1276 1238 1347 1302 neb·

305 1327 428 1390 obrem
453 1321 645 1407 designabat,
668 1334 701 1386 et
725 1343 799 1387 cum
825 1323 1071 1408 exprobratione
1095 1321 1235 1400 dicebat,
1257 1321 1351 1387 facile

305 1433 374 1476 ease
393 1421 504 1494 parata
518 1408 626 1486 classe,
639 1408 669 1472 ei
682 1407 779 1472 ducee
794 1409 854 1474 rin'
873 1422 976 1475 errent
996 1408 1103 1487 iona,
1118 1430 1154 1472 eo
1174 1408 1347 1494 proficisci,

305 1497 453 1596 viresqne
466 1494 500 1558 in
514 1493 618 1558 incida
631 1493 825 1580 interceptos
837 1515 1021 1584 expugnare
1028 1519 1037 1572 ς
1061 1496 1185 1582 hocque
1198 1515 1234 1559 ee
1247 1494 1350 1560 faetu-

306 1590 945 1743 mlllflA'lelllgigbtulnmnAlbenieneee
969 1665 1201 1752 aliquantulum
1228 1665 1349 1730 tumel·

306 1754 388 1818 tuati
409 1767 511 1817 essent
535 1751 685 1816 advertus
706 1749 870 1829 Cleonem,
886 1751 973 1839 quod
998 1773 1040 1815 ne
1063 1763 1141 1816 nrnc
1162 1751 1349 1838 quidem,ei

306 1861 356 1904 rea
370 1837 469 1904 facilia
481 1838 543 1922 ipsi
556 1837 728 1916 rideretur,
742 1840 923 1924 navigaret,
938 1835 1033 1902 notul
1047 1839 1154 1915 etiam,
1170 1859 1245 1902 cnm
1261 1838 1349 1904 vide·

306 1939 355 1990 ret
369 1926 471 2013 ipsum
489 1927 628 1990 Cleonem
644 1924 804 2011 ignaviam
818 1923 878 1988 sibi
893 1922 1152 2009 exprobrantem,
1164 1935 1177 1962 ·
1179 1925 1277 2009 jussit
1297 1925 1348 2008 ip-

307 2033 378 2076 eum
403 2011 550 2076 assumtio
571 2009 686 2096 quibua
707 2009 802 2074 vellet
891 2009 939 2086 iia,
963 2012 1047 2096 quod
1069 2009 1111 2074 ed
1131 2031 1165 2074 ee
1186 2012 1348 2092 attineret,

306 2099 446 2186 aggredi
496 2097 560 2160 Hic
582 2117 658 2160 vero
678 2097 821 2182 primoq
845 2095 853 2108 ‘
878 2116 928 2160 em
950 2095 1142 2171 existimans,
1158 2117 1232 2160 eum
1249 2095 1348 2160 rcrbo

306 2195 399 2250 tenua
420 2183 609 2266 relinquere,
630 2197 761 2265 paratus
781 2195 858 2247 erat.
903 2181 966 2246 Sed
987 2181 1043 2248 nbi
1064 2203 1103 2247 co
1148 2182 1225 2258 orit,
1241 2185 1348 2266 ipsum

306 2290 416 2333 revera
429 2289 547 2352 cupere
560 2268 693 2345 tradere,
710 2267 909 2355 tergiversari
931 2268 1040 2354 ecapit,
1053 2281 1087 2332 et
1102 2290 1112 2330 r
1127 2266 1204 2344 lum,
1220 2289 1285 2332 non
1299 2289 1347 2344 se,

307 2353 836 2522 lfflillll‘ioealffflil.
847 2353 1349 2506 &ultitimum

307 2549 384 2592 vero
404 2549 514 2592 rursus
534 2528 614 2591 idem
630 2525 774 2611 jubebat,
789 2537 821 2590 et
866 2537 983 2590 raetura
1002 2525 1044 2592 ad
1064 2527 1176 2612 Pylum
1202 2525 1348 2603 cedebat,

308 2626 341 2679 et
356 2612 565 2678 Athenienses
586 2611 770 2678 testabatur.
815 2547 867 2674 llll
889 2631 966 2676 vero
980 2611 1262 2712 (quemadmodum
1276 2613 1349 2676 rul-

307 2721 370 2783 gne
391 2698 494 2764 iacere
507 2697 599 2778 solet)
613 2719 679 2784 qno
698 2699 801 2785 magia
815 2697 918 2762 Cleon
938 2697 1173 2785 navigationem
1188 2696 1350 2762 subterfu-

308 2783 428 2870 giebat,
453 2805 491 2850 ac
520 2783 796 2870 tergiveraabatur,
821 2783 985 2868 promiscis
1013 2801 1096 2849 atara
1124 2805 1283 2858 recusans,
1306 2807 1349 2850 eo
1488 2821 1496 2846 ι

385 2871 411 2934 ie
426 2869 529 2934 Nicire
543 2869 752 2954 imperabant,
768 2881 804 2935 ut
819 2880 991 2953 praeturam
1006 2872 1058 2934 illi
1074 2871 1223 2948 traderet,
1238 2870 1350 2956 illique

309 2891 537 3033 mebant,
551 2969 588 3020 nt
608 2957 779 3043 navigaret.
824 2954 1043 3032 Quamobrem
1060 2957 1165 3034 Cleon,
1184 2979 1259 3022 cum
1280 2978 1349 3020 non

308 3053 415 3127 posset
435 3042 572 3127 amplius
589 3063 622 3106 ee
643 3041 797 3127 expedire
810 3063 851 3105 ea
865 3041 914 3120 iis,
930 3063 1003 3128 qum
1017 3042 1151 3122 dixerat,
1167 3042 1349 3128 expeditio-

309 3148 384 3192 nem
398 3128 540 3213 suscipit.
586 3127 629 3192 Et
643 3128 677 3191 in
695 3128 831 3192 mediam
845 3128 1032 3192 concionem
1053 3149 1250 3216 progressus,
1266 3129 1348 3193 dixit

310 3237 343 3278 ee
357 3235 422 3278 uon
436 3215 549 3280 timere
564 3213 836 3290 lacedemonios,
852 3227 884 3279 et
898 3235 932 3278 te
952 3213 1187 3302 navigaturum,
1203 3214 1293 3280 nullo
1305 3215 1348 3280 de

310 3301 426 3366 civium
454 3321 588 3366 numero
616 3321 722 3366 smum
747 3299 861 3375 ductor
892 3311 1015 3366 tantum
1044 3319 1118 3366 curn
1144 3299 1291 3366 Lemniia
1314 3313 1348 3368 et

312 3385 449 3466 lmbriis,
463 3388 519 3474 qui
533 3385 676 3463 aderant,
692 3386 839 3450 maumtie
853 3387 948 3450 etiam
966 3385 1117 3472 'pellatia
1131 3388 1188 3473 qui
1202 3407 1242 3452 ex
1257 3385 1349 3452 AEno

310 3487 460 3538 venerant
475 3473 605 3549 auxilio,
621 3485 654 3536 et
668 3471 795 3536 aliunde
810 3472 980 3558 sagittariis
992 3473 1241 3560 quadringentis.
1264 3475 1348 3538 Cum

311 3557 360 3622 hie
374 3559 475 3640 copiis
490 3559 573 3624 dixit
585 3581 617 3624 ee
635 3561 748 3622 inerme
768 3558 811 3622 ad
831 3557 956 3638 milites,
972 3559 1027 3646 qui
1048 3559 1090 3624 sd
1107 3559 1223 3646 Pylum
1244 3573 1349 3638 eraut,

311 3654 342 3708 et
355 3645 439 3708 intra
452 3645 565 3732 viginti
578 3645 655 3721 dies,
671 3656 727 3708 aut
742 3643 1002 3711 Leoedoemonioa
1015 3645 1103 3710 viros
1122 3645 1354 3726 adducturum,

311 3743 367 3794 aut
387 3729 452 3794 illic
474 3729 723 3810 interfecturum.
768 3731 863 3795 Tunc
884 3744 991 3797 autern
1015 3731 1124 3797 levitas
1146 3733 1294 3812 hominia,
1312 3747 1357 3797 et

311 3814 415 3880 inanis
428 3817 494 3902 ejus
508 3817 612 3882 oratio
627 3816 724 3881 risum
739 3815 944 3902 aliquomodo
960 3818 1071 3896 movit,
1081 3818 1229 3904 jucunda
1240 3831 1359 3884 tamen

343 4041 576 4096 ⁸.1neaiteum,ut
594 4041 682 4087 eumne
700 4041 817 4100 copiie,rl
834 4054 894 4102 quaa
910 4043 991 4098 veliet,
1003 4041 1082 4090 officio
1100 4043 1177 4104 ipatus
1198 4043 1367 4101 ningunt-

316 4105 511 4152 Velm-nimus
529 4105 618 4164 quibua
638 4105 710 4151 vellet
727 4107 813 4166 copiis,
830 4120 874 4168 pro
888 4119 919 4154 ea
935 4108 1044 4168 quidem,
1058 4121 1114 4167 quae
1130 4107 1180 4154 iltis
1198 4111 1365 4166 stuppam,
1493 4129 1495 4156 t

312 4169 437 4224 facultate,
445 4181 498 4214 rem
509 4169 615 4230 aggredi.
638 4167 718 4227 Serpit.
751 4169 835 4229 dubet,
843 4177 881 4231 ut,
891 4185 951 4234 quae
963 4171 1021 4219 rellt
1031 4173 1112 4234 copiae
1123 4185 1231 4226 mmens.
1238 4184 1281 4217 cuo
1290 4181 1366 4221 rem
1494 4187 1495 4190 ¹

312 4234 514 4294 arbitrmugarat.
535 4231 644 4281 Auno.
668 4234 759 4284 ,Hora
1493 4243 1495 4252 ’

346 4289 358 4328 ¹
376 4297 425 4352 Vct,
435 4297 541 4344 cetratis.
576 4295 650 4344 loru.
