2982 4786
351 283 418 346 m
724 263 1029 336 THUCYDIDIS

254 467 316 516 aet
348 444 448 512 ticum
464 443 634 529 (inquam)
651 453 685 507 et
698 440 854 506 hordeum
878 451 1009 517 tostum,
1024 437 1100 506 hinc
1121 434 1254 502 naribus
1276 457 1392 501 onere-

244 533 329 592 Μῦν·
350 531 406 595 riis
420 552 454 592 eo
468 526 726 602 convehendarm
751 539 782 593 et
798 528 933 614 pistores
944 547 984 590 ox
999 523 1140 610 pistrinis
1153 519 1298 586 mercede
1311 543 1393 587 eond

235 599 329 708 ἒβη
351 615 475 690 ductos,
487 613 543 699 qui
557 613 692 678 vicissim
706 635 831 696 operam
849 614 990 698 pistrino
1013 613 1087 674 dare
1107 622 1273 696 cogentur,
1289 611 1392 672 oddu-

246 662 335 786 off
350 703 459 766 tendor
479 719 592 774 censeo,
611 711 657 775 ut,
680 699 706 762 si
727 719 793 785 quo
815 699 847 762 in
870 697 942 763 loco
963 697 1203 782 tempestatibus
1223 690 1392 778 intercepti

250 789 322 838 Μ·
350 800 525 863 teneamur,
556 785 712 850 exercitus
741 805 791 848 rea
819 783 861 848 ad
890 783 1008 847 victum
1045 782 1234 845 necessarias
1262 777 1392 844 hebeat.

250 855 273 902 V

260 867 320 988 ἐξ·
351 873 435 938 Cum
451 871 536 936 enim
551 870 605 935 hic
625 869 783 936 exercitus
796 868 924 934 futurus
944 867 984 930 sit
1004 867 1127 953 ingens,
1143 887 1208 930 eum
1221 885 1288 928 non
1301 887 1393 952 qure-

348 957 427 1024 libet
440 956 550 1023 civiter
563 956 712 1040 excipere
732 955 861 1040 poterit.
906 954 1110 1036 Castoresque
1131 973 1180 1016 res
1195 971 1252 1036 pro
1267 952 1393 1015 viribus

347 1065 419 1128 prro
461 1043 586 1119 rander,
601 1063 706 1127 neque
728 1052 848 1106 nostres
870 1038 983 1104 salutis
1004 1037 1186 1124 presidium
1205 1037 1236 1100 in
1252 1036 1392 1102 eliorum

348 1151 422 1194 auxi
446 1149 468 1194 o
481 1125 704 1194 collocandum
719 1147 843 1191 censeo:
866 1124 1012 1208 inprimis
1027 1144 1103 1188 vero
1111 1122 1275 1208 pecuniam
1292 1144 1393 1208 quam

347 1212 519 1301 plurimam
534 1213 610 1278 hinc
624 1211 830 1278 afferendam.
875 1210 957 1276 Nem
979 1231 1052 1295 quoe
1073 1211 1115 1273 ab
1131 1208 1282 1295 Egestoeie
1307 1231 1393 1292 prae-

348 1300 474 1366 dicatur
491 1298 556 1364 illio
572 1299 606 1362 in
629 1309 759 1383 promtu
782 1317 861 1374 esse,
882 1317 952 1362 eom
975 1298 1073 1359 verbo
1099 1307 1189 1360 tenus
1209 1295 1239 1358 in
1257 1313 1394 1379 promtu

348 1384 580 1472 soreputetis.’'
941 1412 944 1421 ·

392 1479 445 1536 23.
468 1475 518 1512 “⁰
535 1471 618 1534 Nam
633 1470 659 1534 si
673 1492 731 1534 nos
745 1469 822 1536 hinc
832 1470 1029 1536 discedamus
1040 1489 1113 1534 eum
1124 1468 1277 1544 exercitu,
1294 1489 1394 1554 quem

349 1578 416 1624 nou
439 1555 541 1622 solum
564 1558 670 1622 hostili
691 1577 800 1640 psrem
821 1557 1116 1642 praeparaverimus,
1140 1554 1215 1639 (nisi
1237 1553 1395 1618 bellicoso

348 1641 454 1730 grevia
475 1655 647 1708 armatnroe
670 1641 789 1721 robori,
804 1642 892 1743 quod
914 1640 1117 1721 habentieed
1136 1640 1231 1704 etism
1248 1661 1324 1703 cum
1341 1662 1394 1719 eo,

350 1727 406 1810 qui
421 1727 514 1795 rebus
529 1727 677 1793 omnibus
690 1726 787 1814 longe
804 1741 845 1792 art
859 1728 1053 1804 instructior,
1069 1748 1159 1811 quant
1174 1726 1290 1790 hostilis
1302 1747 1395 1788 exer-

349 1817 438 1892 citas,
453 1825 560 1884 tamen
575 1828 607 1878 et
621 1813 666 1877 sio
680 1813 735 1878 vix
754 1813 824 1878 iilae
845 1814 974 1900 quidem
990 1814 1023 1876 in
1039 1825 1179 1906 nostram
1201 1823 1394 1894 potestatem

351 1900 503 1988 redigere,
518 1899 578 1966 has
592 1921 668 1964 vero
689 1920 878 1965 conservare
899 1899 1084 1984 poterimus.
1131 1896 1394 1961 Existimandom

350 1999 458 2064 eutem
479 2001 531 2052 est
553 1985 720 2069 proficisci,
744 1998 781 2050 ut
804 1988 915 2051 urbem
934 1987 1072 2069 aliquam
1095 1983 1178 2048 inter
1198 1982 1396 2068 alienigenas

350 2093 389 2140 ec
403 2071 510 2140 hostes
523 2073 584 2137 aibi
606 2071 787 2148 vindicent3
810 2092 891 2159 quos
912 2071 1019 2155 primo
1039 2071 1101 2147 die,
1117 2091 1183 2155 quo
1197 2071 1241 2132 ad
1259 2071 1395 2133 inuelem

350 2179 392 2244 ap
417 2158 542 2234 ulerint,
558 2155 723 2224 confestim
744 2179 823 2244 egro
844 2157 940 2242 potiri
963 2168 1105 2242 oportet:
1129 2169 1186 2220 aut
1204 2175 1397 2241 persuasum

350 2243 372 2308 h
434 2265 478 2320 re,
496 2243 556 2308 nisi
580 2245 645 2308 voti
671 2255 834 2327 compotes
856 2243 944 2320 iisnt,
967 2241 1046 2322 fore,
1063 2252 1100 2308 ut
1120 2243 1229 2306 omnia
1251 2240 1398 2306 habeant

349 2327 495 2396 hostilia..
531 2327 631 2406 Quod
659 2350 721 2416 ego
749 2323 934 2406 formidans,
965 2341 997 2394 et
1025 2341 1223 2414 compertum
1255 2327 1396 2406 habens,

349 2427 497 2500 oportere
517 2436 578 2480 nos
599 2417 636 2480 de
656 2415 745 2480 rebar
757 2417 836 2481 -s'ett'r
854 2413 970 2500 cespius
991 2429 1023 2479 et
1042 2426 1127 2480 recte
1143 2413 1342 2494 consultare,
1359 2437 1399 2479 ac

247 2539 251 2552 ·
350 2499 453 2569 multo
468 2500 569 2590 magis
584 2521 653 2564 rem
674 2499 808 2566 feliciter
827 2521 938 2589 gerere
961 2501 1063 2603 (quod
1082 2499 1217 2566 arduum
1238 2513 1301 2576 est,
1317 2503 1398 2587 quie

350 2607 466 2658 sumus.
487 2585 648 2668 homines)
678 2586 720 2651 ad
749 2585 834 2653 banc
861 2587 1094 2674 expeditionem
1123 2585 1282 2670 proficisci
1295 2587 1398 2661 ¹voto,

349 2693 447 2758 quem
471 2673 638 2738 minimum
662 2685 782 2738 memet
803 2671 941 2738 fortunas
968 2675 1189 2740 committens:
1212 2672 1268 2736 sed
1292 2693 1401 2757 appe·

350 2771 423 2822 ratu
438 2757 590 2835 munitus,
605 2773 641 2824 ut
656 2758 772 2824 rationi
787 2772 1034 2824 consentaneum
1053 2759 1189 2840 videtur,
1203 2759 1278 2822 hinc
1291 2757 1403 2824 disce·

349 2842 426 2909 dere
447 2846 524 2910 mio.
571 2843 656 2910 Hreo
678 2846 763 2910 enim
786 2859 817 2910 et
839 2845 994 2910 universe
1014 2844 1200 2931 reipublice
1222 2845 1400 2926 tutissima,
1482 2863 1483 2874 ¹

349 2943 383 2994 et
396 2929 488 2994 nobis
502 2929 545 2996 ed
561 2929 705 2998 militiam
722 2929 1245 3014 proiecturiesalutarieioreduco.
1292 2929 1400 3007 Quod
1481 2929 1483 3000 i

350 3015 463 3102 siquis
477 3015 568 3081 aliter
583 3017 708 3098 sentiet,
724 3016 1077 3109 huicegomagistrstu
1091 3017 1202 3082 oedo.”
1482 3039 1483 3046 ¹

393 3111 448 3168 24.
471 3104 580 3187 Atque
601 3100 710 3167 Nicias
725 3103 853 3188 quidem
869 3103 938 3170 brec
953 3103 1046 3182 dixit,
1062 3123 1192 3190 sperans
1207 3124 1239 3168 te
1255 3101 1403 3168 Atheni·

349 3209 441 3256 enses
463 3188 514 3254 vei
541 3210 647 3254 rerum
677 3189 881 3256 multitudine
909 3190 949 3256 de
978 3190 1133 3256 sententie
1154 3188 1402 3266 deducturum
1481 3207 1483 3240 ι

349 3273 400 3339 rel
421 3275 448 3340 si
461 3275 504 3340 ad
526 3275 608 3342 hene
630 3273 862 3360 expeditionem
884 3278 948 3360 ipse
970 3273 1128 3363 proficisci
1151 3288 1338 3362 cogeretur,
1356 3279 1404 3340 sio
1481 3297 1482 3300 ¹

349 3360 459 3428 saltem
475 3384 507 3428 re
521 3373 592 3427 tuto
614 3360 842 3445 profecturam.
886 3361 938 3427 Ilii
960 3383 1036 3427 vero
1050 3362 1135 3427 hanc
1148 3361 1244 3446 hujus
1259 3362 1402 3446 expedi·
1481 3383 1482 3386 ¹

350 3447 445 3512 donis
460 3446 667 3532 cupiditatem
683 3469 726 3513 ex
740 3448 933 3514 animianon
945 3447 1146 3532 expulerunt,
1156 3450 1302 3533 quamvis
1314 3450 1405 3513 tenti

350 3546 522 3617 apparatus
535 3532 704 3598 difficultas
720 3535 796 3618 ipsis
815 3547 1064 3618 proponeretur:
1088 3534 1144 3598 sed
1166 3537 1270 3598 mutto
1292 3537 1405 3621 magis

349 3616 470 3687 inuitati
485 3633 568 3688 aunt.
615 3619 657 3684 Et
673 3641 722 3683 res
736 3620 797 3704 ipsi
816 3621 917 3697 cessit,
931 3620 1079 3684 aliterue
1100 3621 1260 3705 sperabat.
1307 3619 1405 3684 Nem

350 3715 382 3768 et
396 3705 462 3786 ipre
471 3704 594 3771 bonum
608 3706 776 3770 consilinm
791 3705 926 3784 dedisse,
938 3719 970 3770 et
981 3728 1031 3772 res
1046 3705 1221 3771 hoomodo
1234 3705 1407 3770 tutissime

349 3787 419 3854 fore
438 3789 615 3857 videbatur.
659 3791 704 3856 Et
728 3793 898 3942 novipendi
921 3793 1111 3857 desiderium
1135 3813 1246 3856 omnes
1272 3794 1409 3878 parites

350 3873 474 3940 invasit.
521 3878 570 3940 Ac
585 3877 723 3943 seniores
734 3879 788 3962 qui
830 3900 873 3955 m,
884 3878 971 3964 quod
987 3878 1035 3943 rei
1050 3880 1083 3942 in
1095 3901 1184 3943 suam
1200 3891 1408 3962 potestatem

350 3983 384 4047 se
405 3961 588 4046 redecturos
610 3979 774 4048 sperarent
796 3987 844 4042 ea,
859 3964 900 4030 ed
921 3984 993 4050 quse
1016 3977 1197 4052 pergerent,
1218 3963 1268 4028 vel
1284 3967 1407 4028 radten

382 4134 396 4164 ⁰
410 4131 468 4178 Nisi
480 4133 547 4178 enirn
563 4134 620 4181 hine
631 4135 812 4194 pronctsemur
823 4149 872 4182 non
884 4135 936 4196 puri
948 4140 1044 4182 tentum
1056 4147 1070 4181 n
1147 4141 1174 4182 tu
1186 4133 1299 4182 instructi
1313 4147 1410 4180 rernm

350 4195 472 4253 omnim
489 4196 663 4258 (preterquam
682 4187 798 4245 adsimus
816 4200 850 4253 id.
870 4201 936 4260 quod
956 4200 1055 4253 nobem.
1129 4206 1228 4247 etonrm
1249 4199 1343 4256 robur)
1362 4196 1410 4242 eed

349 4259 422 4317 longe
431 4261 504 4306 etiam
515 4262 563 4308 iltis
574 4263 748 4321 instructiores,
759 4264 801 4310 vix
812 4264 866 4312 illas
877 4271 923 4310 etr.
935 4261 1014 4324 Stepi·
1050 4263 1134 4311 Hune.
