2964 4786
446 275 696 346 HISTORIAE
718 275 808 342 un.
831 274 892 342 Vl.
1127 283 1192 348 stt

153 450 329 519 matru-
350 449 450 516 ciuaoe
466 461 593 515 rectum
614 447 803 526 discessisse,
818 443 936 511 emersi
954 465 1017 512 rens
1037 445 1196 532 peditatui
1229 471 1292 522 m

154 538 386 626 significarunt.
430 535 526 600 'lianc
555 556 629 600 uero
658 533 765 599 cuncti
794 533 938 620 regressi,
965 531 1008 601 sd
1036 535 1196 620 suppetias
1219 537 1304 599 resep.

155 621 619 690 urbiierendnsaccurreruut.
901 677 907 688 ,
1210 603 1306 715 31¹⁷·

199 719 255 776 66.
278 710 406 775 Interea
429 729 506 772 vero
528 706 740 782 Athenienses,
764 703 851 790 quod
876 702 954 790 ipsis
978 703 1109 794 longum
1135 706 1197 772 iter
1221 681 1312 782 9ᾗωῖ

154 808 249 874 esset,
264 815 322 882 per
336 793 436 860 otium
451 804 555 858 castra
569 803 744 877 posueruut
764 790 799 853 in
820 803 1005 876 opportuno
1019 791 1102 872 luco,
1117 804 1149 857 et
1164 794 1195 857 in
1226 795 1256 842 ὓ·
1267 795 1298 845 0·

155 903 223 968 quo
236 881 346 967 proelii
361 880 488 946 initium
510 889 601 944 erent
616 877 741 952 facturi,
756 877 1009 962 quotiescunque
1025 877 1152 956 vellent,
1166 891 1198 944 et
1225 859 1297 974 gg·

155 967 207 1032 rel
223 969 256 1031 in
273 968 343 1052 ipsc
359 965 485 1068 proelio,
501 965 551 1029 uel
571 978 645 1028 ante
663 961 815 1046 proelium
839 961 880 1026 eb
900 963 1041 1048 equitatu
1060 965 1199 1050 Syracu·
1281 955 1289 972 ⁰

156 1073 308 1119 senorum
324 1053 455 1117 minime
470 1050 609 1116 infestari
624 1059 783 1134 poterant.
828 1047 913 1110 Nam
934 1046 975 1111 ab
991 1069 1055 1112 une
1069 1050 1199 1135 quidem

154 1152 249 1288 'pane
263 1139 464 1214 munitiones,
478 1135 625 1213 oedilicia,
641 1133 780 1210 arbores,
796 1145 829 1196 et
847 1147 996 1222 stagnum
1011 1135 1110 1200 hostes
1123 1157 1199 1220 pru·

180 1225 326 1290 ibebant:
348 1225 391 1289 ab
405 1223 504 1288 ultera
525 1243 611 1296 vero,
626 1221 699 1285 loca
720 1231 900 1305 praerupta:
925 1219 1076 1304 ensisque
1090 1221 1201 1287 vicinis

155 1309 334 1390 arboribus,
350 1323 382 1375 et
396 1309 437 1375 ad
452 1329 540 1374 mate
554 1307 676 1384 delatis,
687 1309 781 1392 juxta
798 1327 903 1386 naues,
915 1317 947 1370 et
960 1305 1001 1370 ad
1016 1305 1200 1372 Dssconem

155 1395 276 1461 vallum
292 1396 446 1471 fixerunt,
462 1393 503 1460 ab
518 1417 555 1459 ea
569 1415 646 1458 vero
665 1405 765 1478 parte,
782 1414 854 1478 quae
869 1391 957 1456 aditu
973 1391 1116 1458 hostibus
1132 1407 1201 1459 erat

155 1481 318 1562 facillime,
334 1476 542 1546 munitionem
563 1501 604 1544 ex
626 1480 713 1544 saxis
733 1477 839 1541 eiectis
856 1477 1014 1566 lignisque
1035 1491 1201 1544 construc-

156 1582 225 1634 tam
240 1568 383 1633 celeriter
397 1580 577 1642 erexerunt,
588 1577 621 1629 et
635 1563 743 1648 Anapi
758 1577 887 1648 pontem
903 1563 1075 1630 solverunt.
1109 1565 1199 1631 Dum

155 1667 264 1720 eutem
279 1653 332 1718 hae
347 1653 541 1718 munitiones
555 1649 680 1730 fierent,
691 1672 733 1714 cx
748 1650 827 1712 urbe
842 1649 972 1735 quidem
988 1671 1083 1715 nemo
1095 1673 1201 1740 egres·

155 1763 212 1806 sus
226 1763 330 1804 eumn
345 1759 420 1822 optas
433 1737 616 1822 impedivit:
640 1735 695 1800 scd
711 1735 807 1820 primi
824 1736 1094 1822 Syracusanorum
1111 1739 1199 1824 equi·

155 1839 206 1892 tes
232 1825 274 1890 sd
302 1845 396 1911 opem
423 1827 486 1890 niis
508 1825 597 1890 rebus
625 1821 788 1888 ferendam
819 1835 1058 1906 procurrerunt,
1083 1823 1201 1888 deiude

155 1933 234 1978 vero
258 1933 335 1976 mox
359 1924 392 1975 et
414 1911 581 1974 universus
607 1907 766 1992 peditatus
791 1906 948 1971 convenit.
995 1907 1038 1972 Et
1061 1911 1200 1992 primum

155 1999 286 2086 quidem
310 1995 350 2062 ad
367 1996 609 2062 Atheniensium
632 2004 736 2058 castra
757 1993 890 2077 propius
912 2007 1121 2072 accesserunt,
1145 1995 1200 2059 de-

154 2084 341 2160 indecere,
364 2103 438 2148 cum
462 2084 513 2146 iili
533 2093 645 2146 contra
668 2081 753 2164 ipsos
774 2100 840 2142 non
862 2080 1038 2164 prodirent,
1055 2081 1200 2168 regressi,

156 2193 205 2248 ac,
223 2171 273 2234 ria
288 2169 445 2234 Helorina
458 2167 656 2245 transmissa,
671 2179 775 2230 eostre
788 2177 973 2250 posuerunt.

201 2263 256 2325 67.
280 2254 462 2342 Insequenti
477 2275 552 2318 uero
572 2253 624 2316 die
639 2251 851 2318 Athenienses
871 2272 1046 2336 eorumque
1066 2252 1143 2316 socii
1165 2267 1200 2318 ut

156 2342 199 2408 sd
215 2340 365 2429 proelium
386 2363 420 2406 sc
441 2351 675 2424 praepurarunt,
692 2351 724 2402 et
747 2337 845 2401 aciem
865 2337 927 2400 hoc
945 2335 1041 2401 modo
1059 2337 1201 2404 instrux-

156 2443 262 2494 erunt.
307 2428 466 2494 Dextrum
482 2425 611 2511 quidem
631 2445 731 2488 cornu
754 2423 905 2488 tenebunt
926 2423 1040 2510 Argivi
1055 2438 1087 2489 et
1103 2424 1201 2490 Man-

156 2516 247 2593 tinei,
264 2515 471 2580 Athenienses
485 2534 561 2576 vero
577 2510 713 2574 medium
730 2531 849 2596 agnen,
865 2509 1000 2573 alterum
1015 2531 1091 2573 vero
1106 2509 1201 2574 cornu

157 2601 268 2666 caeteri
283 2601 358 2664 socii
374 2599 527 2663 tenebunt.
573 2596 617 2660 Et
638 2595 805 2660 dimidium
829 2593 956 2682 quidem
979 2596 1121 2680 ipsorum
1144 2618 1200 2659 ex-

156 2687 276 2752 ercitus
291 2686 337 2750 sic
352 2697 419 2750 erat
434 2685 635 2755 instructum,
651 2683 733 2746 utin
757 2681 861 2744 fronte
881 2680 988 2745 octoni
1010 2680 1123 2746 milites
1138 2697 1201 2746 sta-

156 2788 243 2854 rent,
257 2772 427 2837 dimidium
444 2790 529 2846 vero,
545 2769 631 2855 quod
655 2782 724 2832 erat
746 2767 786 2832 sd
811 2767 958 2844 tentoria,
974 2780 1007 2831 et
1028 2769 1130 2853 ipsum
1147 2791 1202 2833 oc·

156 2860 243 2924 tonis
259 2859 411 2924 militibus
424 2856 701 2931 eratinstructunr,
714 2855 759 2918 ita
772 2864 890 2929 tamen,
908 2867 943 2916 ut
952 2855 1086 2941 agminis
1097 2854 1202 2942 lougi-

158 2946 240 3011 tudo
269 2944 468 3009 latitudinem
500 2941 596 3028 longe
628 2953 801 3024 superaret.
847 2939 975 3016 Quibus
1004 2956 1202 3023 praeceptum

156 3030 272 3107 luerat,
288 3043 325 3095 ut
339 3051 402 3116 qua
416 3042 507 3114 parte
521 3028 678 3092 exercitus
701 3025 871 3100 laboraret,
887 3025 1129 3112 diligentissime
1143 3028 1202 3092 ob-

158 3130 320 3182 servantes
331 3139 365 3180 se
378 3114 569 3180 conferrent.
613 3115 721 3198 Atque
743 3113 826 3177 intra
848 3108 919 3185 hos,
935 3113 991 3196 qui
1006 3112 1038 3174 in
1055 3112 1203 3177 subsidiis

156 3203 304 3270 ediocati
330 3201 466 3278 fuerant,
489 3199 570 3264 lixas
591 3210 776 3283 posuerunt.
823 3197 1013 3279 Syracusani
1037 3218 1114 3262 vero
1135 3221 1204 3268 snos

155 3291 265 3377 gravis
290 3302 461 3352 armaturae
486 3285 611 3361 milites,
635 3283 690 3370 qui
717 3295 807 3347 erant
834 3282 1024 3368 Syracusani
1048 3305 1089 3350 ex
1113 3285 1203 3349 omni

157 3376 258 3442 totius
281 3374 392 3459 populi
408 3373 523 3436 ordine
543 3383 639 3456 atque
661 3382 753 3436 atate
775 3369 909 3445 collecti,
925 3381 958 3432 et
978 3369 1091 3446 socios,
1107 3383 1205 3457 quot-

157 3475 240 3550 quot
254 3461 397 3537 adernnt,
413 3459 457 3523 sic
471 3457 702 3533 instruxerunt,
720 3469 756 3519 ut
775 3455 849 3519 deni
865 3455 931 3518 seni
947 3457 982 3519 in
996 3455 1078 3520 aciei
1085 3457 1204 3541 fronte

157 3559 289 3613 nerent.
334 3545 503 3611 Auxilium
520 3557 625 3608 sutem
639 3543 715 3626 ipsis
730 3542 874 3607 tulerunt
888 3542 921 3604 in
943 3539 1054 3626 primis
1073 3542 1202 3628 quidem

159 3631 342 3710 Selinuntii,
360 3653 435 3696 mox
452 3651 528 3695 vero
547 3641 577 3694 el
600 3629 694 3694 Geloi
715 3629 845 3714 equites,
861 3627 998 3692 universi
1018 3630 1058 3692 ad
1082 3629 1202 3694 duceu-

158 3733 221 3786 tos.
267 3719 312 3784 Et
332 3717 608 3783 Camerinaeorum
631 3717 753 3815 equites
778 3715 817 3779 sd
841 3715 965 3802 viginti,
986 3727 1018 3780 ct
1044 3717 1201 3803 sagittarii

158 3805 286 3872 circiter
300 3803 541 3891 quinquaginta.
587 3801 719 3889 Equites
732 3814 838 3868 autem
851 3801 882 3864 in
898 3799 1013 3865 dextro
1026 3824 1121 3866 coma
1135 3803 1202 3867 col·

157 3892 318 3968 locarunt,
341 3913 406 3956 non
430 3891 605 3974 pauciores,
621 3911 716 3975 quam
736 3887 824 3952 mille
844 3901 876 3952 et
897 3886 1061 3952 ducentos.
1104 3883 1216 3954 Juxta

157 3990 268 4044 sutem
284 3979 379 4061 ipsos,
391 3990 423 4041 et
431 3975 632 4062 jaculatores.
677 3975 761 4040 Cum
777 3986 881 4038 autem
892 3973 1100 4039 Athenienses
1113 3995 1204 4060 prte-

158 4065 241 4130 lium
259 4065 383 4148 priores
406 4062 516 4128 inituri
535 4074 649 4142 essent,
670 4060 780 4126 Nicias
805 4071 838 4124 et
859 4059 1000 4146 singulas
1022 4073 1143 4148 gentes,
1166 4072 1204 4125 ut

159 4171 324 4302 quamque
348 4149 467 4232 adibat,
484 4163 516 4215 et
538 4148 699 4214 universas
720 4147 900 4232 hujusmodi
926 4145 1030 4211 verbis
1053 4144 1203 4213 adhorte-

183 4248 269 4304 atur.
