2996 4782
331 251 371 318 18
697 237 1003 308 THUcYmms

330 433 484 488 meatum.
531 415 673 481 Primum
688 413 827 500 quidem,
842 411 917 510 quia
931 409 1027 485 notu,
1043 407 1098 494 qui
1118 403 1269 493 injuriam
1284 407 1371 472 aeci·

328 511 446 596 pimus,
462 524 521 568 nec
544 503 612 566 aliis
634 499 782 585 injurium
802 496 945 571 fecimus,
961 515 1053 578 opem
1078 493 1193 558 feretis.
1240 491 1373 558 Deinde

330 617 417 671 uero,
433 593 518 678 quie,
534 587 560 652 ai
575 609 639 664 nos,
656 587 688 649 in
705 583 918 647 maximarum
936 601 1039 643 rerum
1061 579 1231 643 discrimen
1247 576 1372 642 adduc·

330 695 391 756 tos,
407 674 576 760 recipiatis,
598 669 787 736 beneficium
814 687 888 730 cum
916 678 1038 729 aeterno
1063 664 1245 728 testimonio
1271 677 1373 749 quern

331 766 452 852 optime
474 762 560 846 apud
582 779 635 821 nos
659 752 864 820 collocabitis.
904 749 1043 814 Classem
1059 763 1177 826 erstem,
1194 761 1300 813 vestra
1315 771 1374 814 ex-

330 863 433 936 cepta,
456 845 629 912 maximam
652 840 813 904 hebemus.
859 835 969 912 Quare
989 833 1195 914 considerate,
1217 855 1374 919 quaenam

333 937 435 1024 magis
450 929 619 1019 singularis
633 939 747 990 vestrae
761 921 978 1008 prosperitatis
993 919 1127 995 occssio,
1144 941 1257 1004 quoeve
1269 918 1376 986 hosti·

333 1024 392 1089 bus
407 1019 590 1084 damnosior
613 1034 679 1076 csse
693 1009 801 1096 possit,
817 1027 912 1093 quam
929 1006 955 1068 si
977 1028 1014 1069 ea
1028 1007 1182 1090 potentia,
1200 1026 1300 1089 quam
1318 1027 1376 1070 vo·

289 1167 296 1179 ‚
333 1108 384 1173 bis
411 1127 477 1169 esse
506 1101 687 1186 adjunctam
724 1114 850 1180 megnae
887 1093 1040 1175 pecuniae,
1077 1110 1268 1176 magnaeque
1298 1112 1377 1174 gra-

335 1195 389 1259 tiae
414 1182 682 1274 anteposuissetis,
701 1183 739 1255 si,
755 1181 890 1272 inquam,
912 1199 949 1240 ca
966 1198 1045 1239 nunc
1059 1174 1151 1252 adsit,
1168 1188 1284 1258 sponte
1304 1199 1375 1254 sua,

336 1280 403 1344 sine
431 1271 583 1360 periculo,
608 1281 640 1332 et
662 1279 768 1330 sumtu
791 1263 924 1346 seipsam
948 1261 1030 1325 vohis
1054 1259 1202 1324 trudens:
1238 1275 1378 1345 prseter-

336 1388 373 1430 es
410 1359 495 1446 apud
524 1353 641 1419 multos
676 1349 805 1436 quidem
838 1345 971 1410 afferens
1019 1345 1148 1421 loriam3
1187 1344 1249 1410 illis
1285 1369 1378 1424 vero,

360 1448 452 1512 uibus
476 1463 569 1526 opem
594 1436 708 1512 feretis,
731 1433 877 1522 gratiam,
904 1446 935 1496 et
957 1370 1046 1494 vodis
1069 1431 1156 1516 ipsis,
1181 1435 1378 1514 potentiam.

337 1474 423 1611 aure
438 1528 546 1594 omnia
560 1545 600 1588 ex
614 1521 703 1587 omni
719 1534 896 1602 temporum
923 1515 1077 1580 memoria
1091 1516 1262 1599 perpaucis
1278 1519 1380 1582 simul

337 1619 561 1705 contigerunt,
584 1606 739 1704 paucique
748 1611 831 1678 sunt,
848 1603 901 1687 qui
917 1604 992 1679 illis,
1008 1625 1026 1664 u
1041 1600 1157 1685 quibus
1177 1601 1253 1666 belli
1274 1604 1380 1668 socie·

338 1719 434 1771 tatem
463 1709 585 1784 petunt,
608 1689 790 1778 presidium
814 1709 852 1750 ac
877 1699 1097 1750 ornamentum
1128 1687 1230 1771 majus
1256 1687 1380 1767 daturi,

337 1810 432 1876 quam
456 1783 587 1866 adipeis
608 1774 770 1859 accepturi
790 1772 926 1836 veniant.
971 1770 1094 1834 Bellum
1115 1784 1234 1850 autem,
1251 1773 1285 1836 in
1312 1797 1382 1860 quo

335 1875 421 1941 vobis
436 1869 527 1936 utiles
538 1887 605 1930 esse
619 1861 805 1949 poterimus,
821 1857 846 1920 si
862 1855 932 1942 quis
944 1869 1081 1920 vestrum
1101 1857 1152 1930 sit,
1176 1857 1231 1942 qui
1248 1859 1381 1924 nullum

338 1959 406 2024 fore
422 1955 602 2026 arbitretur,
627 1951 653 2011 is
668 1943 809 2030 profecto
820 1939 938 2004 fallitur
948 1941 1107 2025 opinione,
1125 1963 1183 2005 nec
1197 1941 1296 2021 videt,
1317 1949 1382 2010 La.

312 2039 562 2112 ·cedaemonios,
576 2047 690 2098 vestrae
711 2027 860 2114 potentiae
883 2037 979 2106 metu,
994 2025 1068 2090 belli
1085 2026 1218 2113 gerendi
1243 2030 1384 2114 cupidos

339 2153 414 2204 esse,
431 2139 462 2191 et
479 2119 664 2188 Corinthios
678 2115 690 2148 r
705 2135 761 2196 per
779 2134 812 2176 se
828 2111 947 2174 validos
962 2113 1120 2198 vobisque.
1134 2112 1282 2177 inimicos
1298 2138 1381 2196 esse,

340 2227 384 2293 et,
400 2213 477 2276 dum
487 2229 546 2272 nos
554 2204 673 2290 primos
684 2219 770 2262 nunc
782 2196 1021 2282 aggrediuntur,
1035 2197 1119 2260 viem
1130 2195 1190 2260 ribi
1202 2198 1244 2262 ad
1260 2221 1319 2265 vos
1331 2202 1384 2266 in·
1400 2256 1403 2262 .

339 2295 501 2362 radendos
523 2303 673 2361 sternere,
687 2305 729 2346 ne
743 2281 905 2344 communi
921 2281 995 2346 odio
1010 2282 1042 2346 in
1066 2304 1120 2346 eos
1140 2285 1384 2368 conspiremus:

339 2405 421 2449 neve
451 2379 604 2442 alterutro
636 2369 837 2440 frustrentur,
867 2379 902 2429 ut
931 2379 986 2430 sut
1011 2369 1101 2432 nobis
1133 2367 1289 2434 damnum
1316 2374 1385 2456 pri-

339 2490 411 2533 ores
427 2463 573 2534 inferant,
595 2471 649 2520 aut
672 2453 796 2518 sibimet
816 2449 1042 2514 firmitudinem
1056 2469 1256 2538 comparent.
1294 2457 1385 2523 Cum

342 2554 438 2654 'gitur
453 2571 511 2614 nos
526 2539 654 2631 quidem
671 2539 852 2602 societatem
864 2535 1043 2615 offeramus,
1055 2559 1110 2602 vos
1121 2560 1197 2604 vero
1213 2563 1280 2606 eam
1297 2545 1387 2610 aoei-

363 2638 444 2711 1atis,
461 2633 531 2697 illos
546 2640 749 2698 antevertere,
766 2635 797 2685 et
812 2621 941 2685 insidias
955 2623 1131 2708 anticipare
1145 2624 1265 2708 potius,
1283 2649 1386 2713 quam

340 2716 564 2788 lusidiantibus
576 2725 687 2775 contre
698 2706 850 2786 insidiari,
865 2719 976 2771 vestrae
991 2723 1065 2772 sunt
1078 2723 1195 2794 partes.

386 2816 438 2871 34.
462 2797 599 2876 “Quod
623 2796 648 2859 si
674 2792 825 2869 dixerint,
845 2792 990 2877 iniquum
1014 2816 1080 2857 esse
1105 2817 1179 2858 suos
1205 2794 1343 2864 colonos
1368 2827 1389 2866 a

341 2893 431 2957 robis
457 2885 566 2969 recipi,
592 2881 725 2953 discant,
749 2897 873 2940 omnem
901 2876 1058 2942 coloniam
1083 2879 1207 2944 honore
1255 2889 1388 2972 rosequi

341 2997 426 3043 suam
439 2966 658 3052 Metropolim,
670 2965 695 3026 si
709 2959 869 3024 beneficiis
881 2960 922 3024 sb
933 2985 970 3026 ea
985 2962 1155 3041 afficiatur,
1180 2987 1211 3029 se
1251 2971 1276 3031 si
1294 2971 1338 3033 ub
1350 2993 1390 3036 ea

341 3061 491 3146 iujuriam
506 3051 652 3134 accipiat,
668 3046 808 3112 alienari.
853 3045 923 3109 Nec
939 3047 1023 3112 enim
1046 3050 1236 3116 emittuntur
1252 3076 1292 3117 ca
1307 3077 1391 3122 con·

342 3147 474 3221 ditione,
490 3153 527 3205 ut
540 3137 605 3202 sint
622 3133 719 3197 servi:
742 3129 797 3194 sed
813 3141 849 3194 ut
869 3151 941 3195 cum
957 3132 1005 3211 iis,
1020 3133 1075 3217 qui
1090 3137 1173 3198 domi
1194 3133 1391 3225 relinquun.

269 3261 271 3264 ·
342 3248 406 3309 mr,
423 3223 539 3313 oequsli
555 3223 629 3308 jure
643 3220 714 3282 sint.
759 3213 855 3291 Quod
878 3233 983 3280 autem
999 3219 1054 3281 isti
1067 3219 1154 3284 nohis
1172 3221 1326 3306 injuriam
1342 3227 1392 3293 fe.

342 3317 453 3390 serint,
473 3309 674 3396 perspicuum
697 3315 752 3399 est.
798 3299 882 3399 .N¹i¹¹²
905 3301 945 3364 ud
964 3301 1119 3386 judicium
1142 3305 1183 3370 de
1207 3305 1392 3392 Epidamni

342 3395 557 3467 controversia
575 3403 745 3472 provocati,
761 3406 903 3461 crimina,
919 3407 987 3469 quae
1001 3389 1087 3452 nobis
1108 3389 1269 3474 officiunt,
1287 3401 1392 3466 armis

342 3505 439 3572 quam
461 3483 534 3567 jure
557 3473 703 3561 persequi
727 3470 917 3534 maluerunt.
963 3475 1070 3558 Atque
1095 3495 1143 3552 ea,
1167 3497 1244 3561 quae
1270 3481 1304 3546 11,
1330 3505 1393 3550 Μ,

342 3591 411 3637 ntor
425 3575 577 3653 cognatos
596 3560 724 3636 faciunt,
740 3555 828 3618 vobis
850 3555 913 3618 sint
926 3555 1129 3634 documento,
1148 3583 1188 3624 ne
1203 3562 1245 3627 ab
1259 3565 1342 3650 ipsis
1356 3572 1393 3636 iu

343 3653 487 3720 fraudem
513 3643 719 3721 inducamini,
742 3661 819 3740 neve
842 3642 927 3722 spuis,
950 3644 1101 3706 auxilium
1126 3651 1324 3732 petentibus,
1349 3679 1393 3722 ex

344 3754 488 3823 tempore
518 3750 636 3830 morem
655 3738 792 3828 'geraus
837 3723 943 3798 Quem
971 3727 1058 3790 enim
1089 3729 1220 3796 minime
1249 3742 1395 3821 poenitet

343 3821 572 3923 beneficiorum
595 3836 628 3878 rn
654 3829 797 3876 rnrmrooa
822 3808 1022 3890 collatorum,
1050 3814 1201 3882 irritam
1228 3825 1394 3894 tutissime

345 3909 443 4059 degsg:
467 4000 488 4031 u
501 3989 614 4073 Neque
628 4005 703 4048 vero
720 3978 842 4044 foedera
865 3981 1028 4066 frangetis,
1045 4003 1118 4067 quoe
1140 4007 1215 4052 curn
1232 3991 1394 4063 Lacedae.

379 4181 393 4219 h
405 4181 476 4240 Apud
488 4180 550 4238 ipsos
561 4166 936 4236 [Lacedaemonioslauctoritate
947 4169 1035 4217 ualere.
1053 4169 1176 4222 Portaret
1190 4179 1260 4227 Casu.
1299 4185 1394 4236 Hirtia.
