2996 4782
338 399 342 406 .
428 327 677 396 Hlsuottuu
700 325 790 396 LIB.
815 325 843 392 1.
1112 327 1155 392 st

110 503 253 571 Boeotioe
334 501 389 568 ids
401 515 557 582 tenerent,
573 501 783 568 Athenienses
797 520 870 564 cum
885 495 972 562 mille
1010 494 1093 562 ravis
1108 517 1158 562 ar·

109 604 250 656 maturae
265 591 310 654 mi
325 591 419 656 itibus
441 611 481 655 ex
496 591 559 655 suis
575 603 662 654 etex
683 588 842 653 sociorum
858 585 984 652 unitati
1036 627 1046 662 ,
1062 595 1160 668 prout

108 677 246 767 singulis
260 688 318 742 out
331 681 444 753 venre,
458 687 514 742 eat
524 679 637 742 milites
645 697 709 760 pro
722 697 754 740 se
767 676 889 738 mittere
899 673 1040 748 licuerat,
1055 671 1088 742 in
1105 668 1160 734 ills

108 766 193 845 lota,
209 779 284 852 ques
306 763 436 828 inimica
455 777 556 842 erem,
581 762 819 849 expeditionem
839 756 1001 826 Telmidte
1022 753 1159 824 Tolmaei

94 854 173 935 flii
189 849 290 916 ductu
310 863 528 936 susceperunt.
573 849 626 926 Et,
644 847 825 914 Chaeronee
845 857 941 930 eapte
963 867 1001 910 se
1021 843 1157 928 direpto,

108 948 140 1010 ,et
155 941 268 1003 incolit
289 939 511 1003 inservientem
528 937 704 1013 abstrudis,
721 933 868 1020 presidio
890 933 924 996 in
938 954 977 996 ea
991 929 1158 1008 collocato,

108 1023 334 1090 discesserunt.
381 1023 570 1089 Boeotorum
582 1043 660 1087 vero
670 1019 810 1099 exsules,
820 1031 853 1086 et
866 1039 941 1084 eum
955 1017 1032 1103 ipsis
1047 1015 1157 1096 Locri,

109 1123 143 1176 et
159 1110 378 1178 Euhoensium
397 1113 531 1190 exsules,
543 1119 576 1174 et
589 1109 642 1174 alii
658 1121 817 1194 quotquot
829 1104 1002 1172 earundem
1017 1105 1159 1190 portium

112 1211 216 1275 erent,
241 1196 449 1262 Orchomeno
474 1196 557 1262 frete
586 1196 765 1282 eruptione,
797 1193 868 1259 illos
897 1203 1088 1258 revertentes
1116 1189 1157 1256 ad

110 1284 295 1350 Coronmm
321 1283 524 1349 inusserunt:
548 1303 684 1386 cumque
710 1285 724 1346 i
744 1303 792 1348 sos
811 1279 927 1365 proelio
948 1289 1159 1364 superessent,

110 1369 356 1435 Atheniensium
380 1369 457 1434 alios
476 1370 607 1456 quidem
630 1382 677 1434 mt
725 1378 866 1446 ecerunt,
886 1366 966 1430 elios
980 1385 1057 1430 vero
1072 1363 1159 1430 vivos

108 1469 275 1540 oeperunt
321 1455 532 1522 Athenienses
544 1477 623 1521 vero
644 1467 744 1521 totam
767 1453 926 1520 Boeotiam
949 1452 1157 1539 reliquerunt,

109 1543 294 1608 induciises
304 1542 648 1625 conditionemque
661 1541 805 1628 captivet
818 1540 1013 1626 reciperent:
1035 1551 1068 1606 et
1079 1537 1158 1604 Boe·

109 1641 238 1694 ntorum
255 1629 389 1710 exsules,
408 1631 577 1716 eaeoerique
590 1651 701 1694 omnes
723 1649 758 1692 eo
775 1631 903 1706 reversi,
925 1647 1034 1698 rursus
1054 1624 1157 1704 liberi,

110 1716 240 1802 suisque
254 1715 379 1802 legibus
392 1715 551 1784 vixerunt.

156 1811 230 1868 114.
256 1801 371 1888 Neque
396 1803 498 1868 multo
547 1815 598 1868 ost
614 1801 685 1866 haee
706 1799 834 1868 Euboes
847 1798 889 1866 sb
907 1797 1157 1864 Atheniensibus

109 1887 263 1990 defecit.⁸
285 1889 370 1954 Cum
386 1903 492 1992 putem
538 1889 647 1991 eripies
661 1909 734 1990 eum
752 1887 996 1952 Atheniensium
1012 1885 1157 1950 exercitu

109 1997 232 2126 titt
250 1971 1157 2149 titt-‘tittffitttt„ttt‘ttttptth‘tt'tttit

109 2147 270 2225 facturum
292 2163 324 2212 et
338 2148 583 2214 Atheniensium
600 2147 813 2235 presidium
827 2145 944 2212 milites
953 2169 973 2210 a
985 2143 1158 2248 Megaren-

111 2234 198 2298 sibus
235 2255 346 2314 caeros,
380 2235 442 2300 illis
478 2235 628 2321 exceptis,
683 2235 717 2300 ui
753 2234 892 2300 Nisoesm
929 2231 1155 2318 conhrgrsssnt.

112 2317 320 2422 Megarenses
339 2321 435 2399 enim,
452 2321 639 2401 Corinthiis,
659 2258 832 2409 ‹hisychiis
848 2333 881 2384 et
896 2317 1080 2405 Epidauriis
1100 2317 1157 2384 sd·

110 2407 208 2485 scitis,
223 2407 420 2473 deiecerunt.
467 2409 604 2474 Pericles
619 2422 696 2473 vero
714 2406 879 2472 confestim
903 2405 1011 2491 copias
1032 2427 1075 2470 ex
1089 2403 1158 2470 Eu·

111 2495 183 2558 boen
206 2493 346 2558 reduxit.
391 2494 506 2560 Postea
522 2515 598 2560 vero
613 2493 864 2574 Lacedaemonii,
877 2492 1055 2578 irruptione
1074 2489 1158 2556 laets

110 2580 140 2643 in
164 2583 285 2645 Atticae
310 2579 503 2660 Eleusinem,
528 2596 560 2647 et
585 2581 752 2646 Thriasius
777 2601 919 2663 campos,
940 2599 990 2644 eos
1012 2576 1157 2663 populati

109 2676 287 2770 vastqrunt,
310 2669 390 2732 duee
407 2667 632 2746 Plistosnecte,
646 2667 814 2733 Pausanias
835 2665 1156 2765 Lacedaemoniorum

111 2745 1156 2922 {sitinii„luth{stitttdtmhttititttss

1 2935 2 2946 ¹
109 2937 194 3004 runt,
211 2937 375 3013 totamque
389 2930 590 3017 subegerunt.
636 2928 680 2994 Et
693 2927 831 3014 reliquas
844 2925 974 3012 quidem
995 2921 1064 3010 ejus
1082 2945 1155 3009 per-

109 3023 164 3090 tes,
180 3012 345 3078 deditione
357 3015 454 3095 ,certis
473 3015 709 3080 conditionibus
729 3012 824 3090 Aeta,
839 3013 872 3077 in
888 3010 984 3076 iidem
1005 3032 1042 3075 sc
1060 3010 1155 3075 ditio-

107 3119 182 3163 nem
207 3110 413 3184 reeeperont3
437 3101 505 3181 sed,
524 3099 779 3167 Hestieeensibus
798 3097 872 3164 sede
891 3119 948 3164 sut
970 3097 1079 3182 pulsis,
1094 3096 1155 3182 ipsi

107 3199 456 3338 Qllhltlldellhlilee
480 3285 586 3338 autem
616 3273 744 3351 reversi,
766 3293 833 3336 nou
857 3271 960 3336 multo
982 3279 1055 3356 post
1079 3290 1153 3332 cum

107 3357 366 3424 Lacedaemoniis
388 3359 544 3446 sociisque
566 3359 752 3424 tricennalia
774 3357 896 3423 foedera
920 3367 1153 3446 percusserunt,

105 3445 240 3510 redditis
261 3445 379 3524 Nissen,
397 3445 532 3524 Achaia,
554 3446 660 3534 Pegis,
684 3459 716 3510 et
730 3445 899 3510 Troezene.
945 3442 1156 3510 Athenienses

105 3533 194 3596 enim
221 3529 295 3596 haee
321 3535 480 3611 tenebant,
507 3555 580 3683 qpae
603 3534 643 3597 ad
669 3532 918 3618 Peloponnesios
940 3529 1153 3616 pertinebant.

1 3675 2 3688 2
108 3618 211 3683 &sto
232 3629 339 3683 sutem
363 3639 449 3684 tuno
473 3620 513 3684 be
537 3641 592 3684 nm
619 3620 704 3683 inter
729 3619 854 3684 Samios
877 3629 909 3682 et
927 3615 1072 3682 Milesios
1093 3638 1154 3702 pro

1 3727 2 3734 ¹
108 3703 291 3770 Prieneest
304 3706 490 3770 excitatum.
535 3705 580 3772 Et
596 3705 730 3787 Milesii,
746 3727 819 3770 eum
834 3703 930 3769 armis
951 3716 1054 3769 essent
1073 3701 1153 3768 infe-

106 3792 221 3868 riores,
244 3790 286 3857 sd
308 3791 521 3858 Athenienses
545 3791 690 3878 profecti,
709 3792 743 3856 in
768 3790 894 3857 Samios
917 3788 1023 3856 invehi
1047 3811 1153 3875 coeps-

105 3891 197 3943 rnnt.
243 3876 321 3942 Illos
337 3891 444 3944 antem
460 3879 665 3965 adjuvabant,
681 3891 714 3943 et
734 3901 773 3943 ex
794 3877 864 3964 ipsa
887 3877 986 3942 Semo
1006 3875 1154 3942 nonnulli
1238 3885 1240 3891 ’

105 3963 259 4030 homines
283 3965 410 4050 privati,
434 3965 489 4053 qui
515 3987 622 4031 rerum
652 3986 807 4031 novarum
833 3962 941 4030 studio
966 3962 1154 4046 reipublicae

107 4063 226 4117 netum
241 4051 413 4117 immutare
426 4051 608 4138 cupiebant.
653 4051 863 4118 Athenienses
876 4051 973 4140 igitur
987 4071 1061 4114 cum
1075 4067 1155 4136 qus·

1 4155 2 4158 ’
108 4138 260 4227 draginta
278 4138 413 4204 naribus
434 4140 566 4205 Samum
592 4139 738 4226 profecti,
758 4151 875 4205 statum
898 4135 1086 4222 popularem
1109 4135 1156 4200 iti

109 4226 366 4307 constimerunt3
389 4237 422 4290 et
442 4226 569 4292 obsides
589 4249 610 4292 a
631 4226 746 4292 Samiis
772 4235 974 4308 aeceperunt,
997 4221 1154 4310 quinquu-

110 4313 200 4398 gints
222 4333 352 4398 pueros,
375 4312 572 4400 totidemque
590 4315 684 4392 viros,
700 4334 780 4401 quos
802 4313 835 4377 in
852 4311 978 4377 Lemno
998 4309 1155 4394 deposue-
