2996 4782
363 289 406 346 44
729 279 1033 348 THUCYDlDlS
1148 282 1151 290 '

363 471 489 516 remus:
513 471 616 538 neque
637 473 707 538 spes
729 464 850 520 nosnos
870 455 905 518 io
926 453 1074 540 peccetis,
1096 471 1169 539 quae
1190 450 1322 517 forsitan
1352 451 1399 517 illi

313 593 319 602 .
362 537 578 614 committent3
601 539 704 603 sedin
719 554 827 606 nostro
840 541 983 624 ipsorum
996 539 1153 616 csutione,
1168 537 1309 625 tutisque
1322 559 1398 602 con-

363 622 439 686 siliis
460 623 619 689 collocare
639 639 773 711 oportet.
821 625 890 690 Nec
910 623 1159 690 existimandum
1181 636 1240 703 est,
1262 623 1398 689 mrrlturu

362 709 516 774 interesse
544 711 627 776 inter
650 711 813 776 homiuem
838 723 870 775 et
894 709 1077 775 hominem:
1100 721 1133 773 st
1156 707 1258 786 illum,
1284 709 1341 795 qni
1365 711 1397 774 iu

364 797 505 860 maxims
520 797 703 862 necessitate
717 797 873 875 eruditur,
889 795 1183 882 proestsnthsimuru
1198 815 1276 859 esse.

406 889 461 948 85.
485 890 507 923 “
524 881 608 948 Haec
621 883 720 970 igitur
733 883 889 960 instituto,
905 905 978 970 quse
993 883 1129 968 mrj0res
1151 881 1243 946 nobis
1257 881 1396 946 tradide-

362 980 448 1044 runt,
463 989 599 1055 quoeque
613 969 706 1034 nobis
721 969 809 1054 ipsis,
822 991 861 1033 eo
873 982 1031 1054 perpetuo
1044 967 1263 1044 retinentibus,

363 1053 577 1119 emolumento
607 1053 706 1132 luere,
735 1075 778 1119 ne
802 1054 1004 1140 objiciemus3
1027 1075 1107 1118 neve
1136 1053 1170 1118 in
1190 1053 1308 1140 exigue
1356 1054 1395 1118 iei

362 1139 529 1223 particulo,
544 1140 585 1205 de
599 1139 706 1205 multis
720 1140 888 1224 capitibus,
903 1140 944 1204 de
964 1139 1118 1225 pecuniis,
1134 1137 1278 1216 urbibus,
1302 1151 1335 1202 et
1356 1139 1397 1204 de

384 1225 474 1302 loric,
489 1239 696 1312 properantes
709 1225 936 1292 decernemus:
959 1240 993 1290 ct
1014 1245 1071 1310 per
1085 1226 1186 1290 otium
1201 1225 1284 1289 hisce
1296 1227 1336 1288 de
1348 1247 1398 1289 re·

360 1249 416 1376 gro
438 1322 558 1376 mature
580 1315 786 1378 consulturus.
832 1309 909 1375 Hoc
929 1324 1033 1377 sutenr
1054 1311 1147 1375 nobis
1165 1309 1278 1397 magis,
1323 1331 1397 1374 utun

361 1396 442 1475 eliis,
456 1410 589 1483 propter
599 1398 772 1482 potentium
776 1401 890 1484 som
899 1397 985 1462 licet.
1029 1396 1072 1462 Et
1086 1396 1291 1480 ngatosadn
1330 1397 1396 1460 eni-

361 1505 450 1546 enses
464 1483 590 1561 mittite,
606 1486 661 1568 qui
670 1505 735 1548 crem
750 1486 816 1548 illis
832 1485 1022 1565 expostulent
1035 1482 1077 1546 de
1093 1481 1256 1557 Potidaea3
1279 1482 1398 1547 mittite

362 1569 457 1632 etium
472 1569 513 1633 de
537 1569 670 1656 injuriis,
686 1569 801 1670 quibus
818 1568 895 1634 socii
915 1590 949 1633 se
974 1569 1014 1632 ob
1033 1569 1099 1633 illis
1122 1567 1250 1632 effectos
1272 1567 1397 1648 dicunt,

363 1655 538 1738 praesertim
553 1677 627 1719 oum
642 1656 703 1740 ipsi
720 1653 821 1741 parati
835 1655 909 1735 sint,
927 1655 1001 1739 jure
1022 1653 1210 1738 disceptare.
1255 1653 1297 1716 Ei
1311 1675 1397 1731 vero,

360 1741 417 1826 qui
431 1738 598 1826 sejudicio
608 1741 712 1818 offert,
727 1740 846 1806 bellum
857 1753 893 1804 ut
903 1740 1052 1826 injurium
1061 1739 1189 1804 facienti
1199 1740 1289 1824 prius
1300 1739 1398 1804 iufer-

361 1847 396 1889 re
411 1847 477 1890 nou
492 1827 576 1892 licet.
611 1826 714 1891 Simul
728 1827 823 1892 etism
836 1826 966 1903 bellum,
978 1836 1007 1890 ct
1021 1847 1068 1890 res
1080 1827 1189 1890 adhoc
1198 1827 1396 1903 necessarias,

360 1925 480 1994 purete.
513 1912 599 1978 Haec
613 1915 701 1996 enim,
713 1913 739 1977 si
753 1913 885 1990 fecistis,
901 1911 1110 1976 consiliumet
1126 1911 1210 1976 ochis
1223 1912 1298 1994 ipsis
1311 1911 1397 1996 opti-

228 2023 237 2044 *
361 2019 462 2078 mum,
484 2011 516 2063 et
539 1996 724 2064 odvemoriis
747 2002 886 2063 maxime
906 1996 1142 2062 formidandum
1162 1997 1291 2061 inibitis.
1335 1999 1398 2062 Ar-

359 2083 525 2149 chidemus
544 2085 673 2172 quidem
687 2085 758 2149 hoec
778 2084 881 2160 dixit3
906 2083 1125 2150 Stheneloidss
1148 2103 1235 2163 vero,
1250 2081 1305 2167 qui
1320 2095 1399 2146 tunc

358 2191 443 2234 unus
465 2183 535 2236 eret
556 2191 597 2234 ex
618 2170 768 2257 Ephoris,
784 2181 963 2254 postremus
984 2170 1018 2235 in
1041 2169 1179 2235 medium
1202 2189 1398 2254 progressus,

361 2257 405 2320 its
419 2256 681 2322 Locedoenronios
695 2269 741 2321 est
755 2257 945 2342 alloquutus.

404 2351 458 2407 86.
480 2351 503 2384 “
517 2344 686 2424 Epomeus
708 2341 761 2405 lon
786 2363 837 2407 sm
861 2343 1104 2408 Atheniensium
1130 2341 1306 2406 orationem
1331 2359 1399 2404 uon

353 2427 522 2515 iutelligo3
544 2449 618 2492 nom
635 2429 668 2492 in
683 2429 747 2492 suis
761 2365 908 2492 iirudibus
918 2428 1128 2512 proedicendis
1143 2427 1235 2491 multi
1249 2427 1397 2502 luerunt,

360 2512 442 2577 nibil
456 2527 561 2578 temen
577 2515 820 2601 responderunt,
836 2514 923 2599 quod
937 2535 1002 2580 uon
1026 2515 1142 2599 injuria
1155 2525 1279 2577 nostros
1293 2512 1398 2576 socios

360 2612 393 2663 et
410 2599 665 2684 Peloponnesum
684 2599 858 2665 offecerint.
903 2602 1004 2687 Atqui
1019 2600 1045 2664 si
1059 2613 1173 2664 contro
1188 2598 1305 2663 Medos
1327 2600 1399 2681 qui·

360 2687 427 2747 dem
442 2685 518 2748 clim
533 2686 611 2750 boni
625 2685 762 2764 fuerunt,
774 2689 842 2771 jum
856 2707 933 2749 vero
946 2700 1059 2751 eontra
1072 2707 1131 2750 nos
1145 2682 1285 2768 improbi
1299 2698 1397 2758 sunt;

361 2768 480 2853 duplici
495 2793 590 2856 poene
604 2785 679 2837 sunt
699 2772 800 2859 digni,
816 2772 904 2859 quod
927 2773 1003 2836 muli
1021 2793 1061 2836 eu
1088 2772 1180 2835 bonis
1203 2770 1267 2835 sint
1280 2768 1396 2834 effecti.

363 2854 431 2919 Nos
446 2877 521 2920 vero
534 2879 651 2940 smper
663 2863 762 2923 nostri
776 2857 893 2921 similes
906 2871 939 2922 et
953 2871 1030 2922 tunc
1040 2859 1174 2958 sisimile,
1191 2869 1222 2920 et
1241 2876 1329 2920 nuuc
1344 2877 1398 2920 su·

360 2961 451 3016 mus3
468 2963 571 3028 neque
585 2944 625 3028 (si
635 2945 787 3029 sepimus)
803 2943 904 3008 socios
915 2955 1034 3008 nostroe
1043 2943 1160 3029 injuris
1174 2941 1255 3005 uilici
1266 2963 1325 3026 per
1339 2963 1398 3006 ne·
1495 3007 1496 3012 ,

359 3025 544 3114 gligeutium
559 3029 708 3107 sinemus,
720 3029 989 3115 nequeeuxiliuur
1004 3032 1081 3112 ipsis
1094 3029 1220 3093 mittere
1230 3027 1397 3091 cunctabi-

361 3134 444 3177 mur,
467 3113 533 3198 Ipsi
544 3116 629 3180 enim
642 3117 710 3179 sine
721 3114 786 3180 ulls
797 3116 999 3180 cunctatione
1009 3115 1093 3180 mols
1104 3114 1281 3198 potiuntur.
1312 3113 1397 3176 Aliis

359 3198 445 3262 enim
454 3200 806 3287 multaesuntpecunire,
816 3222 920 3278 nores,
932 3215 964 3268 et
975 3204 1063 3287 equi3
1078 3197 1336 3265 nobisreroboni
1346 3221 1397 3263 so·

360 3285 413 3362 cii,
423 3287 476 3370 qui
488 3287 736 3352 Atheniensibus
744 3309 809 3352 non
821 3287 1060 3352 sunttrsdendi:
1076 3307 1179 3372 neque
1183 3284 1315 3371 judiciis
1326 3305 1397 3350 ver·

360 3372 470 3456 bisque
480 3375 519 3436 de
532 3375 802 3438 controversiisest
813 3371 1076 3458 disceptandum
1098 3383 1213 3437 comet
1225 3371 1285 3457 ipsi
1296 3373 1398 3436 nostri

358 3458 437 3520 socii
449 3477 514 3521 non
535 3457 638 3522 verbis
660 3469 776 3523 tantm
798 3459 975 3536 laedsntur3
998 3459 1053 3524 sed
1079 3459 1230 3536 celeriter,
1257 3457 1397 3544 totisque

358 3541 478 3605 viribus
491 3543 645 3609 auxilium
661 3547 738 3628 ipsis
751 3557 798 3609 est
811 3543 987 3610 ferendum.
1033 3545 1102 3609 Nec
1111 3544 1226 3608 doceat
1236 3565 1293 3607 nos
1308 3545 1397 3628 quis·

382 3648 454 3690 uem
469 3627 582 3692 decere
596 3651 655 3694 nos
676 3631 867 3709 consultore,
883 3653 982 3718 quum
1003 3631 1120 3717 injuris
1133 3631 1226 3694 nobis
1248 3628 1396 3694 infertur.

358 3649 431 3776 imo
446 3735 522 3776 vero
536 3737 599 3792 eos,
615 3715 671 3802 qui
686 3717 836 3782 in‘urism
851 3720 927 3782 aliis
939 3716 1043 3782 fucere
1057 3728 1181 3818 putent,
1197 3715 1252 3780 diu
1267 3715 1397 3780 consul·

359 3810 427 3863 tore
440 3798 541 3864 decet.
587 3739 818 3880 Quernoirreur,
832 3802 1080 3880 Lsoedaeoronir,
1092 3826 1111 3867 e
1124 3802 1280 3888 dignitate
1296 3803 1397 3886 Spur-

357 3893 400 3948 tae
414 3883 531 3948 bellum
551 3887 739 3970 decernetis,
753 3909 812 3954 nec
827 3888 1039 3956 Athenienses
1059 3890 1194 3974 mojores
1213 3887 1283 3952 lieri
1309 3887 1396 3953 sine-

358 3970 409 4049 tis,
424 3991 483 4034 nec
498 3973 598 4037 socios
612 3974 804 4059 prodamusr
829 3976 882 4040 sed
895 3976 1040 4041 Deorum
1053 3975 1173 4040 auxilio
1186 3972 1259 4038 freti
1273 3973 1396 4040 bellum

358 4055 431 4131 illis,
446 4058 502 4143 qui
517 4056 637 4124 iaciunt
651 4061 812 4148 injurium,
828 4061 1033 4129 inseremus.”

401 4145 453 4217 87.
478 4143 563 4209 Haec
577 4144 737 4234 loquutus,
754 4149 904 4235 quonism
920 4148 988 4232 ipse
1004 4147 1153 4233 Ephorus
1175 4158 1253 4223 eret,
1274 4146 1308 4209 in
1331 4145 1396 4210 Lu·

356 4227 625 4298 ccdaemoniorum
643 4235 797 4300 concione
812 4235 981 4300 sententies
997 4234 1130 4322 rogavit.
1178 4233 1273 4300 Tunc
1287 4245 1396 4299 sutem
