2982 4786
399 278 647 356 HISTORIAE
671 279 761 346 ΗΒ.
784 279 825 344 V.
878 339 882 347 ,
1067 287 1131 346 289

104 461 192 516 nores
204 449 391 528 tribuerunt,
408 453 581 518 certamina
594 465 633 519 et
648 451 803 518 sacrificia
823 449 1055 520 anniversaria:
1078 471 1132 516 eo·
1161 474 1223 524 ιιι,

103 533 213 600 ioniam
235 538 333 604 etiam'
352 539 424 622 ipsi,
439 551 475 602 ut
495 539 562 622 ejus
577 537 746 615 conditori,
766 535 989 614 attribuerunt,
1005 537 1131 621 dejectis
1150 539 1235 600 retur.

109 623 241 707 Agnonis
269 623 420 700 aedificiis,
447 624 598 709 omnique
627 633 835 688 monumento
863 622 977 698 deleto,
1002 623 1028 686 si
1054 621 1130 712 quid
1145 605 1244 730 3¹25ssss

107 707 181 770 iort'e
200 722 371 791 supererat,
384 710 474 795 quod
501 709 637 774 coioniae
659 709 704 774 ub⁴
722 731 761 773 eo
776 707 923 774 deductae
946 709 1130 776 memoriam
1157 733 1234 780 usa

107 813 282 858 conservare
309 803 423 880 posset}
446 794 671 871 existimantes,
696 794 862 860 Brasidsm
884 794 1013 880 quidem
1039 814 1131 860 suum
1158 797 1230 846 Μ·

102 891 282 944 servatorem
309 882 473 960 exstitisse,
497 882 592 946 simui
617 881 712 946 etiam
740 881 772 942 in
798 881 1133 965 praesentiapropter
1159 861 1229 974 {5¹}

104 963 332 1031 Atheniensium
359 982 489 1048 metum,
515 966 832 1032 Lacedaemoniorum
859 964 1039 1030 societatem
1066 987 1134 1030 am·

107 1046 224 1114 bieures.
268 1053 453 1137 'Agnonem
478 1074 563 1130 vero,
579 1066 710 1138 propter
729 1050 972 1116 Atheniensium
993 1049 1134 1116 hostium

102 1131 285 1213 inimicitias,
298 1149 366 1204 ‘non
382 1147 529 1225 mque'ex
547 1161 605 1204 usu
622 1149 687 1204 suo‘
700 1137 750 1202 his
770 1135 946 1202 honoribus
960 1159 981 1200 α
995 1159 1027 1202 ae
1041 1135 1135 1202 affec-

108 1229 166 1282 tum
188 1222 234 1298 iri,
250 1246 309 1288 nee
331 1239 438 1310 gratos
460 1228 538 1288 foro.
584 1223 734 1290 Mortuos
756 1235 861 1288 tamen
887 1223 1136 1287 Atheniensibus

107 1305 317 1376 reddiderunt.
360 1311 518 1396 Obieruut
538 1323 655 1384 sutem,
672 1332 711 1374 ex
728 1308 976 1374 Atheniensibus
994 1307 1136 1396 quidem,

107 1389 144 1452 ud
165 1410 337 1473 sexcentos,
354 1419 393 1461 ex
415 1397 602 1462 adversariis
625 1417 709 1470 vero,
726 1407 863 1479 septem:
886 1395 1047 1480 quianon
1070 1393 1137 1480 acie
1177 1464 1182 1474 ,

107 1475 248 1546 instructa
265 1483 387 1566 justum
409 1483 559 1568 proelium
578 1483 784 1548 commissum
807 1479 929 1555 sueram
953 1479 1008 1544 seri
1030 1480 1137 1564 potius

101 1561 248 1646 ejusmodi
264 1589 349 1648 casu,
365 1584 516 1654 metuque
530 1569 617 1654 prius
629 1569 770 1633 'incusso
801 1565 898 1654 ¹Cum
915 1579 1020 1630 autam
1035 1565 1138 1630 Athe·

107 1647 219 1714 nienses
239 1674 370 1720 suorum
386 1655 540 1720 cadavera
562 1655 772 1732 sustuiissent,
787 1652 846 1735 ipsi
861 1652 989 1737 quidem
1004 1651 1136 1740 domum

107 1732 197 1801 classe
220 1740 301 1805 vecti
329 1739 507 1806 redierunt·
547 1740 670 1826 Atqui
696 1761 768 1804 cum
786 1735 950 1826 'Clearida
966 1749 1069 1819 eraut,
1089 1757 1139 1802 res

107 1821 373 1909 Amphipolitanas
387 1825 634 1892 constituebant.
842 1901 846 1912 .
963 1876 965 1883 .
1002 1865 1004 1870 ·
1123 1867 1127 1874 ·

149 1917 196 1976 12.
220 1912 290 1976 Sub
311 1915 420 1978 eadem
437 1913 555 1980 testatis
577 1924 730 1977 extremae
751 1923 909 1997 tempora,
927 1909 1138 1993 Rhemphias,
1169 1933 1234 1984 enta

106 1995 382 2077 etAutccharidas,
392 1997 638 2086 etEpicytiidas,
646 1997 1138 2083 Lacedaemonii,nongentorum
1148 1995 1202 2056 saa
1218 1994 1259 2042 21.

103 2082 202 2164 ¹gravis
216 2095 389 2150 armaturas
404 2085 540 2151 militum
556 2083 810 2170 supplementum
827 2083 880 2148 '‘in
895 2080 1068 2148 Thraciam
1079 2080 1140 2144 du·

108 2161 172 2230 eer'e
185 2184 357 2256 coeperant.
393 2171 436 2236 Et
450 2189 524 2237 cum
542 2169 748 2251 Heracleam,
763 2191 836 2256 quse
851 2182 899 2234 est
913 2167 945 2232 in
962 2189 1041 2254 agro
1056 2166 1140 2232 Tra·

106 2250 216 2338 chium,
229 2257 460 2344 peruenissent,
475 2256 626 2344 quicquid
641 2257 721 2341 ipsis
734 2277 800 2320 nou
816 2263 902 2322 recte
916 2277 949 2318 se
963 2253 1081 2319 habere
1095 2253 1141 2316 vi·

106 2336 243 2420 debatur,
273 2345 518 2410 constituerunt.
555 2343 629 2410 'Sed
647 2353 731 2407 'cum
762 2343 808 2410 ihi
836 2349 1048 2416 morarentur,
1078 2337 1141 2403 hoc

107 2425 249 2505 proelium
267 2431 387 2494 interea
401 2431 604 2496 commissum
614 2437 676 2506 ¹est,
691 2441 724 2493 et
737 2427 808 2492 haec
822 2443 917 2492 aestas
931 2426 1074 2490 excessit.
1089 2433 1093 2440 ’

148 2519 204 2578 13.’
219 2515 404 2600 Insequutse
421 2530 526 2582 autem
549 2515 672 2602 hyemis
686 2513 779 2581 initio
801 2514 917 2591 statim,
934 2509 1138 2595 *Ramphia'a
1178 2529 1236 2577 rost

106 2607 136 2661 et
147 2599 292 2684 quicum
308 2623 348 2666 eo
366 2612 468 2683 erant,
483 2601 523 2668 ad
541 2601 681 2667 Pierium
704 2621 802 2688 usque
817 2596 990 2664 Thessaliae
1013 2605 1140 2660 montem
1149 2595 1205 2658 &ir-
1221 2595 1262 2644 21.

100 2689 260 2771 ‘progressi
274 2701 358 2752 suut.
376 2689 434 2754 'sed
453 2709 526 2753 oum
542 2685 691 2752 Thessali
702 2709 752 2752 eos
765 2687 902 2752 transire
922 2681 1141 2771 prohiberent,
1173 2675 1240 2708 '¹¹⁰¹'

105 2766 195 2835 simul
218 2774 314 2840 etiam
339 2797 411 2840 cunr
436 2774 584 2841 Brasidas
605 2773 746 2850 obiisset,
769 2773 807 2838 ad
832 2793 924 2860 quem
951 2769 1009 2834 has
1034 2770 1141 2854 copias

106 2853 273 2942 ducebant,
286 2860 418 2926 domum
434 2872 642 2937 reverterunt,
657 2859 872 2925 existimantes
894 2855 1142 2942 haudquaquam

106 2945 238 3027 amplius
252 2947 342 3032 hspes
359 2950 561 3032 mppieareuti
584 2949 706 3046 iargire
727 2947 859 3010 ducendi
878 2956 1003 3028 tempus
1025 2962 1144 3027 oppor-

106 3037 215 3096 tunum
238 3055 317 3110 esse,
332 3047 402 3100 turn
424 3035 512 3135 quod
529 3033 740 3100 Athenienses
762 3030 877 3116 proelio
890 3031 965 3094 victi
986 3028 1144 3126 discessis·

104 3127 181 3195 seut,
197 3131 268 3184 tum
278 3121 371 3207 quod
386 3121 446 3207 ipsi
461 3119 567 3186 idonei
588 3127 656 3184 no'n
670 3129 774 3184 essent
789 3116 829 3181 ad
844 3114 1071 3204 peragendum
1086 3111 1145 3178 ah·

105 3204 315 3286 quinceium,
331 3229 404 3294 quae
428 3207 578 3274 Brasidas
603 3206 711 3270 animo
732 3213 932 3288 conceperat.
978 3198 1146 3350 PraeciRue

106 3307 178 3354 vero
188 3290 417 3370 discesserunt,
432 3293 520 3380 quod
540 3292 668 3369 scirent,
684 3313 781 3377 quum
797 3289 897 3354 domo
914 3287 1064 3362 exissent,
1112 3307 1145 3349 a·

105 3373 321 3446 cedaemonios
331 3378 372 3445 ad
389 3389 505 3464 pacem
514 3379 615 3467 magis
630 3379 752 3444 animos
766 3373 913 3440 habuisse
928 3392 1127 3457 propensos.-

149 3471 199 3530 lt.
224 3465 354 3534 Accidit
374 3467 483 3547 etiam,
497 3479 544 3545 ut,
558 3466 663 3530 statim
685 3474 760 3549 post
780 3460 930 3546 proelium
952 3457 992 3524 ad
1008 3453 1147 3557 Amphi·

103 3547 192 3631 polin
203 3553 411 3619 commissum
425 3566 458 3618 et
474 3549 668 3635 Rhamphiae
681 3571 723 3615 ex
737 3545 901 3614 Thessalia
922 3560 1146 3628 reversionem,

106 3638 211 3700 neutri
227 3639 326 3704 uliam
343 3637 418 3703 beili
432 3652 554 3725 pestem
570 3635 706 3724 amplius
720 3635 928 3722 attingerent3
942 3630 1007 3698 ¹sed
1024 3629 1148 3696 animos

103 3719 146 3786 ad
169 3745 285 3809 paoem
309 3725 415 3810 potius
440 3747 614 3812 propensos
637 3723 802 3789 haberent.
846 3718 1055 3785 Athenienses
1077 3716 1148 3803 qui-

137 3889 145 3926 ¹
162 3897 231 3946 Nam
244 3901 299 3946 ilios
311 3901 413 3948 honores
426 3866 514 3948 hahere
525 3901 666 3962 Agamem,
678 3912 756 3959 neque
768 3897 804 3944 ita
813 3911 846 3943 ex
860 3897 966 3944 utilitate
977 3896 1096 3954 ipsorum.
1108 3903 1150 3935 ne·

14 3981 15 3984 ¹
106 3961 211 4072 ‘graiis
221 3961 368 4074 1jiucuntium
386 3965 444 4024 ipsis
460 3973 559 4026 propter
578 3964 737 4011 hostilitatem
752 3961 939 4008 Atheniensium
959 3959 1070 4004 futurum
1090 3965 1150 3998 esse.

131 4041 185 4072 n.
249 4039 310 4076 uns.

139 4087 443 4156 nummumque
456 4099 508 4140 erut
523 4095 549 4138 in
559 4093 672 4145 Thr-acin.
684 4096 879 4152 transportarent
890 4095 937 4134 etc.
961 4085 1033 4132 Vatia.
1065 4083 1097 4127 in
1113 4092 1152 4127 re·

14 4187 15 4192 ¹
107 4169 206 4267 Ἦ
220 4157 394 4268 αἳΤὴηοίαπι
411 4160 564 4205 adduxerunt
581 4166 627 4204 etc.
644 4156 754 4204 Aradus.
787 4154 909 4201 Articulis
922 4151 950 4197 dr
964 4149 1032 4195 certis
1047 4147 1153 4226 iprisugi

14 4245 16 4262 t
107 4233 117 4262 ⁸
197 4253 206 4266 .
244 4233 324 4270 tissa

141 4281 150 4318 Ι
172 4286 225 4342 Vei,
238 4289 348 4346 quicum
363 4289 500 4348 ithamphia
511 4294 581 4334 cratrt
592 4293 638 4334 etc.
672 4287 750 4334 insu.

644 4370 665 4411 u
