2964 4786
320 309 385 372 ³74
689 301 994 371 THUCYDIDIS

230 491 298 546 nen.
326 471 420 539 liena.
464 471 643 540 Videbatur
665 474 764 559 igitur
785 475 841 542 illo
862 477 1048 557 solicitante,
1064 495 1129 540 non
1149 487 1255 542 autem
1271 475 1368 541 Boeo-

224 557 306 620 Petop
328 571 434 624 torum
456 581 560 634 causa,
577 583 615 624 ex
630 562 806 646 composito
821 563 960 638 venisse;
983 576 1024 638 et,
1042 563 1184 646 nisi-ipsi
1205 583 1264 646 per
1283 561 1366 625 iodi-

213 623 313 798 ξῇζῖζ
328 646 414 746 cium
429 645 798 796 lqorqivqtqssilqudmatpre
812 647 1135 799 colnqpqeherttdissent,
1150 645 1365 796 ἲιιιιιιιιιιιάξιιῃῖ

227 751 267 928 ἐς
276 751 305 866 ὲ
328 753 455 882 mein
470 753 556 901 dpud
570 753 868 902 Theseieieemuqilum,
885 757 1078 885 nuddeehihln
1087 755 1183 897 Ἓξ
1196 754 1365 884 dithmdrmis

235 895 298 994 ἦ·
327 915 564 990 pernoctarunt.
610 903 796 980 Quinetiam
822 904 891 970 Alci
917 905 995 970 iadis
1025 907 1173 991 hospites,
1196 907 1252 990 qui
1274 903 1366 990 Argis

327 1001 429 1066 erant,
445 989 601 1073 peridem
624 1001 748 1074 tempus
770 991 803 1054 in
827 991 1036 1094 suspicionem
1060 1006 1223 1066 venerunt,
1239 989 1318 1068 fore,
1332 1001 1366 1052 ut

328 1073 482 1223 populum
505 1075 767 1164 aggrederentur.
811 1079 1006 1163 Argivorum
1029 1089 1136 1142 autem
1156 1075 1295 1151 obsides,
1314 1073 1366 1158 qui

329 1181 368 1224 oo
382 1161 475 1226 locati
497 1161 624 1226 fuerant
644 1162 677 1225 in
700 1161 819 1242 insulis,
839 1161 1047 1227 Athenienses
1069 1177 1145 1228 tunc
1167 1163 1290 1246 Argivo
1312 1181 1369 1242 po-

327 1246 408 1332 pulo
430 1247 480 1311 his
502 1246 544 1312 de
572 1246 674 1312 causis
703 1245 937 1313 interficiendos
965 1248 1176 1314 tradiderunt.
1220 1247 1368 1330 Denique

327 1333 522 1417 suspiciones
548 1331 747 1396 Alcibiadem
780 1334 920 1419 undique
943 1335 1198 1398 circumstabant.
1245 1331 1367 1407 Quam·

327 1418 440 1482 ohrem
470 1419 679 1497 Athenienses,
708 1418 795 1504 quod
825 1441 898 1484 eum
933 1418 1107 1486 adductum
1136 1418 1176 1483 ad
1212 1416 1365 1481 'udicium

328 1518 433 1568 morte
458 1501 611 1568 mulctare
634 1502 761 1581 vellent,
785 1505 830 1570 ita
854 1505 983 1569 demum
1005 1505 1138 1570 mittunt
1216 1503 1366 1566 aminiam

328 1609 442 1654 navem
471 1588 504 1652 in
536 1588 687 1664 Siciliam,
711 1593 783 1654 cuth
810 1590 851 1655 ad
878 1590 968 1654 illurn
993 1592 1204 1666 revocandam,
1230 1601 1301 1652 tum
1326 1585 1366 1652 ad

328 1672 418 1752 alios,
433 1673 605 1760 dequibus
620 1674 739 1739 indicia
753 1674 857 1740 delata
870 1676 1005 1742 fuerant.
1051 1675 1244 1742 Mandatum
1263 1687 1366 1738 autem

327 1758 440 1838 fuerat,
457 1772 493 1824 ut
507 1759 567 1844 ipsi
583 1759 745 1825 Alcibiadi
766 1763 986 1846 praeciperent,
1002 1773 1039 1827 ut
1058 1785 1092 1827 se
1112 1773 1308 1848 purgaturus
1323 1781 1368 1823 se·

328 1856 490 1931 queretur,
514 1866 579 1910 non
602 1859 709 1910 tamen
732 1846 835 1930 ipsum
857 1847 1182 1934 comprehenderent:
1211 1858 1366 1922 caventes,

327 1951 369 1996 ne
383 1931 432 1996 sui
447 1931 573 2012 milites,
610 1932 643 1994 ui
665 1946 756 1996 erant
779 1933 811 1996 in
829 1932 946 2008 Sicilia,
962 1934 1134 1998 tumultum
1157 1933 1299 2018 aliquem
1313 1951 1368 1995 ex-

327 2016 472 2095 citarent,
499 1953 724 2095 revehosres,
752 2019 807 2082 hoc
835 2021 1059 2096 animadverso,
1083 2029 1187 2084 costra
1213 2020 1369 2104 aggrede-

325 2113 444 2182 rentur,
461 2103 623 2187 prsecipue
644 2124 718 2168 vero
740 2104 902 2188 cupientes
919 2104 1103 2170 Mantineos
1123 2116 1156 2170 et
1177 2105 1317 2190 Argivos
1337 2105 1368 2166 in

325 2189 382 2254 illo
403 2190 596 2273 expeditione
616 2211 811 2273 permanere,
835 2191 922 2276 quod
944 2191 1171 2267 existimarent,
1191 2189 1265 2253 illos
1286 2189 1369 2253 illiue

327 2295 426 2357 opera
454 2273 602 2338 inductos
630 2274 671 2339 ad
695 2276 777 2340 hanc
799 2276 921 2341 militiae
942 2277 1134 2343 societatem.
1180 2275 1251 2340 Hic
1272 2274 1370 2363 igitur

327 2359 448 2424 habens
462 2381 550 2425 suam
566 2382 689 2438 navem,
703 2363 841 2448 itemque
851 2362 885 2438 ii,
898 2362 951 2450 qui
964 2384 1029 2428 una
1044 2363 1215 2428 insimulati
1231 2359 1369 2442 fuerant,

327 2467 370 2511 ex
402 2446 510 2512 Sicilia
535 2467 608 2511 curn
635 2449 707 2513 navi
733 2447 915 2523 Salaminia,
940 2461 1090 2535 tanquam
1115 2447 1261 2515 Athenas
1282 2449 1369 2525 ituri,

326 2531 546 2598 discesserunt.
591 2532 634 2597 Et
653 2554 725 2597 cum
748 2533 782 2597 in
806 2533 937 2599 Thuriis
960 2533 1096 2611 fuerunt,
1120 2535 1190 2598 illos
1212 2554 1278 2598 non
1301 2537 1371 2598 am?

327 2616 411 2706 plius
447 2631 521 2683 sunt
552 2619 696 2704 aequum
735 2617 788 2683 aed
823 2642 864 2684 ex
896 2621 969 2685 navi
1001 2619 1119 2721 egressi
1151 2633 1369 2684 evanuerunt:

326 2717 400 2789 post
412 2703 665 2769 criminationem
682 2704 721 2768 ad
746 2705 898 2770 ‘odicium
920 2706 1078 2792 proticisci
1095 2727 1160 2770 non
1176 2703 1256 2770 ausi.
1302 2703 1368 2781 Qui

327 2810 404 2854 vero
418 2788 492 2853 nari
509 2789 683 2854 Salaminia
698 2727 903 2869 radebantur,
920 2791 1116 2879 aliquamdiu
1132 2791 1262 2878 quidem
1279 2791 1369 2856 Alci-

327 2874 464 2952 hiadem,
487 2876 618 2961 ejusque
639 2877 740 2941 socios
769 2877 999 2964 quaesireruntr
1031 2877 1087 2942 sed
1113 2899 1187 2942 eum
1212 2899 1368 2964 nusquam

327 2975 527 3045 apparerent,
559 2961 768 3049 navigationis
800 2985 926 3028 cursum
956 2963 1115 3028 conficere
1146 2975 1368 3047 perrexerunt.

326 3045 509 3111 Alcibiades
525 3067 611 3124 vero,
627 3067 699 3112 cum
717 3049 784 3133 jam
806 3049 895 3114 exsul
918 3063 1007 3126 esset,
1023 3071 1087 3113 non
1111 3049 1213 3113 multo
1236 3063 1312 3134 post
1329 3070 1369 3113 ex

326 3153 405 3216 egro
419 3131 545 3196 Thurin
567 3131 600 3195 in
626 3132 881 3217 Peloponnesum
904 3135 1031 3222 navigio
1054 3145 1160 3198 vectus
1182 3136 1370 3199 transmisit.

272 3295 278 3304 ¹
325 3215 539 3283 Athenienses
552 3239 627 3283 vero
643 3218 744 3298 illurn,
761 3233 792 3284 et
809 3243 873 3299 eos,
889 3223 943 3307 qui
959 3241 1033 3286 curn
1051 3221 1108 3284 illo
1122 3233 1224 3297 erant,
1241 3219 1371 3286 deserto
1396 3216 1403 3230 '

319 3301 454 3388 judicio,
470 3304 573 3388 capite
587 3302 849 3372 condemnarunt.

368 3395 421 3454 62.
447 3389 558 3456 Postea
579 3411 655 3454 vero
676 3393 784 3455 caeteri
807 3391 1051 3459 Atheniensium
1072 3394 1179 3470 duces,
1198 3395 1257 3480 qui
1279 3405 1372 3458 erant

325 3474 357 3537 in
384 3474 504 3555 Sicilia,
526 3497 600 3539 cum
625 3478 798 3542 exercitum
826 3479 858 3542 in
884 3479 964 3543 duas
990 3493 1095 3565 partes
1120 3479 1316 3555 divisissent,
1339 3491 1373 3542 et

324 3571 458 3646 uterque
486 3581 575 3624 suam
605 3577 727 3647 partem
757 3567 868 3628 sortito
900 3567 1080 3650 accepisset,
1111 3587 1184 3630 curn
1216 3565 1372 3630 omnibus

323 3645 425 3746 copiis
441 3645 637 3712 Selinuntem
658 3671 695 3713 ac
711 3648 862 3737 Egestam
887 3673 994 3716 versus
1016 3651 1224 3740 navigarunt:
1248 3652 1370 3738 partim

324 3730 465 3818 quadem,
481 3731 567 3815 quod
589 3733 669 3797 scire
683 3733 808 3814 vellent,
825 3757 866 3802 an
883 3735 1021 3823 Egestaei
1043 3739 1195 3824 pecunias
1217 3739 1372 3802 exercitui

317 3817 488 3898 promissas
508 3816 616 3882 daturi
638 3834 754 3897 essent;
787 3825 902 3907 partim
926 3845 1002 3888 vero
1024 3827 1133 3905 etiam,
1156 3837 1193 3890 ut
1216 3823 1372 3890 Selinun·
1476 3895 1477 3898 Ἴ

323 3902 440 3965 tiorum
456 3923 506 3966 res
521 3902 736 3988 explorarent,
751 3919 782 3972 et
796 3911 1026 3975 controversias
1040 3923 1281 4000 cognoscerent,
1296 3931 1371 3996 quae

321 3987 506 4052 Selinuntiis
535 4009 608 4053 curn
638 3993 791 4078 Egestaeis
816 3994 1066 4065 intercedebant.
1112 3996 1231 4062 Sicilire
1257 4007 1368 4060 autem
1476 4007 1477 4024 ¹

321 4091 412 4136 oram
442 4095 461 4138 a
486 4075 612 4140 sinistra
640 4077 790 4166 legentes,
817 4081 859 4144 ab
888 4103 927 4146 ea
953 4097 1054 4167 parte,
1082 4105 1155 4168 quoe
1184 4081 1225 4146 ad
1258 4081 1368 4144 sinum
1476 4089 1477 4158 ἶ

321 4154 525 4243 Tyrrhenum
558 4163 668 4249 vergit,
697 4163 868 4230 Himeram
898 4168 1101 4252 appulerunt,
1125 4190 1198 4254 quae
1227 4165 1311 4242 sola,
1334 4167 1368 4228 in
1476 4159 1477 4226 ζ

320 4239 382 4308 hee
407 4245 524 4313 Siciliae
549 4260 649 4332 parte,
671 4263 719 4314 cst
745 4250 863 4318 Graeca
889 4253 1006 4319 civitas.
1052 4255 1136 4319 Cum
1162 4265 1269 4318 autem
1298 4251 1368 4316 Hi·
1475 4279 1477 4338 ι
