2982 4786
420 276 662 344 n1sroa1AE
687 279 775 346 ara.
800 281 856 346 tv.
1079 299 1160 362 ‚en

120 473 216 538 quum
233 461 358 536 tempus
379 449 486 526 fuerit,
503 462 626 514 servata
649 451 777 518 militari
798 453 964 538 disciplina
975 455 1158 528 ordinibus·
1192 482 1252 530 neu.

118 560 178 622 que
193 537 334 614 servatis,
350 551 436 601 retro
460 558 514 600 vos
535 536 759 619 subduxeritis,
775 551 807 602 et
828 539 861 602 in
883 539 954 604 loca
976 555 1044 606 tuta
1066 546 1158 612 citius
1179 546 1262 657 serap.

117 625 314 706 pervenietis,
329 636 360 688 et
382 622 576 710 cognoscetis
591 613 623 684 in
648 639 811 706 posterum
833 624 1014 712 hujusmodi
1037 631 1155 711 turbas,
1170 623 1219 718 ἐξ·
1247 643 1255 656 ’

115 707 175 774 illis
192 703 339 798 quidem,
363 707 419 794 qui
445 707 582 792 primum
604 709 739 790 ipsarum
763 711 915 792 impetum
937 714 1153 797 sustinuerint,
1177 687 1268 798 ssime

116 795 232 864 ”inani
261 795 420 859 minarum
451 793 584 877 strepitu
620 787 839 858 fortitudinem
869 791 942 860 an'te
971 799 1151 868 conflictum
1179 801 1208 849 U·
1226 805 1254 849 ⁰·

115 881 235 946 eminus
250 895 425 946 ostentare:
448 879 509 944 illis
524 899 608 955 vero,
626 879 681 964 qui
696 879 771 966 ipsis
788 881 946 960 cesserint,
963 887 1061 949 animi
1075 901 1153 954 stre·
1178 863 1252 988 {3³}

114 965 266 1033 nuitatem
281 981 371 1032 extra
387 964 561 1052 periculum
586 964 711 1048 positas,
729 967 908 1050 praecipites
924 967 1150 1053 demonstrare,
1175 1005 1179 1012 ·
1237 961 1243 974 ⁹

113 1055 278 1165 cerleptr'um
302 1047 397 1139 tergis
418 1053 580 1126 instantes,
605 1053 796 1134 ursorumque
819 1055 948 1137 vestigio
967 1051 1151 1144 persequen-

114 1139 176 1204 tea?
283 1176 287 1212 ς

157 1231 230 1292 127.
256 1221 406 1288 Brasidas
435 1245 503 1286 suos
531 1220 580 1285 his
608 1219 712 1285 verbis
747 1219 943 1305 adhortatus,
974 1231 1148 1298 exercitum

111 1307 301 1393 pedetentim
326 1308 506 1372 reducebat.
553 1307 687 1372 Barbari
702 1319 827 1384 autem,
842 1309 903 1374 hoc
918 1313 1147 1396 animadverso,

113 1417 228 1484 magna
250 1391 472 1460 vociferatione
495 1415 531 1456 ac
554 1391 692 1456 tumultu
713 1393 914 1482 ingruebant,
933 1399 1149 1468 existimantes

112 1503 184 1546 eum
205 1479 327 1567 fugere,
343 1492 375 1544 et
397 1503 415 1544 a
437 1501 480 1556 se,
504 1477 559 1542 ubi
582 1479 687 1562 ipsum
710 1484 870 1567 assequuti
894 1478 1034 1562 fuissent,
1050 1488 1148 1554 inter-

111 1565 226 1633 fectum
243 1569 284 1633 iri
295 1577 463 1650 sperantes.
509 1563 574 1629 Sed
596 1587 667 1628 cum
692 1579 722 1630 et
744 1589 942 1646 excursores,
958 1593 1148 1662 quacunque

110 1653 239 1726 barbari
264 1652 502 1738 impressionem
525 1649 672 1728 lacerent,
697 1649 774 1736 ipsis
799 1670 1011 1736 occurrerent,
1037 1683 1074 1726 ae
1098 1685 1147 1728 re.

108 1741 261 1820 sisterent,
276 1753 307 1803 et
328 1740 395 1822 ipse
410 1759 481 1802 cum
499 1737 621 1800 delecta
636 1747 834 1800 trecentorum
851 1761 947 1804 manu
963 1743 1043 1824 ipsos
1059 1747 1146 1812 inre.

109 1824 218 1890 dentes
238 1825 469 1900 sustineretur>
492 1836 609 1904 praeter
631 1825 763 1904 ipsorum
786 1823 980 1906 opinionem,
996 1829 1146 1898 adversus

109 1912 247 1994 primum
272 1913 425 1994 impetum
452 1908 645 1982 restitissent,
673 1919 703 1972 et
729 1929 801 1970 cum
827 1909 975 1996 deinceps
1001 1914 1143 1998 ipsorum

107 1997 234 2082 quidem
250 1995 437 2075 irruentium
453 1994 606 2076 impetum
628 2005 799 2074 exceptum
821 1999 1054 2079 propulsarent,
1071 2004 1145 2084 ipsis

105 2104 181 2147 vero
197 2080 390 2150 cessantibus
406 2103 459 2146 nec
472 2083 566 2144 ullam
587 2081 811 2162 impressionem
821 2081 1016 2166 ferientibus
1031 2087 1145 2170 pedem

105 2167 270 2244 referrent,
294 2182 370 2232 tunc
391 2187 467 2229 vero
489 2165 631 2250 plerique
657 2163 862 2236 barbarorum
887 2190 906 2229 a
929 2167 1063 2248 Graecis,
1088 2177 1143 2258 qui

104 2261 175 2318 cum
196 2255 328 2338 Brasida
343 2253 375 2315 in
391 2252 469 2317 locis
485 2249 664 2335 patentibus
679 2265 779 2333 erant,
788 2253 916 2317 ulterius
927 2263 1144 2340 persequendis

104 2340 342 2405 abstinuerunt:
374 2337 429 2401 sed
458 2358 531 2400 cnm
563 2333 722 2420 quandam
748 2358 870 2400 suoram
901 2336 1054 2420 copiarum
1080 2368 1142 2410 uon

102 2447 245 2511 magnam
260 2437 383 2511 partem
407 2420 616 2508 reliquissent,
632 2431 720 2507 nquae
741 2421 825 2505 ipsos
841 2423 983 2490 ubertates
999 2431 1141 2516 inseque-

101 2527 192 2576 retur
208 2535 244 2576 ac
259 2509 496 2600 aggrederetur,
512 2508 620 2570 crateri
641 2528 736 2570 cursu
758 2510 989 2575 contenderunt
1010 2514 1042 2577 in
1058 2516 1142 2602 fogi-

101 2604 190 2661 en'tes
207 2597 412 2673 Macedones,
428 2615 562 2680 quorum
579 2604 614 2656 ut
632 2591 666 2654 in'
689 2614 855 2677 quemque
868 2595 1060 2678 incidebant,
1077 2624 1141 2665 eum
1209 2627 1211 2636 ’

100 2683 315 2749 trucidabant.
362 2682 405 2747 Et
425 2692 573 2766 angustas
596 2677 702 2741 fauces
723 2679 806 2742 inter
835 2679 913 2744 duos
936 2683 1029 2748 colles
1052 2686 1140 2763 sitas,

99 2791 164 2854 qua
179 2783 269 2856 patet
290 2769 393 2834 aditus
414 2767 448 2830 in
464 2763 627 2830 Arrhibaei
639 2764 736 2848 fines,
753 2763 840 2826 ocius
863 2787 1139 2854 praeoeeuparunt,

86 2856 177 2942 'quia
189 2857 341 2932 sciebant,
354 2851 474 2918 nullam
490 2851 584 2916 aliam
600 2871 665 2912 esse
676 2850 769 2923 viam,
783 2873 847 2935 qua
860 2849 1009 2920 Brasidas
1024 2860 1141 2921 domum

95 2963 162 3006 cum
177 2944 243 3006 suis
257 2945 354 3026 copiis
364 2962 408 3020 ¹se
429 2938 568 3019 recipere
589 2948 704 3018 posset.
750 2936 924 3030 ipsumque
940 2941 1006 3025 jam
1023 2965 1140 3026 appro-

95 3029 308 3114 pinquantem
335 3028 367 3090 in
394 3023 469 3108 ipsis
495 3022 644 3086 transitus
675 3021 836 3102 angustiis,
862 3037 896 3086 ut
922 3025 1137 3111 intercepturi,

86 3114 346 3178 circumsistunt.
673 3113 676 3120 ⁴

142 3207 224 3266 128:
245 3198 304 3264 Ille
326 3220 410 3278 vero,
426 3195 485 3262 bac
507 3219 541 3260 re
563 3195 700 3284 cognita,
724 3192 872 3256 trecentis
895 3192 967 3270 illis,
991 3219 1069 3280 quos
1091 3223 1137 3264 se·

41 3350 44 3360 ,
91 3305 171 3349 cum
195 3283 341 3361 ducebat,
358 3283 519 3369 praecepit,
537 3281 706 3344 utineam
730 3275 853 3353 collem,
870 3300 964 3362 quem
981 3279 1101 3347 facilius
1117 3309 1137 3350 a

91 3393 127 3434 se
142 3385 279 3456 captum
295 3371 336 3434 iri
349 3369 491 3454 putabat,
508 3389 601 3430 cursu
617 3363 854 3438 contendentes,
867 3375 985 3448 quanta
1000 3369 1138 3434 maxima

90 3459 233 3544 quisque
263 3455 421 3522 celeritate
443 3465 557 3539 posset,
580 3450 671 3513 nullo
693 3447 805 3511 ordine
828 3463 960 3524 servato,
985 3451 1137 3520 barbaros
1164 3485 1168 3496 ¹

83 3545 157 3630 jam
174 3551 291 3607 contra
306 3565 340 3611 se
354 3541 515 3606 venientes
530 3536 617 3600 illinc
632 3534 801 3598 deturbare
816 3547 1017 3614 conarentur,
1033 3539 1137 3622 prius·

89 3652 195 3718 quarn
220 3630 320 3714 major
341 3648 491 3691 numerus
514 3623 723 3696 harbarorum,
740 3622 793 3704 qui
816 3641 888 3682 suos
911 3622 1138 3693 circumvenire

88 3723 287 3796 statuerant,
311 3737 348 3778 eo
369 3711 552 3777 conflueret.
596 3709 701 3790 Atque
722 3704 768 3768 illi
791 3705 916 3791 quidem
940 3729 1003 3790 eos,
1027 3711 1138 3796 quiin

87 3801 177 3866 colle
194 3813 297 3877 erant,
309 3797 513 3884 impressione
528 3797 563 3858 in
577 3815 627 3858 eos
641 3791 723 3856 lacta
737 3803 938 3872 superarunt,
954 3808 1049 3880 atque
1064 3797 1137 3862 reli-

87 3911 177 3974 quus
196 3887 387 3952 Graecorum
402 3883 558 3948 exercitus
572 3880 605 3943 in
626 3900 698 3943 eum
721 3879 824 3942 collem
840 3879 908 3963 jam
924 3879 1044 3945 facilius
1060 3882 1137 3948 ibat.

87 3975 180 4042 Nam
199 3971 328 4037 barbari
351 3969 453 4036 territi
475 3979 559 4044 sunt,
575 3964 639 4029 suis
660 3963 724 4027 illic
746 3965 779 4026 in
802 3961 909 4050 fugam
926 3967 1034 4044 versis,
1051 3979 1082 4032 et
1096 3990 1137 4032 ex

119 4187 141 4216 ¹¹¹
155 4173 787 4228 Ostentareroburmimbundassceunctabnndas.
812 4170 889 4215 Valla.
923 4171 1020 4220 Hans..
1061 4215 1064 4222 ,

118 4251 135 4280 ¹⁸
145 4247 219 4301 Qum
229 4245 284 4290 illas
294 4245 423 4303 insequens
434 4251 522 4287 manus
534 4241 680 4291 consereret,
691 4237 780 4282 ceteri.
804 4233 884 4293 St'rpk.
918 4231 998 4280 lauat.

607 4307 662 4361 'rs
