2990 4792
415 285 666 364 HISTORIAE
689 295 779 368 Lm.
802 289 849 362 ΙΙ.
1113 305 1156 364 99

104 469 366 536 mbonastandos
375 470 454 536 mibi
464 473 531 558 jam
547 470 711 556 proposui.
751 489 911 558 uunquam
926 468 1156 556 maximopere
1188 495 1249 544 nur,

104 556 204 641 ipsius
217 559 414 623 laudationis
428 581 449 622 a
460 581 506 622 me
527 558 595 643 jam
609 569 657 622 est
670 491 840 643 explicata.
886 553 972 623 Nam
990 557 1022 621 in
1039 557 1155 645 quibus
1179 561 1262 624 raop

104 642 217 708 urbem
232 643 374 722 laudavi,
392 646 429 710 iis
444 643 560 710 borum
575 644 791 734 similiumque
809 643 942 711 virtutes
957 643 1043 710 illam
1059 665 1154 714 orntt-
1169 641 1220 739 δι”·
1235 627 1257 674 ¹·

107 747 202 794 rante
241 731 356 818 Neque
370 729 456 816 apud
473 729 591 796 multos
606 731 797 797 Graecorum
814 726 965 812 faccilant
980 729 1068 816 apud
1083 730 1154 816 hos,
1180 705 1269 805 nisisi

1 857 2 860 =
104 816 194 881 dicta
216 816 306 883 fuctis
328 833 497 908 exaequata
518 831 703 904 appareant.
751 817 834 883 Nam
857 837 998 904 praesens
1019 819 1155 885 istorum
1183 821 1252 871 Μ·

105 925 195 968 mors
216 904 365 969 virtutem
389 903 621 990 uniuscujusque
637 905 697 968 riri
715 903 884 982 declarare,
900 922 932 972 et
949 907 1054 990 prima
1071 906 1154 972 indi·
1182 887 1255 1002 gg·

104 991 846 1076 earaetpostremacenlirmaremihividetur.
886 991 1016 1058 Etenim
1025 1015 1154 1079 aequum
1239 983 1247 999 ⁸

105 1089 153 1142 eat
179 1076 318 1156 illorum,
334 1077 389 1165 qui
409 1078 532 1143 caeteris
549 1078 581 1141 in
601 1077 698 1142 rebus
714 1075 845 1145 fuerunt
864 1079 1046 1158 deteriores,
1062 1099 1154 1165 quarn

104 1165 179 1240 alii,
205 1164 350 1228 bellicam
377 1187 438 1250 pro
461 1165 566 1248 patria
592 1163 820 1242 fortitudinem,
847 1189 907 1251 qua
931 1169 1054 1250 pollent
1080 1169 1154 1252 apsi,

105 1251 215 1336 primo
243 1249 316 1316 loco
343 1253 432 1336 poni.
478 1254 563 1316 Nam
591 1251 757 1317 benefacto
782 1251 942 1318 malefacti
966 1254 1154 1318 memoriam

104 1336 260 1417 delentes,
273 1336 399 1422 publice
413 1338 485 1422 plus
500 1337 645 1403 utilitatis
661 1340 816 1406 universa
832 1339 952 1406 civitati
968 1339 1153 1419 attulerunt,

104 1445 204 1510 quarn
231 1425 381 1508 privatim
407 1425 471 1489 suis
500 1423 584 1490 vitiis
613 1447 683 1490 eam
714 1427 874 1491 laeserunt.
921 1423 1052 1492 Horum
1079 1449 1155 1492 vero

104 1509 214 1576 nullus
236 1509 420 1576 divitiarum
438 1512 588 1588 fructum,
610 1531 704 1614 quem
727 1535 760 1576 se
777 1513 809 1575 in
833 1525 995 1600 posterum
1015 1535 1056 1581 err
1078 1515 1155 1599 ipsis

105 1612 334 1681 percepturum
350 1612 502 1683 speraret,
514 1601 623 1663 virtuts
639 1614 844 1682 anteponens,
857 1598 962 1664 mollis
976 1604 1156 1685 erignanus

103 1681 186 1760 fuit3
210 1705 313 1770 neque
327 1707 385 1769 spe
397 1684 593 1772 paupertatis
607 1688 755 1762 uitanda,
771 1687 860 1772 qnasi
876 1685 937 1752 huc
952 1687 1052 1752 vitata
1066 1685 1155 1752 dives

102 1769 153 1834 rel
166 1771 302 1854 posthoc
313 1785 395 1836 essct
409 1771 546 1849 futurus,
558 1771 700 1856 pericula
711 1771 911 1838 detrectavit:
928 1795 1000 1843 cum
1012 1771 1153 1839 bostium

102 1856 260 1922 ultionem
273 1857 369 1945 longe
383 1860 484 1940 magis
496 1879 592 1945 quam
604 1858 733 1924 illorum
747 1859 929 1924 fruitionem
943 1859 1154 1944 expetendam

102 1943 271 2022 ducentes,
288 1958 354 2008 tum
372 1944 433 2009 hoc
448 1946 592 2015 omniurn
609 1945 835 2032 pulcerrimum
852 1947 1029 2032 perieulum
1046 1948 1154 2012 existi·

103 2043 250 2108 mantem
286 2030 349 2096 boc
373 2032 551 2112 subeundo,
579 2031 650 2095 illos
675 2031 805 2118 quidem
831 2033 951 2112 ulcisci,
978 2033 1048 2097 lraee
1078 2055 1155 2100 vero

103 2119 232 2205 assequi
258 2118 438 2184 voluerunt
464 2120 620 2182 incertum
642 2118 771 2206 quidem
790 2121 836 2182 rei
854 2117 988 2184 feliciter
1004 2121 1154 2209 gerendae

102 2218 256 2268 eventum
271 2206 339 2290 spei
351 2207 603 2281 committentem
628 2206 658 2269 id
674 2227 760 2283 vero,
774 2205 859 2292 quod
870 2207 939 2294 jam
951 2207 1154 2288 cernebatur,

101 2291 135 2354 in
147 2313 212 2355 sna
221 2292 363 2376 ipsorum
377 2295 502 2368 virtute,
515 2293 644 2378 ejusque
655 2291 773 2356 fiducia
784 2293 967 2392 ponendum
979 2305 1154 2366 censentes.

101 2389 202 2528 Ἕω
212 2379 245 2441 in
261 2401 300 2443 eo
314 2381 385 2464 ipso
401 2379 541 2464 pulcrius
556 2377 770 2444 existimantes
784 2401 816 2442 rn
833 2379 924 2444 hoste
937 2379 1154 2465 propulsando

165 2463 269 2549 ipsam
281 2480 417 2530 mortem
430 2465 531 2544 obire,
542 2487 638 2552 quam
650 2465 795 2530 cedendo
804 2466 936 2530 sulutem
947 2467 1006 2530 sibi
1017 2487 1152 2551 parere:

101 2551 278 2616 verborum
299 2552 427 2636 quidem
446 2553 585 2617 dedecus
606 2552 757 2629 vitarunt,
778 2573 844 2616 rem
867 2572 943 2616 vero
962 2554 1062 2638 ipsam
1082 2573 1153 2615 cor-

101 2659 185 2723 pore
200 2638 417 2720 pertulerunt3
452 2653 483 2704 et
498 2639 683 2704 brevissimo
705 2642 859 2726 temperis
878 2639 989 2723 spatio,
1007 2639 1154 2704 brevissi-

101 2745 222 2811 maqrre
248 2725 385 2790 fortuna
410 2726 628 2803 inclinatione,
655 2746 780 2790 summa
805 2726 913 2812 potius
939 2747 1011 2792 eum
1038 2724 1152 2814 gloria,

1 2885 2 2890 η
99 2833 201 2898 quam
216 2833 290 2876 cum
308 2814 420 2877 timore
436 2813 477 2877 de
492 2814 554 2877 vita
568 2813 781 2878 decesserunt.

78 2951 84 2962 .
145 2907 202 2968 43.
225 2905 249 2940 ‘⁴
266 2899 373 2986 Atque
387 2899 422 2962 bi
438 2900 577 2985 quidem,
590 2899 697 2985 quales
712 2921 767 2964 eos
782 2921 848 2963 esse
862 2911 1059 2984 oportuerat,
1075 2897 1153 2964 tales

100 2985 136 3049 in
160 2987 301 3068 patriam
322 2989 523 3052 exstiterunt.
570 2985 724 3071 Reliquos
749 3007 825 3050 vero
848 2986 996 3050 tutiorem
1021 2985 1151 3070 quidem

99 3085 228 3156 optare,
244 3073 300 3138 sad
315 3094 516 3160 nequequam
534 3072 637 3136 minua
658 3072 810 3139 audacem
830 3073 862 3135 in
884 3071 990 3136 hostes
1010 3073 1153 3156 animum

99 3157 224 3224 babere
239 3159 319 3224 velle
333 3174 478 3245 oportet:
502 3181 561 3224 nec
575 3158 797 3224 orationesola
812 3159 980 3224 utilitatem
996 3169 1151 3243 spectare,

100 3268 200 3330 quam
225 3246 312 3332 apud
332 3269 386 3310 vos
409 3267 513 3311 rerum
538 3267 599 3310 non
620 3246 724 3309 nrinus
742 3265 870 3334 gnaros,
889 3264 979 3329 quum
999 3267 1057 3329 ego
1076 3265 1152 3321 stum,

2 3374 3 3383 κ
98 3334 219 3420 aliquis
249 3333 388 3398 dicendo
416 3331 612 3420 amplificare
634 3346 748 3418 posset,
772 3350 939 3396 recensens
960 3342 1038 3416 quot
1067 3329 1154 3400 bonu

2 3476 4 3493 ,
100 3421 203 3484 insint
220 3420 253 3484 in
269 3417 408 3485 hostiurn
425 3419 682 3505 propulsabatur
717 3419 770 3483 sed
786 3419 895 3506 potius
910 3418 1003 3502 liujus
1023 3415 1154 3502 reipub·

98 3507 173 3572 ticae
196 3508 374 3592 potentiam
398 3506 542 3594 quotidie
562 3505 653 3571 factis
675 3505 892 3590 contemplari,
909 3505 1039 3591 ejusque
1059 3503 1156 3568 valde

99 3607 250 3662 amantes
271 3594 416 3659 evadere.
464 3593 506 3658 Et
526 3615 628 3681 quum
651 3592 722 3656 brec
744 3593 815 3657 urbs
830 3591 926 3656 uobis
948 3610 1065 3678 magna
1086 3611 1155 3654 esse

98 3680 277 3759 ridebitur,
301 3681 378 3746 illud
401 3683 548 3769 cogitate,
571 3681 657 3744 viros
677 3678 783 3756 fortes,
805 3692 837 3744 et
882 3680 912 3743 ui
936 3693 1053 3746 norant
1074 3671 1153 3763 quid

97 3767 207 3838 iacere
222 3768 360 3845 deceret,
374 3769 492 3854 quique
506 3769 539 3830 in
558 3767 633 3853 ipsis
644 3766 738 3836 rebus
752 3702 900 3852 gerendis
912 3764 1152 3843 erubescebant,

99 3855 328 3928 istamserum
351 3856 527 3939 potentiam
550 3874 765 3938 comparasse:
789 3866 821 3917 et
843 3853 908 3940 qui,
926 3853 1048 3939 quoties
1070 3851 1153 3916 arei

102 3941 240 4029 alicujus
254 3955 385 4012 tentate
396 3940 566 4028 adeptione
577 3941 777 4015 aberrarunt,
790 3961 854 4002 non
871 3952 1041 4024 propterea
1055 3938 1151 4004 etiam

101 4028 337 4114 rempublicam
351 4051 409 4094 sua
422 4029 539 4094 virtute
553 4025 764 4092 fraudandam
779 4039 988 4102 censuerunt3
1023 4025 1077 4090 sed
1092 4024 1153 4110 ipsi

102 4116 329 4202 pulcerrimum
346 4114 509 4181 collectam
530 4114 658 4199 prolixo
673 4127 704 4178 et
727 4113 838 4178 libenti
858 4115 965 4176 animo
981 4112 1151 4178 dederunt.

106 4201 240 4272 Publice
254 4203 339 4270 eninr
355 4223 493 4288 corpora
506 4201 628 4278 dantes,
644 4201 791 4286 privatim
807 4199 943 4300 glorium
959 4219 1024 4264 non
1049 4219 1153 4264 senes·

103 4304 231 4356 centem
261 4303 466 4375 acceperunt,
495 4302 526 4354 et
559 4287 911 4354 honorificentissimam
945 4283 1152 4370 sepulturam,

601 4383 662 4438 nt
