2990 4792
404 293 671 364 'HlSTORlAE
695 287 785 364 ttu.
807 294 855 362 11.
1098 301 1162 362 119

116 487 271 569 aggerem
286 465 401 534 extolli
414 480 589 547 cernentes,
604 489 732 542 murum
746 467 887 557 ligneum
899 480 1160 552 composuerunt,
1190 479 1253 530 neu

118 575 250 640 suisque
272 555 373 620 muris
388 555 608 640 imposuerunt
630 556 673 619 ab
688 554 742 620 illa
755 567 856 640 parte,
871 576 936 641 qua
951 575 1051 640 agger
1074 555 1160 618 exci-
1179 543 1264 608 ‘⁰¹⁰2

118 642 266 717 tabatur3
303 640 502 728 alterumque
530 662 658 708 murum
694 641 866 707 lateritium
898 641 983 706 intre
1016 639 1158 726 ligneum
1173 611 1274 738 &a

118 725 334 804 edificarunt,
364 728 530 793 materiam
560 749 601 794 ex
632 728 743 794 vicinis
770 728 905 804 oedibus,
936 748 1016 812 quas
1051 728 1158 791 demo·
1187 737 1263 804 ⁸⁷·l·

118 811 303 916 liebertus,
322 812 534 879 detrahentes.
579 813 692 902 Lignis
719 825 826 916 autem
856 813 1031 912 internexis
1059 826 1159 878 mate·
1186 801 1258 916 llar‘l'

118 919 200 963 rrum
215 897 421 986 colligabant,
435 921 478 964 ne
491 919 690 1002 succrescens
703 899 875 1000 oedrficrum
888 898 1051 964 infirmum
1067 910 1157 964 essm.
1192 901 1258 1005 ⁸²4..

119 983 277 1050 Habebat
298 998 404 1050 autem
427 999 624 1051 nummenta
638 986 772 1086 objecta,
789 983 905 1071 quibos
925 998 1158 1072 protegeretur,

117 1069 218 1151 coria,
232 1084 265 1137 et
285 1084 454 1148 centonesr
476 1085 513 1136 ut
533 1084 567 1136 et
588 1071 699 1156 quim
721 1095 741 1136 o
839 1084 932 1136 erant
953 1073 1159 1156 occupatior

117 1155 209 1244 ligna
238 1159 308 1243 ipsa
337 1156 434 1224 nullis
462 1157 604 1244 igniferis
633 1158 742 1223 missili
767 1181 804 1224 us
828 1169 1032 1244 peterentur3
1058 1171 1158 1244 utque

117 1241 151 1306 in
178 1255 251 1308 tuto
280 1257 394 1311 essem.
438 1241 556 1311 Murus
585 1255 691 1310 autem
719 1243 752 1308 in
781 1265 932 1330 magnam
956 1242 1156 1310 altitudinem

115 1329 345 1429 extollebatur,
374 1341 407 1396 et
434 1351 532 1482 agger
559 1351 625 1395 non
656 1331 784 1418 segnius
811 1351 853 1396 ex
882 1329 1016 1434 adverso
1043 1343 1158 1434 contra

113 1435 223 1566 lli?
239 1418 400 1568 {little
417 1428 737 1592 affligi?
752 1415 824 1568 tl
845 1416 1157 1582 {miili}

115 1587 254 1652 humum
268 1590 303 1652 in
316 1610 383 1654 eura
397 1588 624 1672 importabant.

164 1682 220 1744 76.
241 1675 287 1740 At
302 1669 526 1760 Peloponnesii
541 1674 602 1741 hac
616 1696 652 1740 re
666 1675 805 1763 cognita,
822 1697 949 1742 coenum
965 1674 999 1740 in
1013 1675 1156 1742 cratibus

114 1759 302 1824 arundineis
316 1759 521 1842 involventes,
537 1761 570 1826 in
593 1760 718 1848 aggeris
731 1775 856 1847 partem
872 1761 972 1826 humo
992 1761 1156 1828 subtracta

113 1844 250 1912 divisam
272 1847 488 1934 conjeoerunt,
507 1869 559 1925 ne,
574 1847 657 1914 deut
676 1847 794 1913 humus
814 1845 972 1926 diffluens,
996 1851 1030 1912 ia
1052 1849 1155 1914 urbem

114 1943 311 2015 portaretur.
364 1931 417 1998 Illi
431 1955 507 1998 vero
521 1933 583 1999 isto
597 1946 714 2000 conatu
736 1933 869 2014 exclusi,
883 1934 924 1998 ab
940 1933 1002 1998 hoc
1024 1932 1153 2019 quidem

113 2017 360 2084 abstinuerunt:
380 2019 436 2084 sed
450 2019 615 2088 cuniculos
629 2031 774 2108 egerunt,
784 2041 904 2105 eosque
917 2021 1101 2106 conjectura
1113 2023 1156 2086 ab

113 2103 197 2170 urbs
210 2103 271 2170 sub
285 2105 389 2191 ipsum
405 2127 554 2194 aggerem
577 2105 760 2194 dirigentes,
776 2104 910 2170 humum
932 2106 973 2171 ad
989 2127 1023 2170 se
1045 2128 1155 2171 rursus

112 2189 293 2256 subducere
309 2205 495 2292 coepemnt3
517 2191 637 2279 diuque
658 2191 738 2270 illos,
762 2193 817 2278 qui
838 2189 918 2257 foris
939 2202 1037 2270 erant,
1054 2193 1154 2257 latue-

111 2289 201 2355 runt,
215 2277 297 2344 adeo
310 2292 347 2344 ut
360 2277 421 2342 rllis
434 2277 570 2345 humum
585 2279 680 2344 etiam
697 2292 793 2365 atque
806 2278 900 2342 etiam
917 2278 1154 2367 aggerentibus,

111 2363 222 2428 minus
235 2375 342 2428 temen
357 2385 439 2448 opus
453 2363 662 2443 absolverent,
677 2363 765 2452 quod
781 2364 922 2449 ipsorum
938 2385 1037 2452 agger
1059 2361 1154 2431 deor·

112 2469 183 2514 sum
198 2448 441 2526 subduceretur,
455 2461 489 2516 et
502 2450 536 2516 in
550 2461 687 2538 parm,
701 2471 774 2536 quae
789 2449 1011 2527 evacuabatur,
1026 2471 1153 2537 semper

112 2533 283 2600 subsidens
303 2534 441 2604 caderet
486 2535 551 2603 Sed
572 2537 674 2614 veriti,
696 2558 731 2600 se
752 2557 794 2600 ne
815 2535 860 2600 sic
881 2535 1009 2622 quidem
1032 2557 1153 2621 paucos

109 2619 222 2686 moltis
237 2622 382 2688 resistere
398 2644 499 2708 poue,
514 2622 577 2690 boc
590 2644 718 2709 quoque
731 2622 975 2723 excogitaruntr
999 2643 1151 2711 magnum

110 2706 243 2794 quidem
268 2707 451 2788 edificium,
474 2708 560 2796 quod
583 2709 694 2798 aggeri
715 2720 897 2809 opposrtum
919 2709 1150 2788 exstruebatur,

109 2791 274 2859 edificare
286 2793 466 2861 desierunt:
489 2805 523 2861 at
536 2795 578 2860 ab
592 2808 729 2882 utroque
771 2817 809 2858 us
825 2792 922 2860 latere
937 2793 1034 2860 ducto
1048 2795 1150 2872 initio,

110 2901 175 2966 qua
196 2901 291 2946 muro
310 2878 485 2958 humiliori,
501 2903 574 2948 cum
596 2879 697 2946 altero
718 2903 758 2946 ur
780 2880 806 2945 is
827 2901 921 2945 muro
935 2880 1151 2969 conjungeba-

109 2979 175 3046 tur,
190 2987 321 3033 murnm
337 2966 447 3034 lunata
459 2966 564 3034 forma
577 2965 690 3032 urbem
708 2987 816 3032 versus
830 2965 948 3031 ducere
968 2978 1149 3052 coeperunt,

108 3065 157 3130 ut,
180 3053 208 3118 si
233 3074 370 3142 magnus
473 3067 572 3132 retur,
594 3051 649 3118 hic
673 3051 817 3118 hostibus
840 3052 1009 3130 resisteret,
1109 3075 1151 3118 ue

107 3159 229 3204 novum
341 3159 391 3204 em
462 3161 536 3206 eum
551 3161 660 3204 rursus
674 3159 826 3228 oggerere
839 3150 988 3226 cogeretr
1020 3150 1053 3203 et
1068 3160 1087 3202 u
1102 3153 1149 3204 te·
1176 3170 1181 3177 ·

106 3225 174 3290 rius
187 3247 212 3311 p
310 3236 408 3303 entes,
422 3223 582 3312 duplicem
599 3224 740 3292 laborem
754 3224 919 3302 sustinere,
931 3234 965 3289 et
978 3223 1012 3289 in
1028 3224 1150 3310 majore
1175 3233 1179 3238 ’

106 3310 255 3413 periculo
288 3311 450 3378 constitui.
510 3310 735 3398 Peloponnesii
773 3331 851 3376 vero
883 3308 960 3375 dum
997 3331 1149 3398 aggerem
1255 3329 1260 3338 ·

101 3409 259 3484 Jwerent,
282 3396 377 3464 simul
399 3398 494 3464 etiam
517 3397 589 3463 urbi
610 3396 774 3464 machinas
795 3396 1028 3462 admoverunt:
1051 3417 1148 3461 unam

107 3483 252 3570 quidem,
266 3506 342 3572 quse
354 3505 413 3570 per
425 3505 575 3572 aggerem
589 3483 732 3565 admota
746 3503 894 3571 magum
911 3480 1049 3571 ingentis
1063 3481 1149 3548 illius

106 3569 239 3636 aedilicii
257 3583 381 3654 partem
398 3570 631 3657 conquassavit,
645 3584 679 3635 et
702 3567 891 3634 Plataeeuses
910 3566 1147 3653 perterrefecit:

105 3655 186 3720 alias
201 3677 279 3726 vero
292 3655 335 3722 ab
348 3653 409 3721 alia
426 3656 510 3722 muri
528 3669 631 3742 parte,
645 3677 723 3743 quas
740 3652 801 3740 ipsi
822 3653 1014 3720 Plstoeenses
1027 3653 1149 3742 laqueis

106 3740 321 3829 cbcnmjectis
339 3740 555 3821 reflectebant,
570 3754 603 3808 et
615 3741 723 3807 trabes
736 3741 892 3828 ingentes,
907 3762 987 3828 quas
1003 3739 1043 3804 ab
1059 3754 1148 3806 otro·

105 3849 169 3913 que
184 3827 290 3914 capite
308 3827 412 3916 longis
428 3826 537 3894 ferreis
550 3827 670 3895 catenis
684 3825 925 3913 suspenderant,
939 3848 980 3891 ex
994 3825 1078 3891 binis
1092 3848 1148 3891 an·

108 3914 215 3980 tennis
240 3934 339 4000 supra
363 3935 491 3980 murum
517 3913 676 3980 inclinatis
701 3935 739 3979 ac
765 3911 1017 3999 prominentibus
1042 3923 1147 3977 trans·

107 4021 215 4068 versas
228 4022 354 4067 sursum
369 3997 549 4079 trahebant,
563 4012 597 4066 et
610 3999 733 4086 quoties
747 3997 895 4065 machina
909 3997 1047 4086 aliquam
1062 3998 1147 4063 muri

107 4101 231 4171 partem
248 4088 389 4174 petitura
402 4100 481 4164 erat,
497 4086 620 4152 trabem
635 4085 749 4151 laxatis
762 4085 891 4160 catenis,
906 4097 1000 4171 atque
1013 4107 1032 4149 e
1049 4105 1147 4149 manu

108 4172 256 4252 remissis,
271 4195 346 4240 cum
368 4176 489 4258 impetu
510 4171 731 4238 demittebant
758 4171 812 4237 illa
833 4191 907 4237 vero
928 4192 1000 4236 curn
1024 4169 1148 4256 impetu

108 4259 220 4340 delata,
238 4260 430 4362 prominens
441 4272 579 4326 rostrum
595 4257 795 4408 respingebat.

609 4365 619 4407 1
