2996 4782
425 227 671 352 HtsToRIAE
695 284 784 352 LIB.
809 285 836 352 1·.
1110 296 1150 358 s:

4 503 5 510 .
109 453 243 540 profecti
261 475 323 542 pro
342 455 527 522 Potidoeetis
544 469 655 542 aperte
673 479 781 526 secum
801 469 1006 546 pugnassent.
1052 459 1144 528 Non·

4 543 5 606 l
109 541 184 606 dnm
215 555 322 608 temen
345 542 464 608 bellum
484 543 612 629 publice
632 543 807 610 confictum
834 555 915 616 eret:
952 545 1009 610 sed
1029 545 1070 611 eb
1091 569 1144 613 er·

4 655 5 730 j
109 627 167 694 mis
185 627 297 694 adhuc
314 626 544 695 abstinebatur.
602 629 763 697 Corinthii
785 631 870 697 enim
901 631 971 696 hee
993 632 1143 716 privatim

107 726 292 868 ³323qu
307 823 380 868 cum
398 801 542 868 Potidaea
560 801 769 879 obsideretur,
785 823 850 866 non
866 804 997 888 ampliter
1015 804 1142 890 quiete·
1244 779 1246 782 Ι

4 911 7 962 3·
105 896 193 965 runt,
216 907 290 952 cum
306 886 348 952 de
366 888 526 966 suisviris,
542 890 597 974 qui
613 891 898 965 incrementum
913 889 1009 955 etism
1023 891 1065 956 de
1083 913 1142 978 op·

4 1005 5 1010 1
104 969 194 1056 pido,
209 973 262 1038 cui
277 973 442 1052 timebant,
458 973 589 1043 soliciti:
613 987 644 1040 et
658 975 803 1060 protirms
817 975 919 1040 socios
934 997 1027 1042 orere
1036 999 1141 1064 ooepe-

34 1131 40 1140 ,
102 1070 193 1140 runt,
207 1069 245 1123 ut
260 1059 496 1126 Incedaemone
514 1060 676 1126 venirent:
698 1074 731 1126 et
745 1063 809 1144 ipsi
821 1083 857 1125 eo
870 1061 1004 1147 profecti
1019 1084 1049 1128 :n
1097 1071 1099 1076 ’
1117 1066 1141 1130 's

102 1144 298 1210 clamoribus
311 1146 345 1210 in
361 1146 573 1212 Athenienses
597 1147 839 1226 invehebantur,
855 1147 942 1233 quod
965 1162 998 1214 et
1020 1148 1038 1212 f
1087 1173 1141 1216 era

101 1227 282 1316 fregissent,
293 1245 327 1296 et
335 1231 592 1319 Peloponnesum
606 1233 723 1319 injurie
733 1232 902 1298 efficerent.
946 1236 992 1299 At
1005 1233 1140 1324 AEgine-

103 1325 154 1394 tt,
170 1338 238 1381 non
247 1317 353 1403 pnlnm
363 1317 410 1382 illi
418 1318 545 1406 quidem
551 1317 716 1419 ‘legatione
726 1320 836 1420 misse,
846 1319 922 1407 quis
930 1319 1141 1424 Athenienses

22 1453 26 1460 ·
100 1402 1140 1594 mil&Atstttttlilttffffltlttlt

100 1577 1139 1749 ntn‘zttttlttt'ttttttititttt.¹:25:{tt-l

100 1747 241 1812 concilio
254 1759 440 1827 convocato,
456 1771 531 1827 eram,
547 1751 602 1835 qni
614 1753 715 1832 uellet,
729 1687 1012 1836 dicereejgusserunt.
1076 1742 1140 1818 unc

4 1831 5 1852 ¹
99 1853 177 1898 vero
191 1854 267 1900 cnm
283 1833 338 1900 elii
356 1835 390 1899 in
409 1835 546 1900 medinm
568 1835 754 1902 concionem
768 1837 936 1924 progressi,
961 1850 1058 1922 prout
1075 1840 1139 1904 sin-

4 1921 6 1936 ¹
98 1919 168 2006 guli
181 1941 215 1988 se
228 1922 317 1986 lesos
327 1921 526 2005 judicabant,
541 1923 580 1987 de
593 1922 828 1988 Atheniensibus
844 1925 1138 2008 conquerebantur;

100 2004 277 2072 tumetium
289 2006 509 2096 Megarenses,
518 2006 770 2073 demonstrantes
780 2029 853 2073 cum
873 2009 1013 2074 alienon
1025 2032 1136 2096 peuce,

99 2113 174 2178 quoe
199 2112 271 2158 suae
296 2093 481 2179 reipublicae
500 2093 701 2159 vehementer
719 2094 870 2160 interesse
889 2095 1048 2174 dicebant,
1069 2108 1138 2164 tum

4 2199 5 2216 ³
100 2199 177 2243 sero
185 2178 360 2266 praecipue,
373 2180 458 2268 quod
470 2183 510 2246 eb
518 2181 588 2269 agri
597 2180 869 2266 Atticiportubus‚
879 2180 948 2246 Atti
1012 2181 1137 2263 neimo,

4 2303 5 2314 ι
100 2277 221 2349 praeter
240 2264 346 2332 fredus
364 2279 559 2332 arcerentur.
605 2265 765 2332 Corinthii
785 2289 870 2345 vero,
889 2288 961 2332 cum
1014 2267 1137 2334 acedae·

4 2393 5 2420 t
99 2351 225 2417 mouios
239 2351 282 2416 ab
304 2351 376 2418 eliis
398 2353 485 2438 prius
505 2355 550 2418 ad
570 2353 678 2418 bellurn
693 2354 838 2440 instigari
854 2353 1076 2438 permisissent,
1103 2357 1137 2423 in

4 2477 5 2504 t
99 2437 244 2502 medium
255 2439 415 2504 novissimi
426 2439 624 2525 prodierunt,
635 2453 668 2504 et
677 2438 749 2504 herc
758 2442 885 2525 insuper
894 2439 1093 2506 addiderunt.

4 2517 6 2600 l
142 2531 197 2590 68.
222 2533 246 2566 ‘⁶
257 2523 376 2604 Frons,
387 2547 484 2612 quem
495 2546 560 2603 vos,
574 2525 821 2604 Laeedaemonii,
836 2525 964 2612 publice
972 2527 1136 2674 putatisn-

99 2631 161 2696 que
175 2611 262 2675 inter
284 2613 439 2693 vosipsos
455 2612 596 2693 servetis,
611 2610 695 2690 fecit,
712 2623 759 2692 ut,
775 2615 800 2676 si
816 2613 892 2698 quid
905 2611 939 2675 iu
954 2634 972 2676 e
987 2612 1032 2675 ios
1050 2612 1136 2678 dice·

4 2751 6 2772 ,
99 2717 183 2778 mus,
199 2695 307 2762 minus
321 2697 465 2762 credatis.
511 2701 620 2783 Atque
638 2719 679 2762 ex
694 2697 756 2764 hec
766 2701 849 2783 με,
868 2697 1044 2784 'requitatis
1066 2699 1136 2800 qui-

4 2821 6 2840 .
98 2779 172 2846 dem
185 2781 315 2848 lauden:
331 2783 514 2870 reportetis:
537 2783 593 2849 sed
608 2784 727 2869 majore
740 2805 847 2850 rerum
863 2797 1068 2849 externarum
1087 2807 1136 2850 rn-
1186 2813 1189 2820 ·

98 2869 191 2934 scitis
204 2867 366 2934 laboretis.
397 2870 498 2936 Nobis
509 2870 593 2935 enim
609 2889 695 2955 saepe
704 2869 951 2955 praedicentibus
965 2870 1137 2936 detrimen-

98 2967 141 3032 ts,
156 2955 274 3041 quibus
293 2955 504 3021 Athenienses
520 2969 681 3022 nocerent
695 2956 847 3034 effecturi,
864 2980 918 3021 vos
930 2970 1035 3022 temen
1054 2979 1136 3022 nun·

4 3105 5 3126 ξ
98 3062 195 3140 quam
211 3042 323 3106 :audire
334 3041 485 3122 coluistis,
499 3065 571 3128 quae
582 3043 674 3106 toties
685 3042 988 3110 demonstravimus:
1011 3044 1065 3106 sed
1079 3066 1137 3128 po-
1208 3111 1210 3114 ,

97 3137 159 3192 nus
174 3127 326 3212 suspicati
338 3130 422 3204 estis,
433 3127 505 3192 haec
519 3152 537 3192 e
553 3129 644 3192 nohis
658 3129 721 3192 dici
733 3142 863 3213 propter
873 3131 1012 3213 privates
1027 3130 1135 3194 simul·
1265 3157 1271 3168 ·

98 3224 188 3292 tates,
198 3236 274 3314 qnae
287 3215 457 3279 nobiscum
467 3214 528 3278 illis
540 3214 784 3280 intercedebant.
827 3215 966 3300 Ideoque
975 3235 1039 3278 non
1048 3229 1136 3280 mrte-

97 3321 194 3385 quum
202 3299 353 3387 injuriam
365 3301 595 3386 acciperemus:
618 3299 672 3365 sed
685 3315 851 3387 postquem
863 3323 932 3364 eam
945 3301 1134 3384 accepimus,

98 3387 203 3452 socios
218 3386 298 3452 istos
313 3386 498 3461 advocastis,
513 3387 599 3470 apud
615 3409 694 3473 quos
709 3409 837 3472 aequum
853 3400 909 3462 est,
935 3408 992 3450 nos
1008 3407 1047 3450 eo
1064 3407 1136 3469 pro-

98 3470 211 3538 lixiore
226 3474 371 3537 oratione
386 3473 443 3550 uti,
466 3495 530 3558 quo
545 3473 640 3537 etiam
660 3476 808 3560 graviore
822 3473 956 3538 crimine
969 3471 1135 3551 hebemus,

98 3581 171 3659 quas
184 3559 386 3647 objiciemus,
407 3559 448 3623 ab
464 3557 713 3624 Atheniensibus
728 3559 856 3646 quidem
878 3580 949 3622 cunr
972 3573 1135 3624 contume-

97 3643 139 3710 lte
148 3645 230 3724 lensi,
246 3669 266 3710 a
277 3644 367 3710 vobis
382 3666 457 3709 vero
468 3645 614 3732 neglecti.
660 3643 758 3721 Quod
775 3645 801 3708 si
813 3646 1013 3710 Athenienses
1028 3646 1060 3708 in
1077 3645 1135 3708 eli·

97 3754 161 3818 quo
175 3736 316 3798 obscuro
334 3731 407 3796 loco
420 3731 637 3797 delitescentes
651 3731 799 3817 injuriam
824 3731 960 3796 Graeciae
985 3729 1134 3810 fecerent,

4 3883 5 3896 ἶ
97 3819 188 3884 nohis
207 3817 481 3884 demonstratione
505 3839 587 3902 opus
613 3829 702 3894 essct,
727 3840 790 3903 que
810 3839 864 3881 vos
880 3838 984 3882 return
1007 3817 1136 3904 ignaros

4 3909 6 3992 ᾗ
97 3903 299 3970 doceremus.
343 3903 415 3970 Jem
428 3903 593 3989 veroquid
608 3902 706 3990 longe
728 3903 872 3968 oratione
885 3925 967 3984 opus
977 3918 1024 3966 est
1038 3904 1134 3979 nodis,

4 4017 5 4068 3
97 4011 232 4076 quornm
247 3989 475 4076 aliosquidem
490 3991 523 4054 in
538 3989 719 4054 servitutem
735 3991 775 4066 ab
796 3992 871 4072 :Jrrsis
882 3987 954 4072 jam
971 3988 1134 4064 redactos:

4 4139 5 4144 ,
95 4077 161 4144 eliis
175 4101 266 4158 vero,
284 4091 315 4144 et
331 4075 496 4162 preecipue
512 4074 626 4140 nostris
640 4076 742 4154 sociis,
755 4076 884 4140 insidias
900 4077 940 4140 nb
956 4075 1031 4159 ipsis
1045 4075 1135 4152 strui,

340 4270 350 4297 ¹
362 4267 536 4316 Moderationis
547 4268 652 4314 leudem.
669 4265 777 4314 Acesines.
810 4263 896 4310 llnns.

613 4351 633 4392 D
