3004 4768
365 287 431 346 isa
738 275 1042 344 THUCYDIDIS

268 467 330 517 aeti
364 461 449 515 recte
463 446 714 513 administranda
728 449 832 533 parati
847 459 948 514 arant.
981 447 1029 514 Ut
1044 457 1149 512 autern
1165 445 1237 512 hoec
1251 446 1332 532 ipsis
1347 447 1410 512 visa

256 531 351 644 ἷῃάἳζ
365 546 450 617 suut,
465 535 511 599 sic
525 533 620 598 etiam
637 533 807 683 ieceruntil
821 546 916 620 atque
931 532 1002 599 haec
1016 546 1110 598 estas
1123 537 1272 684 erigesnittli
1317 619 1326 632 ⁸
1386 621 1394 634 ι

248 660 347 774 Ἥ
365 620 1235 809 ri·..iiiiiittl‘iuigitti‘ttlti‘ti
1258 639 1409 790 titii.

261 786 333 899 μ
363 792 478 857 animis
507 791 604 856 erecti
632 791 773 856 fuerunt.
819 789 863 854 ht
892 791 936 854 illi
967 790 1108 877 quidem,
1133 792 1187 876 qui
1218 801 1408 856 neutrorum

270 867 336 967 34⁸¹?
363 890 454 944 erant
468 877 586 955 socii,u
602 876 687 941 bello
698 898 896 963 nequaquam
912 876 1048 960 amplius
1063 876 1303 956 abstinendum,
1319 876 1371 942 vel
1384 877 1408 940 si

319 947 327 964 ’
361 963 471 1029 nullus
493 965 579 1048 ipsos
602 975 738 1050 rogaret,
754 961 809 1028 sed
832 960 983 1027 adversus
1000 961 1210 1026 Athenienses
1226 962 1317 1026 ultro
1332 985 1409 1027 eun-

361 1050 449 1128 dum,
465 1049 635 1114 censebant.
681 1047 806 1135 Singuli
828 1047 913 1112 enim
936 1046 1016 1124 illos,
1032 1047 1059 1110 si
1082 1069 1147 1111 rem
1165 1047 1196 1111 iu
1215 1047 1330 1114 Sicilia
1343 1047 1409 1112 feli·

359 1138 441 1201 citer
454 1135 632 1222 gessissent,
648 1135 743 1198 etiam
759 1134 908 1198 adversus
924 1155 957 1197 se
971 1143 1121 1198 venturos
1137 1131 1233 1198 fuisse
1247 1133 1407 1198 existime-

361 1221 458 1288 bantz
481 1220 574 1285 simul
595 1221 691 1284 etiam
712 1219 869 1304 reliquum
894 1217 1009 1282 bellurn
1033 1218 1128 1283 breve
1148 1217 1295 1284 futurum
1311 1219 1407 1284 duce·

361 1308 450 1387 bunt,
460 1308 550 1394 cujus
564 1327 598 1370 se
612 1305 781 1390 participes
796 1327 873 1384 csse,
886 1303 1070 1388 praeclarum
1086 1304 1147 1369 sibi
1162 1303 1229 1368 iore
1237 1307 1409 1388 mebant.

363 1391 431 1470 Qui
446 1415 521 1458 vero
537 1390 857 1456 Lacedaemoniorum
872 1401 963 1454 crant
978 1390 1065 1468 socii,
1079 1389 1172 1454 simul
1186 1412 1301 1456 omnes
1316 1391 1410 1480 longe

362 1481 483 1580 majore
505 1478 621 1555 studio,
638 1499 733 1564 quam
754 1490 838 1554 unte,
856 1476 964 1541 multis
987 1476 1137 1540 aerumnis
1159 1476 1308 1542 celeriter
1332 1477 1409 1542 libe·

362 1586 427 1630 rari
441 1563 622 1648 cupiebant.
669 1563 835 1647 Praecipne
851 1583 926 1627 vero
941 1563 996 1649 qui
1011 1562 1255 1628 Atheniensium
1273 1564 1409 1649 imperio

362 1651 526 1736 parebant,
539 1647 588 1714 rel
603 1671 699 1733 supra
714 1649 794 1713 vires
809 1648 851 1714 ud
865 1648 1073 1712 defectionem
1089 1647 1130 1713 ab
1146 1649 1221 1732 ipsis
1237 1652 1414 1714 Ariorica-

361 1738 443 1802 sibus
457 1735 741 1802 iaciendamerant
760 1736 874 1820 parati,
892 1734 998 1822 *quod
1021 1734 1121 1798 animi
1143 1735 1266 1817 impetu
1282 1759 1323 1800 ac
1336 1737 1407 1800 libi·

361 1825 436 1888 dine
456 1843 536 1888 coecn
557 1821 599 1887 dc
623 1825 717 1886 rebus
735 1822 925 1908 judicarent,
947 1841 1006 1886 nec
1031 1819 1131 1884 ullum
1155 1822 1272 1885 rationi
1299 1821 1408 1888 locum

361 1908 498 1995 amplius
520 1907 754 1996 relinquerent3
777 1908 897 1994 quippe
919 1909 973 1994 qui
991 1917 1151 1990 patareni,
1161 1907 1250 1992 sore,
1267 1919 1304 1974 nt
1327 1911 1409 1973 inse·

362 1995 472 2081 quenti
492 2007 602 2060 aeatate
616 1995 818 2060 Athenienses
839 2003 1037 2080 superarent.
1082 1993 1409 2059 Lacedaemoniorum

361 2101 437 2146 vero
452 2079 571 2158 civitas,
584 2101 656 2145 cum
671 2093 804 2166 propter
820 2078 890 2144 hoec
904 2079 1012 2143 omnia
1026 2075 1175 2143 fiduciam
1192 2081 1408 2166 concipiebat,

362 2179 432 2232 tum
447 2188 522 2232 vero
543 2166 715 2252 praecipue,
732 2165 817 2253 quod
835 2165 935 2231 Siculi
958 2163 1035 2230 socii
1057 2187 1130 2228 cum
1154 2167 1280 2253 magnis
1295 2168 1408 2252 copiis,

360 2251 467 2319 classis
483 2255 660 2317 accessione
669 2254 737 2340 jam
753 2252 931 2317 necessario
945 2249 1037 2329 factu,
1055 2253 1183 2315 ineunte
1198 2254 1306 2318 statim
1324 2277 1410 2330 vere,

361 2351 397 2404 ut
412 2349 480 2403 erat
497 2337 672 2416 verisimile,
689 2341 765 2422 ipsis
782 2349 902 2423 praesto
919 2337 1016 2401 futuri
1032 2350 1143 2401 essent.
1189 2337 1317 2425 ltaque,
1334 2362 1410 2405 cum

362 2425 503 2512 undique
517 2425 635 2490 bonam
656 2445 744 2510 spem
767 2421 931 2502 haberent,
948 2424 1071 2512 abjecta
1090 2423 1178 2488 omni
1200 2427 1410 2492 cunctatione

360 2511 479 2577 bellum
495 2531 657 2596 capessere
671 2522 865 2576 statuerunt:
889 2531 995 2590 secum
1011 2521 1204 2594 reputantes,
1222 2511 1249 2575 si
1266 2511 1330 2576 hoc
1346 2513 1410 2576 hei-

361 2597 420 2662 lum
442 2597 566 2662 felicem
582 2599 701 2661 exitum
727 2595 920 2680 habuissent,
937 2617 970 2660 se
992 2596 1024 2659 in
1051 2607 1211 2680 posterum
1236 2612 1270 2661 et
1292 2597 1411 2682 hujus-

360 2683 449 2748 modi
476 2681 635 2770 periculis
650 2681 820 2748 liberatum
843 2682 894 2760 iri,
917 2681 1096 2768 cujusmodi
1121 2679 1232 2746 fuisset
1258 2697 1291 2747 et
1313 2684 1411 2762 illud,

360 2769 448 2854 quod
462 2769 538 2854 ipsis
552 2768 594 2834 ab
608 2768 853 2835 Atheniensibus
875 2781 1016 2834 creatum
1039 2765 1157 2846 fuisset,
1173 2767 1199 2832 si
1215 2791 1264 2832 res
1281 2769 1411 2836 Siculas

358 2855 393 2919 in
409 2875 500 2920 suam
518 2867 705 2942 potestatem
720 2855 924 2944 redegissent.
969 2853 1013 2920 Et
1026 2853 1091 2918 illis
1105 2855 1229 2932 evenis,
1244 2853 1411 2938 futurum,

359 2951 396 3006 nt
411 2943 508 3008 totius
524 2941 662 3008 Graecioe
677 2941 846 3027 imperium
863 2953 933 3008 tuto
943 2943 1009 3028 jam
1025 2939 1213 3006 obtinerent.

258 3037 336 3085 ennio
402 3037 438 3096 3.
460 3027 637 3096 Confestim
659 3029 759 3117 igitur
782 3027 873 3116 Agis,
896 3023 1009 3093 eorum
1030 3049 1094 3105 rex,
1111 3025 1171 3091 hac
1191 3026 1308 3113 hyeme
1333 3053 1412 3096 cum

239 3109 350 3214 0⁰2⁰·ss
358 3115 497 3202 quodam
519 3115 659 3181 exercitu
682 3137 722 3180 ex
738 3113 876 3180 Decelea
899 3113 1066 3199 profectus,
1082 3114 1249 3198 pecuniam
1272 3118 1411 3182 asociis

358 3201 399 3268 ad
421 3203 553 3268 classem
575 3201 822 3287 comparandum
846 3201 970 3290 exegit;
994 3211 1026 3265 et
1041 3197 1082 3264 ad
1099 3199 1273 3265 Maliacum
1295 3203 1411 3270 sinum

357 3286 537 3368 deflectens,
567 3287 610 3353 ob
640 3297 777 3354 vetustas
809 3287 990 3352 inimicitias
1023 3283 1182 3374 ingentem
1215 3285 1411 3356 OEtaeorum

382 3375 500 3440 raedarn
517 3373 594 3462 egit,
610 3386 642 3439 et
656 3395 694 3438 ec
708 3397 744 3439 en
760 3374 927 3460 pecuniam
942 3371 1082 3460 collegit.
1120 3373 1259 3438 Achaeos
1274 3397 1412 3464 quoque

358 3396 539 3540 inhiens,
563 3461 704 3547 aliosque
725 3459 872 3547 populos,
888 3461 942 3547 qui
960 3457 1187 3524 Thessalorum
1210 3461 1353 3546 imperio
1376 3465 1411 3528 in

358 3545 412 3611 illa
435 3547 565 3634 regione
582 3549 748 3632 parebant,
764 3545 1030 3634 conquerentibus
1046 3568 1083 3610 ac
1105 3546 1212 3614 invitis
1228 3547 1410 3626 Thessalis,
1491 3549 1493 3616 ζ

357 3631 483 3699 obsides
504 3633 659 3721 quosdam
684 3656 723 3699 ac
747 3634 916 3720 pecuniam
943 3632 1020 3703 dare
1045 3629 1158 3720 cri'e'git.
1206 3632 1250 3698 Et
1276 3629 1410 3704 obsides

384 3819 398 3858 θ
414 3822 486 3876 Quod
502 3836 533 3870 ex
544 3823 671 3882 desiderio,
682 3837 730 3884 quo
742 3823 833 3870 incensi
844 3829 923 3878 erant,
934 3821 1038 3870 videlicet
1049 3832 1076 3870 nr
1087 3821 1238 3870 Athenienses
1247 3824 1409 3887 uijugara-

356 3891 406 3948 iar,
416 3887 447 3934 de
458 3889 530 3935 rebus
542 3883 690 3950 judicarent,
702 3901 747 3935 nec
757 3889 837 3935 ulium
851 3885 904 3949 jam
918 3888 1082 3946 relinquerent
1092 3888 1180 3934 rationi
1195 3889 1291 3948 locum,
1303 3901 1409 3954 propser

355 3965 431 4014 quam
442 3955 507 4002 credi
524 3959 615 4016 pona,
625 3953 681 4000 illes
696 3965 774 4014 umisa
784 3954 817 3999 sd
830 3958 974 4013 sequentem
990 3957 1099 3999 artatam
1115 3953 1167 3999 iore
1181 3953 1338 4010 incolumen
1356 3957 1409 4002 Vei
1492 3963 1493 4004 i

356 4019 405 4066 sicr
423 4017 494 4072 Quod
510 4033 555 4080 pro
573 4031 603 4064 ea
618 4018 795 4077 indignatione,
807 4030 882 4076 quam
899 4019 1014 4064 adversus
1028 4016 1084 4064 illos
1099 4021 1313 4077 conceperam&
1330 4023 1411 4068 relisis

352 4078 506 4143 judicabant,
517 4089 564 4131 etc.
597 4081 644 4128 Sed
658 4083 734 4142 mgis
745 4081 821 4141 placet
831 4081 905 4131 ultera
919 4081 1039 4141 participii
1056 4079 1170 4146 ierim„
1180 4083 1334 4144 signfioutin.
1352 4087 1411 4134 See.
1492 4125 1493 4130 ,

355 4146 454 4206 phasan
485 4147 555 4194 Adeo
565 4147 672 4194 accensis
688 4147 724 4192 ira
734 4153 759 4192 et
770 4147 903 4206 cupiditate
913 4145 1012 4206 animis,
1025 4152 1054 4191 ut
1070 4147 1131 4193 nihil
1147 4159 1197 4192 non
1214 4149 1290 4194 modo
1301 4151 1335 4195 ad
1351 4152 1409 4196 sni·

356 4223 438 4268 mum,
450 4212 493 4258 aed
502 4226 534 4260 ne
544 4215 575 4260 sd
586 4223 657 4260 sures
667 4211 767 4271 quidem
779 4211 945 4266 admitterent,
955 4211 1025 4269 qussi
1041 4211 1191 4272 insequentis
1203 4214 1299 4260 utens
1307 4215 1408 4262 heilrim

358 4275 478 4322 sustinere
488 4277 590 4335 possint.
622 4275 730 4334 dendus.
