<?xml version="1.0" encoding="UTF-8"?>
<!DOCTYPE html PUBLIC "-//W3C//DTD XHTML 1.0 Transitional//EN"
    "http://www.w3.org/TR/xhtml1/DTD/xhtml1-transitional.dtd">
<html xmlns="http://www.w3.org/1999/xhtml" xml:lang="en" lang="en">
 <head>
  <title>
</title>
<meta http-equiv="Content-Type" content="text/html;charset=utf-8" />
  <meta name='ocr-system' content='tesseract 3.04.00' />
  <meta name='ocr-capabilities' content='ocr_page ocr_carea ocr_par ocr_line ocrx_word'/>
</head>
<body>
  <div class='ocr_page' id='page_1' title='image "./thucydidisdebel00wassgoog_0219.png"; bbox 0 0 2994 4788; ppageno 0'>
   <div class='ocr_carea' id='block_1_1' title="bbox 418 349 1159 422">
    <p class='ocr_par' dir='ltr' id='par_1_1' title="bbox 418 349 1159 422">
     <span class='ocr_line' id='line_1_1' title="bbox 418 349 1159 422; baseline 0.007 -5"><span class='ocrx_word' id='word_1_1' title='bbox 418 349 663 418; x_wconf 83' lang='lat' dir='ltr'><strong>HISTORIAE</strong></span> <span class='ocrx_word' id='word_1_2' title='bbox 687 351 776 419; x_wconf 91' lang='lat' dir='ltr'><strong>LIB.</strong></span> <span class='ocrx_word' id='word_1_3' title='bbox 800 353 859 420; x_wconf 90' lang='lat' dir='ltr'><strong>IV.</strong></span> <span class='ocrx_word' id='word_1_4' title='bbox 1098 365 1159 422; x_wconf 81' lang='lat' dir='ltr'><strong>stt</strong></span> 
     </span>
    </p>
   </div>
   <div class='ocr_carea' id='block_1_2' title="bbox 122 521 1275 4050">
    <p class='ocr_par' dir='ltr' id='par_1_2' title="bbox 124 521 1275 2243">
     <span class='ocr_line' id='line_1_2' title="bbox 125 521 1258 612; baseline 0.001 -23"><span class='ocrx_word' id='word_1_5' title='bbox 125 521 372 589; x_wconf 83' lang='lat' dir='ltr'><strong>aceessufacilis</strong></span> <span class='ocrx_word' id='word_1_6' title='bbox 387 524 674 610; x_wconf 71' lang='lat' dir='ltr'><strong>erit-quantumvis</strong></span> <span class='ocrx_word' id='word_1_7' title='bbox 695 524 814 612; x_wconf 76' lang='lat' dir='ltr'>alioqui</span> <span class='ocrx_word' id='word_1_8' title='bbox 828 524 975 604; x_wconf 72' lang='lat' dir='ltr'><strong>difficilis,</strong></span> <span class='ocrx_word' id='word_1_9' title='bbox 990 537 1094 611; x_wconf 72' lang='lat' dir='ltr'><strong>sapore</strong></span> <span class='ocrx_word' id='word_1_10' title='bbox 1109 547 1162 593; x_wconf 88' lang='lat' dir='ltr'><strong>ne-</strong></span> <span class='ocrx_word' id='word_1_11' title='bbox 1195 535 1258 590; x_wconf 80' lang='lat' dir='ltr'><strong>sen</strong></span> 
     </span>
     <span class='ocr_line' id='line_1_3' title="bbox 125 607 1268 695; baseline 0.005 -21"><span class='ocrx_word' id='word_1_12' title='bbox 125 611 215 676; x_wconf 84' lang='lat' dir='ltr'><strong>miae</strong></span> <span class='ocrx_word' id='word_1_13' title='bbox 227 608 352 675; x_wconf 78' lang='lat' dir='ltr'><strong>hostem</strong></span> <span class='ocrx_word' id='word_1_14' title='bbox 365 609 564 695; x_wconf 87' lang='lat' dir='ltr'><strong>prohibente.</strong></span> <span class='ocrx_word' id='word_1_15' title='bbox 600 611 673 688; x_wconf 75' lang='grc' dir='ltr'><strong>ΙιΕῑ,</strong></span> <span class='ocrx_word' id='word_1_16' title='bbox 689 613 718 676; x_wconf 84' lang='lat' dir='ltr'><strong>si</strong></span> <span class='ocrx_word' id='word_1_17' title='bbox 730 614 911 690; x_wconf 76' lang='lat' dir='ltr'><strong><em>recedamus,</em></strong></span> <span class='ocrx_word' id='word_1_18' title='bbox 923 611 1044 678; x_wconf 86' lang='lat' dir='ltr'><strong>hostem</strong></span> <span class='ocrx_word' id='word_1_19' title='bbox 1059 615 1163 680; x_wconf 87' lang='lat' dir='ltr'><strong>acrius</strong></span> <span class='ocrx_word' id='word_1_20' title='bbox 1185 607 1268 670; x_wconf 58' lang='grc' dir='ltr'><strong>ΜΨ</strong></span> 
     </span>
     <span class='ocr_line' id='line_1_4' title="bbox 126 675 1275 802; baseline 0.003 -42"><span class='ocrx_word' id='word_1_21' title='bbox 126 719 187 760; x_wconf 88' lang='lat' dir='ltr'><strong>nos</strong></span> <span class='ocrx_word' id='word_1_22' title='bbox 203 708 368 786; x_wconf 82' lang='lat' dir='ltr'><strong>urgentem</strong></span> <span class='ocrx_word' id='word_1_23' title='bbox 390 696 587 774; x_wconf 86' lang='lat' dir='ltr'><strong>habebimus,</strong></span> <span class='ocrx_word' id='word_1_24' title='bbox 602 697 678 784; x_wconf 89' lang='lat' dir='ltr'><strong>quia</strong></span> <span class='ocrx_word' id='word_1_25' title='bbox 698 717 763 761; x_wconf 89' lang='lat' dir='ltr'><strong>nou</strong></span> <span class='ocrx_word' id='word_1_26' title='bbox 777 696 869 763; x_wconf 86' lang='lat' dir='ltr'><strong>facile</strong></span> <span class='ocrx_word' id='word_1_27' title='bbox 890 720 923 763; x_wconf 89' lang='lat' dir='ltr'><strong>se</strong></span> <span class='ocrx_word' id='word_1_28' title='bbox 937 699 1078 786; x_wconf 85' lang='lat' dir='ltr'><strong>recipcre</strong></span> <span class='ocrx_word' id='word_1_29' title='bbox 1090 713 1163 786; x_wconf 86' lang='lat' dir='ltr'><strong>pot·</strong></span> <span class='ocrx_word' id='word_1_30' title='bbox 1177 675 1275 802; x_wconf 47' lang='lat' dir='ltr'><strong>(mi,</strong></span> 
     </span>
     <span class='ocr_line' id='line_1_5' title="bbox 127 781 1260 870; baseline 0.003 -24"><span class='ocrx_word' id='word_1_31' title='bbox 127 782 200 860; x_wconf 87' lang='lat' dir='ltr'><strong>erit,</strong></span> <span class='ocrx_word' id='word_1_32' title='bbox 217 783 243 846; x_wconf 84' lang='lat' dir='ltr'><strong>si</strong></span> <span class='ocrx_word' id='word_1_33' title='bbox 257 803 316 847; x_wconf 91' lang='lat' dir='ltr'><strong>nos</strong></span> <span class='ocrx_word' id='word_1_34' title='bbox 330 783 424 848; x_wconf 89' lang='lat' dir='ltr'><strong>etiam</strong></span> <span class='ocrx_word' id='word_1_35' title='bbox 439 783 544 867; x_wconf 87' lang='lat' dir='ltr'><strong>ipsum</strong></span> <span class='ocrx_word' id='word_1_36' title='bbox 556 803 735 870; x_wconf 82' lang='lat' dir='ltr'><strong>urgeamus.</strong></span> <span class='ocrx_word' id='word_1_37' title='bbox 779 781 870 850; x_wconf 90' lang='lat' dir='ltr'><strong>Dum</strong></span> <span class='ocrx_word' id='word_1_38' title='bbox 881 787 967 850; x_wconf 89' lang='lat' dir='ltr'><strong>enim</strong></span> <span class='ocrx_word' id='word_1_39' title='bbox 978 788 1075 852; x_wconf 72' lang='lat' dir='ltr'><strong>hoster</strong></span> <span class='ocrx_word' id='word_1_40' title='bbox 1089 799 1164 854; x_wconf 89' lang='lat' dir='ltr'><strong>sunt</strong></span> <span class='ocrx_word' id='word_1_41' title='bbox 1186 799 1226 849; x_wconf 81' lang='lat' dir='ltr'><strong>ss</strong></span> <span class='ocrx_word' id='word_1_42' title='bbox 1236 802 1260 850; x_wconf 85' lang='lat' dir='ltr'><strong>a</strong></span> 
     </span>
     <span class='ocr_line' id='line_1_6' title="bbox 125 867 1261 954; baseline 0.005 -22"><span class='ocrx_word' id='word_1_43' title='bbox 125 869 160 932; x_wconf 90' lang='lat' dir='ltr'><strong>in</strong></span> <span class='ocrx_word' id='word_1_44' title='bbox 182 869 326 946; x_wconf 82' lang='lat' dir='ltr'><strong>navibus,</strong></span> <span class='ocrx_word' id='word_1_45' title='bbox 340 867 489 934; x_wconf 77' lang='lat' dir='ltr'><strong>facillime</strong></span> <span class='ocrx_word' id='word_1_46' title='bbox 509 869 689 954; x_wconf 88' lang='lat' dir='ltr'><strong>propulsari</strong></span> <span class='ocrx_word' id='word_1_47' title='bbox 703 881 852 954; x_wconf 79' lang='lat' dir='ltr'><strong>possuntt</strong></span> <span class='ocrx_word' id='word_1_48' title='bbox 878 871 932 936; x_wconf 86' lang='lat' dir='ltr'><strong>sed</strong></span> <span class='ocrx_word' id='word_1_49' title='bbox 949 873 975 936; x_wconf 93' lang='lat' dir='ltr'><strong>si</strong></span> <span class='ocrx_word' id='word_1_50' title='bbox 997 873 1030 936; x_wconf 90' lang='lat' dir='ltr'><strong>in</strong></span> <span class='ocrx_word' id='word_1_51' title='bbox 1045 885 1161 939; x_wconf 86' lang='lat' dir='ltr'><strong>terram</strong></span> <span class='ocrx_word' id='word_1_52' title='bbox 1190 868 1221 919; x_wconf 68' lang='lat' dir='ltr'><strong>U·</strong></span> <span class='ocrx_word' id='word_1_53' title='bbox 1233 873 1261 922; x_wconf 81' lang='lat'><strong>⁰·</strong></span> 
     </span>
     <span class='ocr_line' id='line_1_7' title="bbox 125 936 1262 1054; baseline 0.004 -36"><span class='ocrx_word' id='word_1_54' title='bbox 125 955 360 1032; x_wconf 86' lang='lat' dir='ltr'><strong>exscenderint,</strong></span> <span class='ocrx_word' id='word_1_55' title='bbox 376 967 453 1020; x_wconf 90' lang='lat' dir='ltr'><strong>tunc</strong></span> <span class='ocrx_word' id='word_1_56' title='bbox 467 976 542 1020; x_wconf 85' lang='lat' dir='ltr'><strong>vero</strong></span> <span class='ocrx_word' id='word_1_57' title='bbox 556 954 722 1019; x_wconf 89' lang='lat' dir='ltr'><strong>nobiscum</strong></span> <span class='ocrx_word' id='word_1_58' title='bbox 739 977 831 1041; x_wconf 82' lang='lat' dir='ltr'><strong>usqua</strong></span> <span class='ocrx_word' id='word_1_59' title='bbox 845 957 1027 1022; x_wconf 87' lang='lat' dir='ltr'><strong>conditione</strong></span> <span class='ocrx_word' id='word_1_60' title='bbox 1039 979 1163 1049; x_wconf 75' lang='lat' dir='ltr'><strong>pugna-</strong></span> <span class='ocrx_word' id='word_1_61' title='bbox 1184 936 1262 1054; x_wconf 45' lang='grc' dir='ltr'><strong>ἕξ·</strong></span> 
     </span>
     <span class='ocr_line' id='line_1_8' title="bbox 125 1038 1255 1127; baseline 0.005 -23"><span class='ocrx_word' id='word_1_62' title='bbox 125 1039 220 1104; x_wconf 90' lang='lat' dir='ltr'><strong>hunt.</strong></span> <span class='ocrx_word' id='word_1_63' title='bbox 265 1040 309 1105; x_wconf 88' lang='lat' dir='ltr'><strong>Et</strong></span> <span class='ocrx_word' id='word_1_64' title='bbox 331 1041 471 1127; x_wconf 89' lang='lat' dir='ltr'><strong>ipsorum</strong></span> <span class='ocrx_word' id='word_1_65' title='bbox 486 1039 658 1106; x_wconf 89' lang='lat' dir='ltr'><strong>multitudo</strong></span> <span class='ocrx_word' id='word_1_66' title='bbox 674 1061 738 1106; x_wconf 90' lang='lat' dir='ltr'><strong>non</strong></span> <span class='ocrx_word' id='word_1_67' title='bbox 761 1041 934 1107; x_wconf 79' lang='lat' dir='ltr'><strong>admodum</strong></span> <span class='ocrx_word' id='word_1_68' title='bbox 949 1053 996 1108; x_wconf 89' lang='lat' dir='ltr'><strong>est</strong></span> <span class='ocrx_word' id='word_1_69' title='bbox 1018 1045 1163 1110; x_wconf 82' lang='lat' dir='ltr'><strong>extImes-</strong></span> <span class='ocrx_word' id='word_1_70' title='bbox 1248 1038 1255 1054; x_wconf 70' lang='lat'>⁸</span> 
     </span>
     <span class='ocr_line' id='line_1_9' title="bbox 126 1125 1164 1214; baseline 0.005 -23"><span class='ocrx_word' id='word_1_71' title='bbox 126 1125 247 1191; x_wconf 84' lang='lat' dir='ltr'><strong>centia:</strong></span> <span class='ocrx_word' id='word_1_72' title='bbox 271 1128 415 1213; x_wconf 84' lang='lat' dir='ltr'><strong>quamvis</strong></span> <span class='ocrx_word' id='word_1_73' title='bbox 428 1128 513 1191; x_wconf 87' lang='lat' dir='ltr'><strong>enim</strong></span> <span class='ocrx_word' id='word_1_74' title='bbox 528 1127 568 1190; x_wconf 87' lang='lat' dir='ltr'><strong>sit</strong></span> <span class='ocrx_word' id='word_1_75' title='bbox 584 1129 616 1190; x_wconf 90' lang='lat' dir='ltr'><strong>in</strong></span> <span class='ocrx_word' id='word_1_76' title='bbox 659 1148 705 1206; x_wconf 87' lang='lat' dir='ltr'><strong>ns,</strong></span> <span class='ocrx_word' id='word_1_77' title='bbox 721 1138 826 1192; x_wconf 86' lang='lat' dir='ltr'><strong>tamen</strong></span> <span class='ocrx_word' id='word_1_78' title='bbox 842 1141 975 1214; x_wconf 86' lang='lat' dir='ltr'><strong>propter</strong></span> <span class='ocrx_word' id='word_1_79' title='bbox 996 1128 1164 1196; x_wconf 86' lang='lat' dir='ltr'><strong>difficulta-</strong></span> 
     </span>
     <span class='ocr_line' id='line_1_10' title="bbox 126 1211 1163 1302; baseline 0.006 -26"><span class='ocrx_word' id='word_1_80' title='bbox 126 1227 194 1276; x_wconf 85' lang='lat' dir='ltr'><strong>tem</strong></span> <span class='ocrx_word' id='word_1_81' title='bbox 210 1211 284 1290; x_wconf 88' lang='lat' dir='ltr'><strong>loci,</strong></span> <span class='ocrx_word' id='word_1_82' title='bbox 299 1233 364 1300; x_wconf 92' lang='lat' dir='ltr'><strong>quo</strong></span> <span class='ocrx_word' id='word_1_83' title='bbox 378 1212 537 1298; x_wconf 76' lang='lat' dir='ltr'>appellere</span> <span class='ocrx_word' id='word_1_84' title='bbox 551 1233 632 1278; x_wconf 86' lang='lat' dir='ltr'><strong>cona</strong></span> <span class='ocrx_word' id='word_1_85' title='bbox 653 1213 727 1291; x_wconf 91' lang='lat' dir='ltr'><strong>itur,</strong></span> <span class='ocrx_word' id='word_1_86' title='bbox 742 1215 862 1297; x_wconf 78' lang='lat' dir='ltr'><strong>exigua</strong></span> <span class='ocrx_word' id='word_1_87' title='bbox 876 1235 973 1279; x_wconf 90' lang='lat' dir='ltr'><strong>manu</strong></span> <span class='ocrx_word' id='word_1_88' title='bbox 994 1217 1163 1302; x_wconf 78' lang='lat' dir='ltr'><strong>pugnabit.</strong></span> 
     </span>
     <span class='ocr_line' id='line_1_11' title="bbox 126 1297 1163 1387; baseline 0.006 -26"><span class='ocrx_word' id='word_1_89' title='bbox 126 1297 286 1379; x_wconf 84' lang='lat' dir='ltr'><strong>Quamvis</strong></span> <span class='ocrx_word' id='word_1_90' title='bbox 310 1298 395 1362; x_wconf 90' lang='lat' dir='ltr'><strong>enim</strong></span> <span class='ocrx_word' id='word_1_91' title='bbox 411 1300 538 1364; x_wconf 78' lang='lat' dir='ltr'><strong>hostiam</strong></span> <span class='ocrx_word' id='word_1_92' title='bbox 559 1299 718 1364; x_wconf 85' lang='lat' dir='ltr'><strong>exercitus</strong></span> <span class='ocrx_word' id='word_1_93' title='bbox 739 1308 842 1364; x_wconf 73' lang='lat' dir='ltr'><strong>nomo</strong></span> <span class='ocrx_word' id='word_1_94' title='bbox 863 1300 903 1364; x_wconf 88' lang='lat' dir='ltr'><strong>sit</strong></span> <span class='ocrx_word' id='word_1_95' title='bbox 924 1302 1034 1387; x_wconf 87' lang='lat' dir='ltr'><strong>major,</strong></span> <span class='ocrx_word' id='word_1_96' title='bbox 1056 1314 1163 1368; x_wconf 89' lang='lat' dir='ltr'><strong>tamen</strong></span> 
     </span>
     <span class='ocr_line' id='line_1_12' title="bbox 125 1384 1164 1476; baseline 0.002 -28"><span class='ocrx_word' id='word_1_97' title='bbox 125 1403 195 1448; x_wconf 89' lang='lat' dir='ltr'><strong>non</strong></span> <span class='ocrx_word' id='word_1_98' title='bbox 209 1385 304 1450; x_wconf 84' lang='lat' dir='ltr'><strong>estin</strong></span> <span class='ocrx_word' id='word_1_99' title='bbox 318 1395 413 1464; x_wconf 85' lang='lat' dir='ltr'><strong>terra,</strong></span> <span class='ocrx_word' id='word_1_100' title='bbox 428 1384 563 1470; x_wconf 88' lang='lat' dir='ltr'><strong>perinde</strong></span> <span class='ocrx_word' id='word_1_101' title='bbox 570 1394 667 1472; x_wconf 86' lang='lat' dir='ltr'><strong>atque</strong></span> <span class='ocrx_word' id='word_1_102' title='bbox 680 1395 800 1462; x_wconf 67' lang='lat' dir='ltr'><strong>norm,-</strong></span> <span class='ocrx_word' id='word_1_103' title='bbox 821 1385 876 1450; x_wconf 80' lang='lat' dir='ltr'><strong>scd</strong></span> <span class='ocrx_word' id='word_1_104' title='bbox 888 1407 928 1451; x_wconf 84' lang='lat' dir='ltr'><strong>ex</strong></span> <span class='ocrx_word' id='word_1_105' title='bbox 943 1387 1073 1452; x_wconf 81' lang='lat' dir='ltr'><strong>nvabus</strong></span> <span class='ocrx_word' id='word_1_106' title='bbox 1080 1409 1164 1476; x_wconf 76' lang='lat' dir='ltr'><strong>preg-</strong></span> 
     </span>
     <span class='ocr_line' id='line_1_13' title="bbox 124 1469 1166 1560; baseline 0.005 -26"><span class='ocrx_word' id='word_1_107' title='bbox 124 1471 229 1549; x_wconf 79' lang='lat' dir='ltr'><strong>nahit,</strong></span> <span class='ocrx_word' id='word_1_108' title='bbox 246 1469 372 1556; x_wconf 89' lang='lat' dir='ltr'><strong>¹quibus</strong></span> <span class='ocrx_word' id='word_1_109' title='bbox 386 1469 496 1536; x_wconf 76' lang='lat' dir='ltr'><strong>mrdtae</strong></span> <span class='ocrx_word' id='word_1_110' title='bbox 510 1472 762 1556; x_wconf 75' lang='lat' dir='ltr'><strong>opportunitates</strong></span> <span class='ocrx_word' id='word_1_111' title='bbox 776 1473 809 1535; x_wconf 89' lang='lat' dir='ltr'><strong>in</strong></span> <span class='ocrx_word' id='word_1_112' title='bbox 825 1471 906 1536; x_wconf 86' lang='lat' dir='ltr'><strong>mari</strong></span> <span class='ocrx_word' id='word_1_113' title='bbox 916 1473 1104 1560; x_wconf 80' lang='lat' dir='ltr'><strong>contingant</strong></span> <span class='ocrx_word' id='word_1_114' title='bbox 1118 1486 1166 1539; x_wconf 87' lang='lat' dir='ltr'><strong>est</strong></span> 
     </span>
     <span class='ocr_line' id='line_1_14' title="bbox 124 1555 1165 1644; baseline 0.004 -24"><span class='ocrx_word' id='word_1_115' title='bbox 124 1577 262 1621; x_wconf 86' lang='lat' dir='ltr'><strong>necesse.</strong></span> <span class='ocrx_word' id='word_1_116' title='bbox 307 1556 420 1633; x_wconf 80' lang='lat' dir='ltr'><strong>Quare</strong></span> <span class='ocrx_word' id='word_1_117' title='bbox 431 1555 631 1622; x_wconf 85' lang='lat' dir='ltr'><strong>difficultates</strong></span> <span class='ocrx_word' id='word_1_118' title='bbox 647 1559 778 1622; x_wconf 87' lang='lat' dir='ltr'><strong>istorum</strong></span> <span class='ocrx_word' id='word_1_119' title='bbox 793 1558 891 1623; x_wconf 82' lang='lat' dir='ltr'><strong>nostri</strong></span> <span class='ocrx_word' id='word_1_120' title='bbox 900 1561 1059 1640; x_wconf 66' lang='lat' dir='ltr'><strong>parentets·</strong></span> <span class='ocrx_word' id='word_1_121' title='bbox 1072 1580 1165 1644; x_wconf 88' lang='lat' dir='ltr'><strong>pares</strong></span> 
     </span>
     <span class='ocr_line' id='line_1_15' title="bbox 125 1641 1163 1730; baseline 0.004 -24"><span class='ocrx_word' id='word_1_122' title='bbox 125 1663 194 1706; x_wconf 87' lang='lat' dir='ltr'><strong>esse</strong></span> <span class='ocrx_word' id='word_1_123' title='bbox 216 1641 311 1707; x_wconf 88' lang='lat' dir='ltr'><strong>duco.</strong></span> <span class='ocrx_word' id='word_1_124' title='bbox 357 1643 493 1727; x_wconf 87' lang='lat' dir='ltr'><strong>Insuper</strong></span> <span class='ocrx_word' id='word_1_125' title='bbox 514 1656 546 1707; x_wconf 91' lang='lat' dir='ltr'><strong>et</strong></span> <span class='ocrx_word' id='word_1_126' title='bbox 561 1664 616 1707; x_wconf 88' lang='lat' dir='ltr'><strong>vos</strong></span> <span class='ocrx_word' id='word_1_127' title='bbox 629 1643 771 1718; x_wconf 89' lang='lat' dir='ltr'><strong>obsecro,</strong></span> <span class='ocrx_word' id='word_1_128' title='bbox 788 1645 844 1730; x_wconf 90' lang='lat' dir='ltr'><strong>qui</strong></span> <span class='ocrx_word' id='word_1_129' title='bbox 857 1643 1065 1710; x_wconf 81' lang='lat' dir='ltr'><strong>Athenienses</strong></span> <span class='ocrx_word' id='word_1_130' title='bbox 1080 1645 1163 1726; x_wconf 88' lang='lat' dir='ltr'><strong>estis,</strong></span> 
     </span>
     <span class='ocr_line' id='line_1_16' title="bbox 126 1728 1165 1815; baseline 0.004 -23"><span class='ocrx_word' id='word_1_131' title='bbox 126 1728 237 1815; x_wconf 88' lang='lat' dir='ltr'><strong>etqui</strong></span> <span class='ocrx_word' id='word_1_132' title='bbox 259 1728 454 1814; x_wconf 84' lang='lat' dir='ltr'><strong>experientis</strong></span> <span class='ocrx_word' id='word_1_133' title='bbox 477 1729 639 1794; x_wconf 90' lang='lat' dir='ltr'><strong>nauticum</strong></span> <span class='ocrx_word' id='word_1_134' title='bbox 662 1729 696 1792; x_wconf 90' lang='lat' dir='ltr'><strong>iu</strong></span> <span class='ocrx_word' id='word_1_135' title='bbox 722 1729 801 1793; x_wconf 87' lang='lat' dir='ltr'><strong>alios</strong></span> <span class='ocrx_word' id='word_1_136' title='bbox 823 1751 1011 1794; x_wconf 87' lang='lat' dir='ltr'><strong>exscensum</strong></span> <span class='ocrx_word' id='word_1_137' title='bbox 1034 1731 1165 1796; x_wconf 77' lang='lat' dir='ltr'><strong>novistis</strong></span> 
     </span>
     <span class='ocr_line' id='line_1_17' title="bbox 129 1812 1165 1904; baseline 0.004 -26"><span class='ocrx_word' id='word_1_138' title='bbox 129 1814 230 1898; x_wconf 85' lang='lat' dir='ltr'><strong>(quod</strong></span> <span class='ocrx_word' id='word_1_139' title='bbox 245 1814 344 1900; x_wconf 87' lang='lat' dir='ltr'><strong>siquis</strong></span> <span class='ocrx_word' id='word_1_140' title='bbox 362 1812 502 1880; x_wconf 87' lang='lat' dir='ltr'><strong>hostium</strong></span> <span class='ocrx_word' id='word_1_141' title='bbox 518 1815 671 1902; x_wconf 87' lang='lat' dir='ltr'><strong>impetum</strong></span> <span class='ocrx_word' id='word_1_142' title='bbox 686 1814 810 1880; x_wconf 84' lang='lat' dir='ltr'><strong>fortiter</strong></span> <span class='ocrx_word' id='word_1_143' title='bbox 823 1816 985 1893; x_wconf 81' lang='lat' dir='ltr'><strong>sustineat,</strong></span> <span class='ocrx_word' id='word_1_144' title='bbox 1001 1837 1060 1880; x_wconf 88' lang='lat' dir='ltr'><strong>nec</strong></span> <span class='ocrx_word' id='word_1_145' title='bbox 1074 1818 1165 1904; x_wconf 85' lang='lat' dir='ltr'><strong>gravi</strong></span> 
     </span>
     <span class='ocr_line' id='line_1_18' title="bbox 124 1899 1164 1988; baseline 0.004 -25"><span class='ocrx_word' id='word_1_146' title='bbox 124 1899 282 1965; x_wconf 87' lang='lat' dir='ltr'><strong>fluctuum</strong></span> <span class='ocrx_word' id='word_1_147' title='bbox 297 1899 453 1965; x_wconf 84' lang='lat' dir='ltr'><strong>illisorum</strong></span> <span class='ocrx_word' id='word_1_148' title='bbox 468 1902 599 1988; x_wconf 88' lang='lat' dir='ltr'><strong>strepitu</strong></span> <span class='ocrx_word' id='word_1_149' title='bbox 615 1914 648 1965; x_wconf 88' lang='lat' dir='ltr'><strong>et</strong></span> <span class='ocrx_word' id='word_1_150' title='bbox 660 1900 777 1965; x_wconf 84' lang='lat' dir='ltr'><strong>minaci</strong></span> <span class='ocrx_word' id='word_1_151' title='bbox 791 1901 919 1965; x_wconf 86' lang='lat' dir='ltr'><strong>narium</strong></span> <span class='ocrx_word' id='word_1_152' title='bbox 932 1901 1164 1967; x_wconf 73' lang='lat' dir='ltr'><strong>incurrentium</strong></span> 
     </span>
     <span class='ocr_line' id='line_1_19' title="bbox 125 1985 1164 2072; baseline 0.005 -25"><span class='ocrx_word' id='word_1_153' title='bbox 125 1985 250 2070; x_wconf 86' lang='lat' dir='ltr'><strong>impetu</strong></span> <span class='ocrx_word' id='word_1_154' title='bbox 271 1987 399 2051; x_wconf 89' lang='lat' dir='ltr'><strong>territus</strong></span> <span class='ocrx_word' id='word_1_155' title='bbox 415 1986 551 2064; x_wconf 84' lang='lat' dir='ltr'><strong>recedat,</strong></span> <span class='ocrx_word' id='word_1_156' title='bbox 577 1988 603 2051; x_wconf 81' lang='lat' dir='ltr'><strong>ia</strong></span> <span class='ocrx_word' id='word_1_157' title='bbox 624 2005 787 2072; x_wconf 87' lang='lat' dir='ltr'><strong>nunquam</strong></span> <span class='ocrx_word' id='word_1_158' title='bbox 810 2007 868 2071; x_wconf 87' lang='lat' dir='ltr'><strong>per</strong></span> <span class='ocrx_word' id='word_1_159' title='bbox 890 1986 953 2049; x_wconf 86' lang='lat' dir='ltr'><strong>sim</strong></span> <span class='ocrx_word' id='word_1_160' title='bbox 974 1989 1164 2052; x_wconf 84' lang='lat' dir='ltr'><strong>summoveri</strong></span> 
     </span>
     <span class='ocr_line' id='line_1_20' title="bbox 125 2070 1163 2220; baseline 0.002 -85"><span class='ocrx_word' id='word_1_161' title='bbox 125 2073 254 2220; x_wconf 68' lang='lat' dir='ltr'><strong>possit)</strong></span> <span class='ocrx_word' id='word_1_162' title='bbox 268 2083 350 2136; x_wconf 90' lang='lat' dir='ltr'><strong>utet</strong></span> <span class='ocrx_word' id='word_1_163' title='bbox 365 2093 454 2137; x_wconf 89' lang='lat' dir='ltr'><strong>nunc</strong></span> <span class='ocrx_word' id='word_1_164' title='bbox 466 2073 647 2158; x_wconf 87' lang='lat' dir='ltr'><strong>persistatis,</strong></span> <span class='ocrx_word' id='word_1_165' title='bbox 663 2081 694 2136; x_wconf 89' lang='lat' dir='ltr'><strong>et</strong></span> <span class='ocrx_word' id='word_1_166' title='bbox 708 2084 851 2138; x_wconf 77' lang='lat' dir='ltr'><strong>arcentes</strong></span> <span class='ocrx_word' id='word_1_167' title='bbox 864 2070 987 2136; x_wconf 87' lang='lat' dir='ltr'><strong>hostem</strong></span> <span class='ocrx_word' id='word_1_168' title='bbox 1003 2072 1043 2137; x_wconf 85' lang='lat' dir='ltr'><strong>nd</strong></span> <span class='ocrx_word' id='word_1_169' title='bbox 1058 2072 1163 2158; x_wconf 88' lang='lat' dir='ltr'><strong>ipsum</strong></span> 
     </span>
     <span class='ocr_line' id='line_1_21' title="bbox 139 2156 1163 2243; baseline 0.001 -22"><span class='ocrx_word' id='word_1_170' title='bbox 139 2156 244 2222; x_wconf 85' lang='lat' dir='ltr'><strong>itteris</strong></span> <span class='ocrx_word' id='word_1_171' title='bbox 255 2157 405 2222; x_wconf 81' lang='lat' dir='ltr'><strong>salebrosi</strong></span> <span class='ocrx_word' id='word_1_172' title='bbox 416 2158 557 2237; x_wconf 90' lang='lat' dir='ltr'><strong>dorsum,</strong></span> <span class='ocrx_word' id='word_1_173' title='bbox 570 2171 602 2223; x_wconf 89' lang='lat' dir='ltr'><strong>et</strong></span> <span class='ocrx_word' id='word_1_174' title='bbox 612 2179 670 2222; x_wconf 91' lang='lat' dir='ltr'><strong>nos</strong></span> <span class='ocrx_word' id='word_1_175' title='bbox 681 2159 768 2243; x_wconf 89' lang='lat' dir='ltr'><strong>ipsos</strong></span> <span class='ocrx_word' id='word_1_176' title='bbox 781 2157 929 2222; x_wconf 87' lang='lat' dir='ltr'><strong>stlocum</strong></span> <span class='ocrx_word' id='word_1_177' title='bbox 942 2159 1163 2223; x_wconf 81' lang='lat' dir='ltr'><strong>conservetis.”</strong></span> 
     </span>
    </p>

    <p class='ocr_par' dir='ltr' id='par_1_3' title="bbox 122 2243 1253 3704">
     <span class='ocr_line' id='line_1_22' title="bbox 172 2243 1163 2311; baseline 0.003 -4"><span class='ocrx_word' id='word_1_178' title='bbox 172 2251 224 2308; x_wconf 94' lang='grc'><strong>11.</strong></span> <span class='ocrx_word' id='word_1_179' title='bbox 249 2243 332 2308; x_wconf 89' lang='lat' dir='ltr'><strong>Cum</strong></span> <span class='ocrx_word' id='word_1_180' title='bbox 347 2257 453 2309; x_wconf 87' lang='lat' dir='ltr'><strong>autem</strong></span> <span class='ocrx_word' id='word_1_181' title='bbox 474 2243 708 2311; x_wconf 84' lang='lat' dir='ltr'><strong>Demosthenes</strong></span> <span class='ocrx_word' id='word_1_182' title='bbox 731 2243 782 2307; x_wconf 94' lang='lat' dir='ltr'><strong>his</strong></span> <span class='ocrx_word' id='word_1_183' title='bbox 802 2255 927 2308; x_wconf 85' lang='lat' dir='ltr'><strong>tanturn</strong></span> <span class='ocrx_word' id='word_1_184' title='bbox 953 2243 1163 2310; x_wconf 83' lang='lat' dir='ltr'><strong>Athenienses</strong></span> 
     </span>
     <span class='ocr_line' id='line_1_23' title="bbox 123 2327 1162 2416; baseline 0.002 -24"><span class='ocrx_word' id='word_1_185' title='bbox 123 2327 313 2394; x_wconf 80' lang='lat' dir='ltr'><strong>abhortatur</strong></span> <span class='ocrx_word' id='word_1_186' title='bbox 332 2328 451 2406; x_wconf 88' lang='lat' dir='ltr'><strong>fuisset,</strong></span> <span class='ocrx_word' id='word_1_187' title='bbox 474 2330 521 2394; x_wconf 89' lang='lat' dir='ltr'><strong>illi</strong></span> <span class='ocrx_word' id='word_1_188' title='bbox 542 2333 696 2416; x_wconf 88' lang='lat' dir='ltr'><strong>majorem</strong></span> <span class='ocrx_word' id='word_1_189' title='bbox 709 2329 858 2397; x_wconf 85' lang='lat' dir='ltr'><strong>fiduciam</strong></span> <span class='ocrx_word' id='word_1_190' title='bbox 881 2330 988 2393; x_wconf 90' lang='lat' dir='ltr'><strong>animo</strong></span> <span class='ocrx_word' id='word_1_191' title='bbox 1009 2351 1162 2416; x_wconf 83' lang='lat' dir='ltr'><strong>concepe-</strong></span> 
     </span>
     <span class='ocr_line' id='line_1_24' title="bbox 124 2415 1162 2501; baseline 0.003 -23"><span class='ocrx_word' id='word_1_192' title='bbox 124 2427 213 2492; x_wconf 87' lang='lat' dir='ltr'><strong>runt,</strong></span> <span class='ocrx_word' id='word_1_193' title='bbox 229 2428 261 2480; x_wconf 83' lang='lat' dir='ltr'><strong>rt</strong></span> <span class='ocrx_word' id='word_1_194' title='bbox 275 2436 347 2479; x_wconf 89' lang='lat' dir='ltr'><strong>cum</strong></span> <span class='ocrx_word' id='word_1_195' title='bbox 364 2415 405 2480; x_wconf 87' lang='lat' dir='ltr'><strong>ad</strong></span> <span class='ocrx_word' id='word_1_196' title='bbox 419 2418 523 2501; x_wconf 87' lang='lat' dir='ltr'><strong>ipsum</strong></span> <span class='ocrx_word' id='word_1_197' title='bbox 538 2437 626 2481; x_wconf 87' lang='lat' dir='ltr'><strong>mare</strong></span> <span class='ocrx_word' id='word_1_198' title='bbox 638 2415 881 2492; x_wconf 84' lang='lat' dir='ltr'><strong>descendissent,</strong></span> <span class='ocrx_word' id='word_1_199' title='bbox 894 2415 941 2479; x_wconf 88' lang='lat' dir='ltr'><strong>ihi</strong></span> <span class='ocrx_word' id='word_1_200' title='bbox 955 2437 989 2482; x_wconf 90' lang='lat' dir='ltr'><strong>se</strong></span> <span class='ocrx_word' id='word_1_201' title='bbox 1003 2419 1041 2480; x_wconf 89' lang='lat' dir='ltr'><strong>ad</strong></span> <span class='ocrx_word' id='word_1_202' title='bbox 1057 2415 1162 2481; x_wconf 88' lang='lat' dir='ltr'><strong>hostes</strong></span> 
     </span>
     <span class='ocr_line' id='line_1_25' title="bbox 123 2501 1162 2602; baseline 0.002 -38"><span class='ocrx_word' id='word_1_203' title='bbox 123 2501 794 2602; x_wconf 84' lang='lat' dir='ltr'><strong>propulsandumacieinatructapararunt.</strong></span> <span class='ocrx_word' id='word_1_204' title='bbox 827 2501 1064 2566; x_wconf 81' lang='lat' dir='ltr'><strong>Lacedaemonii</strong></span> <span class='ocrx_word' id='word_1_205' title='bbox 1074 2523 1162 2580; x_wconf 86' lang='lat' dir='ltr'><strong>vero,</strong></span> 
     </span>
     <span class='ocr_line' id='line_1_26' title="bbox 123 2585 1164 2672; baseline 0 -22"><span class='ocrx_word' id='word_1_206' title='bbox 123 2587 222 2651; x_wconf 88' lang='lat' dir='ltr'><strong>motis</strong></span> <span class='ocrx_word' id='word_1_207' title='bbox 243 2588 363 2665; x_wconf 86' lang='lat' dir='ltr'><strong>castris,</strong></span> <span class='ocrx_word' id='word_1_208' title='bbox 378 2589 520 2653; x_wconf 84' lang='lat' dir='ltr'><strong>terrestri</strong></span> <span class='ocrx_word' id='word_1_209' title='bbox 535 2599 675 2652; x_wconf 78' lang='lat' dir='ltr'><strong>exercitu</strong></span> <span class='ocrx_word' id='word_1_210' title='bbox 695 2585 892 2672; x_wconf 85' lang='lat' dir='ltr'><strong>navibusque</strong></span> <span class='ocrx_word' id='word_1_211' title='bbox 906 2587 1006 2652; x_wconf 83' lang='lat' dir='ltr'><strong>XLII</strong></span> <span class='ocrx_word' id='word_1_212' title='bbox 1010 2587 1037 2652; x_wconf 90' lang='lat'><strong>1.</strong></span> <span class='ocrx_word' id='word_1_213' title='bbox 1059 2587 1164 2651; x_wconf 78' lang='lat' dir='ltr'><strong>muni-</strong></span> 
     </span>
     <span class='ocr_line' id='line_1_27' title="bbox 122 2672 1253 2762; baseline 0.002 -26"><span class='ocrx_word' id='word_1_214' title='bbox 122 2673 231 2738; x_wconf 86' lang='lat' dir='ltr'><strong>tiones</strong></span> <span class='ocrx_word' id='word_1_215' title='bbox 245 2675 384 2762; x_wconf 77' lang='lat' dir='ltr'><strong>aggressi</strong></span> <span class='ocrx_word' id='word_1_216' title='bbox 398 2685 484 2738; x_wconf 84' lang='lat' dir='ltr'><strong>sunt.</strong></span> <span class='ocrx_word' id='word_1_217' title='bbox 527 2672 663 2738; x_wconf 87' lang='lat' dir='ltr'><strong>Illorum</strong></span> <span class='ocrx_word' id='word_1_218' title='bbox 677 2684 783 2738; x_wconf 87' lang='lat' dir='ltr'><strong>autem</strong></span> <span class='ocrx_word' id='word_1_219' title='bbox 798 2672 904 2737; x_wconf 86' lang='lat' dir='ltr'><strong>classis</strong></span> <span class='ocrx_word' id='word_1_220' title='bbox 914 2673 1082 2758; x_wconf 80' lang='lat' dir='ltr'><strong>praelectus</strong></span> <span class='ocrx_word' id='word_1_221' title='bbox 1096 2687 1166 2738; x_wconf 83' lang='lat' dir='ltr'><strong>erut</strong></span> <span class='ocrx_word' id='word_1_222' title='bbox 1247 2741 1253 2756; x_wconf 68' lang='grc'><em>,</em></span> 
     </span>
     <span class='ocr_line' id='line_1_28' title="bbox 124 2757 1165 2846; baseline 0.003 -24"><span class='ocrx_word' id='word_1_223' title='bbox 124 2757 388 2846; x_wconf 86' lang='lat' dir='ltr'><strong>Thrasymelidas</strong></span> <span class='ocrx_word' id='word_1_224' title='bbox 403 2759 687 2844; x_wconf 76' lang='lat' dir='ltr'><strong>CratcsiclisJiIius,</strong></span> <span class='ocrx_word' id='word_1_225' title='bbox 700 2759 886 2844; x_wconf 74' lang='lat' dir='ltr'><strong>Spumanus.</strong></span> <span class='ocrx_word' id='word_1_226' title='bbox 931 2759 1057 2846; x_wconf 83' lang='lat' dir='ltr'><strong>Easque</strong></span> <span class='ocrx_word' id='word_1_227' title='bbox 1071 2759 1113 2824; x_wconf 78' lang='lat' dir='ltr'><strong>nb</strong></span> <span class='ocrx_word' id='word_1_228' title='bbox 1126 2781 1165 2825; x_wconf 83' lang='lat' dir='ltr'><strong>es</strong></span> 
     </span>
     <span class='ocr_line' id='line_1_29' title="bbox 123 2844 1163 2946; baseline 0.001 -36"><span class='ocrx_word' id='word_1_229' title='bbox 123 2857 218 2928; x_wconf 85' lang='lat' dir='ltr'><strong>perte</strong></span> <span class='ocrx_word' id='word_1_230' title='bbox 244 2847 368 2928; x_wconf 76' lang='lat' dir='ltr'><strong>Invasit,</strong></span> <span class='ocrx_word' id='word_1_231' title='bbox 393 2869 455 2932; x_wconf 88' lang='lat' dir='ltr'><strong>qua</strong></span> <span class='ocrx_word' id='word_1_232' title='bbox 484 2844 719 2911; x_wconf 85' lang='lat' dir='ltr'><strong>Demosthenes</strong></span> <span class='ocrx_word' id='word_1_233' title='bbox 747 2845 817 2910; x_wconf 80' lang='lat' dir='ltr'><strong>illos</strong></span> <span class='ocrx_word' id='word_1_234' title='bbox 839 2855 979 2911; x_wconf 76' lang='lat' dir='ltr'><strong>oentcros</strong></span> <span class='ocrx_word' id='word_1_235' title='bbox 1007 2844 1163 2946; x_wconf 80' lang='lat' dir='ltr'><strong>sperabat</strong></span> 
     </span>
     <span class='ocr_line' id='line_1_30' title="bbox 124 2931 1165 3017; baseline -0.001 -20"><span class='ocrx_word' id='word_1_236' title='bbox 124 2931 339 2998; x_wconf 83' lang='lat' dir='ltr'><strong>AthenIcuses</strong></span> <span class='ocrx_word' id='word_1_237' title='bbox 353 2953 428 2997; x_wconf 89' lang='lat' dir='ltr'><strong>vero</strong></span> <span class='ocrx_word' id='word_1_238' title='bbox 442 2944 474 2996; x_wconf 89' lang='lat' dir='ltr'><strong>et</strong></span> <span class='ocrx_word' id='word_1_239' title='bbox 488 2932 547 3016; x_wconf 91' lang='lat' dir='ltr'><strong>ipsi</strong></span> <span class='ocrx_word' id='word_1_240' title='bbox 564 2931 712 3017; x_wconf 88' lang='lat' dir='ltr'><strong>utrinque</strong></span> <span class='ocrx_word' id='word_1_241' title='bbox 726 2952 745 2994; x_wconf 92' lang='lat' dir='ltr'><strong>a</strong></span> <span class='ocrx_word' id='word_1_242' title='bbox 759 2942 845 2995; x_wconf 87' lang='lat' dir='ltr'><strong>terra</strong></span> <span class='ocrx_word' id='word_1_243' title='bbox 866 2943 898 2995; x_wconf 89' lang='lat' dir='ltr'><strong>et</strong></span> <span class='ocrx_word' id='word_1_244' title='bbox 913 2954 932 2994; x_wconf 89' lang='lat' dir='ltr'><strong>a</strong></span> <span class='ocrx_word' id='word_1_245' title='bbox 946 2953 1027 2996; x_wconf 85' lang='lat' dir='ltr'><strong>man</strong></span> <span class='ocrx_word' id='word_1_246' title='bbox 1041 2931 1165 2997; x_wconf 88' lang='lat' dir='ltr'><strong>hostem</strong></span> 
     </span>
     <span class='ocr_line' id='line_1_31' title="bbox 122 3016 1165 3104; baseline 0.002 -25"><span class='ocrx_word' id='word_1_247' title='bbox 122 3016 369 3102; x_wconf 74' lang='lat' dir='ltr'><strong>propulsabant.</strong></span> <span class='ocrx_word' id='word_1_248' title='bbox 414 3017 467 3082; x_wconf 91' lang='lat' dir='ltr'><strong>Illi</strong></span> <span class='ocrx_word' id='word_1_249' title='bbox 480 3037 557 3081; x_wconf 89' lang='lat' dir='ltr'><strong>vero</strong></span> <span class='ocrx_word' id='word_1_250' title='bbox 577 3016 708 3082; x_wconf 84' lang='lat' dir='ltr'><strong>classem</strong></span> <span class='ocrx_word' id='word_1_251' title='bbox 728 3016 847 3102; x_wconf 87' lang='lat' dir='ltr'><strong>partiti,</strong></span> <span class='ocrx_word' id='word_1_252' title='bbox 870 3037 943 3080; x_wconf 88' lang='lat' dir='ltr'><strong>curn</strong></span> <span class='ocrx_word' id='word_1_253' title='bbox 966 3019 1086 3104; x_wconf 81' lang='lat' dir='ltr'><strong>exiguo</strong></span> <span class='ocrx_word' id='word_1_254' title='bbox 1108 3039 1165 3081; x_wconf 88' lang='lat' dir='ltr'><strong>ns·</strong></span> 
     </span>
     <span class='ocr_line' id='line_1_32' title="bbox 123 3101 1164 3190; baseline 0.001 -24"><span class='ocrx_word' id='word_1_255' title='bbox 123 3103 214 3167; x_wconf 82' lang='lat' dir='ltr'><strong>sium</strong></span> <span class='ocrx_word' id='word_1_256' title='bbox 237 3121 381 3183; x_wconf 83' lang='lat' dir='ltr'><strong>numero,</strong></span> <span class='ocrx_word' id='word_1_257' title='bbox 403 3102 584 3190; x_wconf 83' lang='lat' dir='ltr'><strong>quodcum</strong></span> <span class='ocrx_word' id='word_1_258' title='bbox 606 3104 726 3188; x_wconf 87' lang='lat' dir='ltr'><strong>majore</strong></span> <span class='ocrx_word' id='word_1_259' title='bbox 747 3103 788 3166; x_wconf 83' lang='lat' dir='ltr'><strong>ed</strong></span> <span class='ocrx_word' id='word_1_260' title='bbox 809 3101 897 3166; x_wconf 86' lang='lat' dir='ltr'><strong>littus</strong></span> <span class='ocrx_word' id='word_1_261' title='bbox 912 3102 1078 3186; x_wconf 81' lang='lat' dir='ltr'><strong>appellere</strong></span> <span class='ocrx_word' id='word_1_262' title='bbox 1097 3123 1164 3167; x_wconf 85' lang='lat' dir='ltr'><strong>nnn</strong></span> 
     </span>
     <span class='ocr_line' id='line_1_33' title="bbox 123 3187 1165 3274; baseline 0.001 -22"><span class='ocrx_word' id='word_1_263' title='bbox 123 3202 268 3274; x_wconf 88' lang='lat' dir='ltr'><strong>possent,</strong></span> <span class='ocrx_word' id='word_1_264' title='bbox 291 3201 324 3254; x_wconf 91' lang='lat' dir='ltr'><strong>et</strong></span> <span class='ocrx_word' id='word_1_265' title='bbox 344 3198 471 3254; x_wconf 77' lang='lat' dir='ltr'><strong>caeterm</strong></span> <span class='ocrx_word' id='word_1_266' title='bbox 491 3209 585 3254; x_wconf 76' lang='lat' dir='ltr'><strong>moes</strong></span> <span class='ocrx_word' id='word_1_267' title='bbox 607 3191 724 3253; x_wconf 78' lang='lat' dir='ltr'><strong>intereo</strong></span> <span class='ocrx_word' id='word_1_268' title='bbox 746 3187 907 3273; x_wconf 85' lang='lat' dir='ltr'><strong>quiescere</strong></span> <span class='ocrx_word' id='word_1_269' title='bbox 926 3189 1083 3272; x_wconf 87' lang='lat' dir='ltr'><strong>jubentes,</strong></span> <span class='ocrx_word' id='word_1_270' title='bbox 1107 3208 1165 3272; x_wconf 88' lang='lat' dir='ltr'><strong>per</strong></span> 
     </span>
     <span class='ocr_line' id='line_1_34' title="bbox 123 3272 1165 3424; baseline -0.001 -85"><span class='ocrx_word' id='word_1_271' title='bbox 123 3275 212 3339; x_wconf 82' lang='lat' dir='ltr'><strong>vices</strong></span> <span class='ocrx_word' id='word_1_272' title='bbox 237 3275 390 3358; x_wconf 86' lang='lat' dir='ltr'><strong>impetum</strong></span> <span class='ocrx_word' id='word_1_273' title='bbox 414 3273 585 3352; x_wconf 77' lang='lat' dir='ltr'><strong>faciebant,</strong></span> <span class='ocrx_word' id='word_1_274' title='bbox 608 3272 760 3424; x_wconf 50' lang='lat' dir='ltr'><strong>omnffe</strong></span> <span class='ocrx_word' id='word_1_275' title='bbox 782 3273 879 3337; x_wconf 85' lang='lat' dir='ltr'><strong>animi</strong></span> <span class='ocrx_word' id='word_1_276' title='bbox 907 3274 1165 3338; x_wconf 75' lang='lat' dir='ltr'><strong>contentionem</strong></span> 
     </span>
     <span class='ocr_line' id='line_1_35' title="bbox 123 3358 1164 3444; baseline -0.003 -19"><span class='ocrx_word' id='word_1_277' title='bbox 123 3360 351 3426; x_wconf 82' lang='lat' dir='ltr'><strong>adhortatione</strong></span> <span class='ocrx_word' id='word_1_278' title='bbox 372 3371 504 3437; x_wconf 85' lang='lat' dir='ltr'><strong>utentes,</strong></span> <span class='ocrx_word' id='word_1_279' title='bbox 519 3360 546 3425; x_wconf 91' lang='lat' dir='ltr'><strong>si</strong></span> <span class='ocrx_word' id='word_1_280' title='bbox 588 3382 632 3424; x_wconf 92' lang='lat' dir='ltr'><strong>uo</strong></span> <span class='ocrx_word' id='word_1_281' title='bbox 647 3381 676 3423; x_wconf 92' lang='lat' dir='ltr'><strong>m</strong></span> <span class='ocrx_word' id='word_1_282' title='bbox 724 3381 745 3422; x_wconf 94' lang='grc' dir='ltr'>ο</span> <span class='ocrx_word' id='word_1_283' title='bbox 766 3358 889 3444; x_wconf 88' lang='lat' dir='ltr'><strong>rejectis</strong></span> <span class='ocrx_word' id='word_1_284' title='bbox 905 3359 1037 3422; x_wconf 66' lang='lat' dir='ltr'><strong>hostibus</strong></span> <span class='ocrx_word' id='word_1_285' title='bbox 1059 3359 1164 3423; x_wconf 91' lang='lat' dir='ltr'><strong>muni-</strong></span> 
     </span>
     <span class='ocr_line' id='line_1_36' title="bbox 123 3444 1165 3533; baseline -0.001 -21"><span class='ocrx_word' id='word_1_286' title='bbox 123 3449 248 3512; x_wconf 89' lang='lat' dir='ltr'><strong>tionem</strong></span> <span class='ocrx_word' id='word_1_287' title='bbox 263 3467 377 3533; x_wconf 87' lang='lat' dir='ltr'><strong>capere</strong></span> <span class='ocrx_word' id='word_1_288' title='bbox 396 3459 534 3532; x_wconf 79' lang='lat' dir='ltr'><strong>possem.</strong></span> <span class='ocrx_word' id='word_1_289' title='bbox 609 3444 729 3510; x_wconf 86' lang='lat' dir='ltr'><strong>rasidas</strong></span> <span class='ocrx_word' id='word_1_290' title='bbox 743 3457 848 3510; x_wconf 86' lang='lat' dir='ltr'><strong>autem</strong></span> <span class='ocrx_word' id='word_1_291' title='bbox 863 3445 1005 3508; x_wconf 87' lang='lat' dir='ltr'><strong>omnium</strong></span> <span class='ocrx_word' id='word_1_292' title='bbox 1027 3445 1165 3511; x_wconf 83' lang='lat' dir='ltr'><strong>maxime</strong></span> 
     </span>
     <span class='ocr_line' id='line_1_37' title="bbox 123 3531 1166 3616; baseline -0.002 -18"><span class='ocrx_word' id='word_1_293' title='bbox 123 3533 316 3616; x_wconf 88' lang='lat' dir='ltr'><strong>conspicuus</strong></span> <span class='ocrx_word' id='word_1_294' title='bbox 339 3533 470 3598; x_wconf 83' lang='lat' dir='ltr'><strong>exstitit.</strong></span> <span class='ocrx_word' id='word_1_295' title='bbox 496 3554 570 3598; x_wconf 87' lang='lat' dir='ltr'><strong>cum</strong></span> <span class='ocrx_word' id='word_1_296' title='bbox 585 3532 669 3596; x_wconf 90' lang='lat' dir='ltr'><strong>enim</strong></span> <span class='ocrx_word' id='word_1_297' title='bbox 684 3546 764 3596; x_wconf 84' lang='lat' dir='ltr'><strong>esset</strong></span> <span class='ocrx_word' id='word_1_298' title='bbox 786 3551 868 3594; x_wconf 90' lang='lat' dir='ltr'><strong>unus</strong></span> <span class='ocrx_word' id='word_1_299' title='bbox 885 3553 903 3594; x_wconf 89' lang='lat' dir='ltr'><strong>e</strong></span> <span class='ocrx_word' id='word_1_300' title='bbox 925 3531 1116 3610; x_wconf 82' lang='lat' dir='ltr'><strong>trierarchis,</strong></span> <span class='ocrx_word' id='word_1_301' title='bbox 1132 3545 1166 3596; x_wconf 86' lang='lat' dir='ltr'><strong>et</strong></span> 
     </span>
     <span class='ocr_line' id='line_1_38' title="bbox 123 3616 1166 3704; baseline 0.001 -22"><span class='ocrx_word' id='word_1_302' title='bbox 123 3618 251 3684; x_wconf 84' lang='lat' dir='ltr'><strong>videret</strong></span> <span class='ocrx_word' id='word_1_303' title='bbox 265 3631 395 3704; x_wconf 89' lang='lat' dir='ltr'><strong>propter</strong></span> <span class='ocrx_word' id='word_1_304' title='bbox 410 3617 471 3683; x_wconf 91' lang='lat' dir='ltr'><strong>loci</strong></span> <span class='ocrx_word' id='word_1_305' title='bbox 485 3629 517 3684; x_wconf 91' lang='lat' dir='ltr'><strong>et</strong></span> <span class='ocrx_word' id='word_1_306' title='bbox 535 3639 677 3684; x_wconf 84' lang='lat' dir='ltr'><strong>accessus</strong></span> <span class='ocrx_word' id='word_1_307' title='bbox 690 3616 907 3682; x_wconf 89' lang='lat' dir='ltr'><strong>difficultatem</strong></span> <span class='ocrx_word' id='word_1_308' title='bbox 929 3616 1119 3682; x_wconf 78' lang='lat' dir='ltr'><strong>trierarchos</strong></span> <span class='ocrx_word' id='word_1_309' title='bbox 1132 3629 1166 3683; x_wconf 87' lang='lat' dir='ltr'><strong>et</strong></span> 
     </span>
    </p>

    <p class='ocr_par' dir='ltr' id='par_1_4' title="bbox 173 3702 1165 3791">
     <span class='ocr_line' id='line_1_39' title="bbox 173 3702 1165 3791; baseline -0.002 -21"><span class='ocrx_word' id='word_1_310' title='bbox 173 3704 368 3782; x_wconf 73' lang='lat' dir='ltr'><strong>ber-namma,</strong></span> <span class='ocrx_word' id='word_1_311' title='bbox 386 3705 519 3791; x_wconf 89' lang='lat' dir='ltr'><strong>siquam</strong></span> <span class='ocrx_word' id='word_1_312' title='bbox 533 3705 627 3770; x_wconf 87' lang='lat' dir='ltr'><strong>etiam</strong></span> <span class='ocrx_word' id='word_1_313' title='bbox 650 3703 691 3769; x_wconf 87' lang='lat' dir='ltr'><strong>ad</strong></span> <span class='ocrx_word' id='word_1_314' title='bbox 705 3715 828 3789; x_wconf 90' lang='lat' dir='ltr'><strong>partem</strong></span> <span class='ocrx_word' id='word_1_315' title='bbox 844 3702 951 3766; x_wconf 78' lang='lat' dir='ltr'><strong>accedi</strong></span> <span class='ocrx_word' id='word_1_316' title='bbox 972 3722 1064 3787; x_wconf 88' lang='lat' dir='ltr'><strong>posse</strong></span> <span class='ocrx_word' id='word_1_317' title='bbox 1077 3703 1165 3769; x_wconf 84' lang='lat' dir='ltr'><strong>vide·</strong></span> 
     </span>
    </p>

    <p class='ocr_par' dir='ltr' id='par_1_5' title="bbox 125 3787 1208 4050">
     <span class='ocr_line' id='line_1_40' title="bbox 168 3787 1164 3876; baseline -0.004 -19"><span class='ocrx_word' id='word_1_318' title='bbox 168 3802 234 3868; x_wconf 87' lang='lat' dir='ltr'><strong>tur,</strong></span> <span class='ocrx_word' id='word_1_319' title='bbox 265 3789 478 3868; x_wconf 77' lang='lat' dir='ltr'><strong>formidantes,</strong></span> <span class='ocrx_word' id='word_1_320' title='bbox 504 3801 537 3855; x_wconf 90' lang='lat' dir='ltr'><strong>et</strong></span> <span class='ocrx_word' id='word_1_321' title='bbox 561 3803 716 3866; x_wconf 85' lang='lat' dir='ltr'><strong>caventes,</strong></span> <span class='ocrx_word' id='word_1_322' title='bbox 743 3810 785 3853; x_wconf 91' lang='lat' dir='ltr'><strong>ne</strong></span> <span class='ocrx_word' id='word_1_323' title='bbox 802 3809 897 3854; x_wconf 84' lang='lat' dir='ltr'><strong>nares</strong></span> <span class='ocrx_word' id='word_1_324' title='bbox 918 3787 1164 3876; x_wconf 80' lang='lat' dir='ltr'><strong>confringerent,</strong></span> 
     </span>
     <span class='ocr_line' id='line_1_41' title="bbox 126 3874 1208 3961; baseline -0.001 -20"><span class='ocrx_word' id='word_1_325' title='bbox 126 3875 373 3953; x_wconf 85' lang='lat' dir='ltr'><strong>vociferabatur,</strong></span> <span class='ocrx_word' id='word_1_326' title='bbox 389 3876 497 3942; x_wconf 89' lang='lat' dir='ltr'><strong>dicens</strong></span> <span class='ocrx_word' id='word_1_327' title='bbox 518 3898 585 3941; x_wconf 90' lang='lat' dir='ltr'><strong>non</strong></span> <span class='ocrx_word' id='word_1_328' title='bbox 597 3875 709 3939; x_wconf 89' lang='lat' dir='ltr'><strong>decere</strong></span> <span class='ocrx_word' id='word_1_329' title='bbox 719 3875 813 3960; x_wconf 91' lang='lat' dir='ltr'><strong>ipsos,</strong></span> <span class='ocrx_word' id='word_1_330' title='bbox 825 3874 902 3938; x_wconf 91' lang='lat' dir='ltr'><strong>dum</strong></span> <span class='ocrx_word' id='word_1_331' title='bbox 917 3874 1010 3961; x_wconf 79' lang='lat' dir='ltr'><strong>lignis</strong></span> <span class='ocrx_word' id='word_1_332' title='bbox 1021 3886 1166 3960; x_wconf 84' lang='lat' dir='ltr'><strong>parcunt,</strong></span> <span class='ocrx_word' id='word_1_333' title='bbox 1200 3955 1208 3960; x_wconf 26' lang='grc' dir='ltr'>ι</span> 
     </span>
     <span class='ocr_line' id='line_1_42' title="bbox 125 3959 1167 4050; baseline -0.003 -22"><span class='ocrx_word' id='word_1_334' title='bbox 125 3963 338 4029; x_wconf 84' lang='lat' dir='ltr'><strong>munitionem</strong></span> <span class='ocrx_word' id='word_1_335' title='bbox 353 3963 386 4027; x_wconf 91' lang='lat' dir='ltr'><strong>in</strong></span> <span class='ocrx_word' id='word_1_336' title='bbox 400 3985 455 4029; x_wconf 78' lang='lat' dir='ltr'><strong>nro</strong></span> <span class='ocrx_word' id='word_1_337' title='bbox 468 3983 547 4050; x_wconf 85' lang='lat' dir='ltr'><strong>agro</strong></span> <span class='ocrx_word' id='word_1_338' title='bbox 562 3961 603 4026; x_wconf 90' lang='lat' dir='ltr'><strong>ab</strong></span> <span class='ocrx_word' id='word_1_339' title='bbox 615 3959 761 4026; x_wconf 87' lang='lat' dir='ltr'><strong>hostibus</strong></span> <span class='ocrx_word' id='word_1_340' title='bbox 772 3971 965 4025; x_wconf 86' lang='lat' dir='ltr'><strong>exstructam</strong></span> <span class='ocrx_word' id='word_1_341' title='bbox 981 3961 1058 4045; x_wconf 88' lang='lat' dir='ltr'><strong>pati.</strong></span> <span class='ocrx_word' id='word_1_342' title='bbox 1073 3961 1167 4047; x_wconf 87' lang='lat' dir='ltr'><strong>quin·</strong></span> 
     </span>
    </p>
   </div>
   <div class='ocr_carea' id='block_1_3' title="bbox 127 4149 1274 4342">
    <p class='ocr_par' dir='ltr' id='par_1_6' title="bbox 127 4149 1274 4342">
     <span class='ocr_line' id='line_1_43' title="bbox 160 4149 1274 4214; baseline -0.006 -12"><span class='ocrx_word' id='word_1_343' title='bbox 160 4149 323 4214; x_wconf 73' lang='lat' dir='ltr'><strong>klpmmqus</strong></span> <span class='ocrx_word' id='word_1_344' title='bbox 338 4153 434 4200; x_wconf 85' lang='lat' dir='ltr'><strong>hostem</strong></span> <span class='ocrx_word' id='word_1_345' title='bbox 445 4153 582 4213; x_wconf 72' lang='lat' dir='ltr'><strong>graviorem</strong></span> <span class='ocrx_word' id='word_1_346' title='bbox 593 4151 650 4198; x_wconf 84' lang='lat' dir='ltr'><strong>inda</strong></span> <span class='ocrx_word' id='word_1_347' title='bbox 660 4163 746 4198; x_wconf 73' lang='lat' dir='ltr'><strong>armus</strong></span> <span class='ocrx_word' id='word_1_348' title='bbox 756 4149 874 4210; x_wconf 82' lang='lat' dir='ltr'><strong>habituri,</strong></span> <span class='ocrx_word' id='word_1_349' title='bbox 885 4149 911 4196; x_wconf 86' lang='lat' dir='ltr'><strong>ia</strong></span> <span class='ocrx_word' id='word_1_350' title='bbox 922 4162 952 4198; x_wconf 84' lang='lat' dir='ltr'><strong>ea</strong></span> <span class='ocrx_word' id='word_1_351' title='bbox 968 4151 1021 4196; x_wconf 82' lang='lat' dir='ltr'><strong>loca</strong></span> <span class='ocrx_word' id='word_1_352' title='bbox 1030 4150 1166 4209; x_wconf 76' lang='lat' dir='ltr'><strong>redamum,</strong></span> <span class='ocrx_word' id='word_1_353' title='bbox 1271 4171 1274 4178; x_wconf 91' lang='lat'>·</span> 
     </span>
     <span class='ocr_line' id='line_1_44' title="bbox 127 4213 1137 4280; baseline -0.006 -14"><span class='ocrx_word' id='word_1_354' title='bbox 127 4219 194 4266; x_wconf 81' lang='lat' dir='ltr'><strong>unde</strong></span> <span class='ocrx_word' id='word_1_355' title='bbox 210 4224 323 4280; x_wconf 83' lang='lat' dir='ltr'><strong>receptus</strong></span> <span class='ocrx_word' id='word_1_356' title='bbox 337 4218 394 4278; x_wconf 87' lang='lat' dir='ltr'><strong>ipsi,</strong></span> <span class='ocrx_word' id='word_1_357' title='bbox 404 4218 451 4264; x_wconf 87' lang='lat' dir='ltr'><strong>etsi</strong></span> <span class='ocrx_word' id='word_1_358' title='bbox 462 4230 477 4264; x_wconf 83' lang='lat' dir='ltr'><strong>a</strong></span> <span class='ocrx_word' id='word_1_359' title='bbox 488 4217 557 4263; x_wconf 87' lang='lat' dir='ltr'><strong>nobis</strong></span> <span class='ocrx_word' id='word_1_360' title='bbox 569 4221 693 4276; x_wconf 77' lang='lat' dir='ltr'><strong>urgeatur,</strong></span> <span class='ocrx_word' id='word_1_361' title='bbox 703 4215 781 4262; x_wconf 84' lang='lat' dir='ltr'><strong>facilis</strong></span> <span class='ocrx_word' id='word_1_362' title='bbox 792 4228 840 4262; x_wconf 83' lang='lat' dir='ltr'><strong>non</strong></span> <span class='ocrx_word' id='word_1_363' title='bbox 852 4215 891 4261; x_wconf 87' lang='lat' dir='ltr'><strong>sit.</strong></span> <span class='ocrx_word' id='word_1_364' title='bbox 907 4213 1016 4261; x_wconf 71' lang='lat' dir='ltr'><strong>Aradus.</strong></span> <span class='ocrx_word' id='word_1_365' title='bbox 1050 4213 1137 4262; x_wconf 76' lang='lat' dir='ltr'><strong>liuns.</strong></span> 
     </span>
     <span class='ocr_line' id='line_1_45' title="bbox 162 4275 1167 4342; baseline -0.012 -6"><span class='ocrx_word' id='word_1_366' title='bbox 162 4278 280 4336; x_wconf 81' lang='lat' dir='ltr'><strong>¹Quibus</strong></span> <span class='ocrx_word' id='word_1_367' title='bbox 303 4295 400 4332; x_wconf 73' lang='lat' dir='ltr'><strong>necem</strong></span> <span class='ocrx_word' id='word_1_368' title='bbox 422 4288 459 4330; x_wconf 88' lang='lat' dir='ltr'><strong>est</strong></span> <span class='ocrx_word' id='word_1_369' title='bbox 481 4281 616 4342; x_wconf 78' lang='lat' dir='ltr'><strong>periculosa</strong></span> <span class='ocrx_word' id='word_1_370' title='bbox 633 4280 714 4328; x_wconf 82' lang='lat' dir='ltr'><strong>multa</strong></span> <span class='ocrx_word' id='word_1_371' title='bbox 735 4279 883 4340; x_wconf 79' lang='lat' dir='ltr'><strong>contingere.</strong></span> <span class='ocrx_word' id='word_1_372' title='bbox 903 4278 976 4326; x_wconf 82' lang='lat' dir='ltr'><strong>Vallo.</strong></span> <span class='ocrx_word' id='word_1_373' title='bbox 1006 4277 1071 4325; x_wconf 84' lang='lat' dir='ltr'><strong>Vide</strong></span> <span class='ocrx_word' id='word_1_374' title='bbox 1092 4275 1167 4324; x_wconf 70' lang='lat' dir='ltr'><strong>Soloi</strong></span> 
     </span>
    </p>
   </div>
   <div class='ocr_carea' id='block_1_4' title="bbox 131 4347 682 4469">
    <p class='ocr_par' dir='ltr' id='par_1_7' title="bbox 131 4347 682 4469">
     <span class='ocr_line' id='line_1_46' title="bbox 131 4347 218 4400; baseline 0.069 -6"><span class='ocrx_word' id='word_1_375' title='bbox 131 4347 218 4400; x_wconf 77' lang='lat' dir='ltr'><strong>insat.</strong></span> 
     </span>
     <span class='ocr_line' id='line_1_47' title="bbox 626 4413 682 4469; baseline -0.018 0"><span class='ocrx_word' id='word_1_376' title='bbox 626 4425 648 4469; x_wconf 79' lang='lat' dir='ltr'>P</span> <span class='ocrx_word' id='word_1_377' title='bbox 663 4413 682 4468; x_wconf 76' lang='lat'><strong>2</strong></span> 
     </span>
    </p>
   </div>
   <div class='ocr_carea' id='block_1_5' title="bbox 0 0 1502 4788">
    <p class='ocr_par' dir='ltr' id='par_1_8' title="bbox 0 0 1502 4788">
     <span class='ocr_line' id='line_1_48' title="bbox 0 0 1502 4788; baseline 0 0"><span class='ocrx_word' id='word_1_378' title='bbox 0 0 1502 4788; x_wconf 95' lang='lat' dir='ltr'><strong> </strong></span> 
     </span>
    </p>
   </div>
  </div>
 </body>
</html>
