2994 4788
346 279 411 344 248
642 327 646 338 .
707 263 1009 338 THUCYDIDIS

252 459 313 510 ttett
347 465 437 510 cassu
448 463 490 512 ex
503 459 581 528 agro
594 437 788 528 Megarensi.
821 439 904 506 Nam
917 437 1047 524 quidum
1057 439 1172 538 court,
1187 437 1242 524 qui
1257 439 1291 504 in
1306 439 1379 506 ciri·

240 523 324 586 l’⁶¹⁰1'
348 529 466 596 tutibus
478 541 580 604 erent,
597 527 721 592 illoram
735 538 851 590 statum
867 539 1074 601 commutare,
1086 537 1118 588 et
1133 546 1167 588 ιιι
1181 525 1378 611 popularem,

232 589 330 716 (iffi,
346 616 450 703 qualis
463 627 531 680 erat
544 613 580 714 is,
592 635 657 699 quo
669 612 909 711 Atheniensium
923 611 1101 712 respuhlicu
1113 611 1294 698 regebatur,
1307 635 1381 712 ⁰⁰9·
1483 717 1485 728 A

242 717 319 892 ῗὲῐὲ·
345 696 1381 874 ἶιῗῗέἓιῖιῖἓῖἶῗὲἰξὲωἓὲῑὲἔὲἶῖἱῗιὶἒὲοἶῖἷὲιῖ“ἰιἪ
1483 811 1485 840 ι

249 862 319 963 add*
347 874 542 959 potissimum
567 885 687 949 autore,
712 868 799 935 hunc
824 870 856 934 in
883 869 1014 937 modum
1040 893 1091 934 res
1116 883 1381 956 preparaverant.
1483 939 1485 958 1

167 953 169 958 ’
348 960 489 1036 Quidam
506 957 619 1044 Siphas
632 979 688 1044 per
702 956 913 1042 proditionem
923 957 1048 1022 tradere
1061 968 1255 1021 statuerant:
1274 955 1383 1042 Siphoe
1483 983 1485 1030 t

346 1059 453 1112 autem
477 1059 553 1110 sunt
577 1044 731 1130 oppidum
754 1042 823 1126 egri
851 1040 1000 1128 Thespici
1026 1042 1229 1120 maritimum,
1251 1044 1286 1106 in
1312 1043 1381 1108 sinn
1484 1041 1485 1048 '

348 1132 473 1198 Crisaeo
484 1130 591 1196 situm.
637 1128 848 1194 Chaeroneam
860 1147 935 1192 vero
947 1135 1032 1214 (quse
1046 1129 1240 1193 'accensetur
1256 1128 1382 1194 Orcho-

347 1239 451 1295 meno,
469 1219 523 1302 qni
543 1217 630 1300 prius
644 1217 764 1300 quidem
787 1213 952 1300 Minyuus,
968 1235 1056 1278 nunc
1070 1235 1146 1278 vero
1168 1213 1315 1280 Boeotius
1329 1239 1383 1302 sp-
1485 1257 1486 1274 r

346 1305 497 1390 pellatur)
519 1302 573 1366 olii
594 1324 635 1366 ex
657 1299 863 1365 Orchomeno
884 1299 1022 1365 dedituri
1044 1313 1145 1366 erant.
1189 1299 1234 1365 Et
1257 1301 1383 1367 Orcho-
1485 1355 1486 1384 ,

348 1391 445 1456 urenii
459 1387 581 1454 exsules
596 1385 757 1472 praecipue
769 1408 820 1452 eos
830 1388 874 1450 od
886 1409 947 1452 rem
956 1389 1168 1471 peragendum
1179 1385 1230 1472 adj
1235 1390 1381 1465 uvabunt,
1485 1385 1486 1434 ἕ

347 1489 381 1542 et
394 1473 538 1540 homines
552 1494 594 1538 ex
609 1472 830 1556 Peloponneso
845 1473 990 1538 mercede
1008 1471 1242 1538 conducebant.
1289 1474 1383 1540 Chts-
1484 1485 1486 1520 ³

347 1583 446 1626 ronse
461 1572 566 1625 autem
588 1572 635 1624 est
648 1557 803 1644 oppidum
825 1559 857 1622 in
880 1559 1030 1624 extremis
1053 1558 1190 1628 Boeotiae
1205 1559 1325 1626 finibus
1343 1561 1383 1626 si·

349 1661 428 1724 tum,
454 1645 666 1712 Phanotidem
691 1665 807 1722 versus,
834 1667 907 1730 quae
933 1644 1034 1710 estin
1057 1667 1138 1728 agro
1157 1643 1328 1712 Phocensi.
1353 1660 1384 1712 et
1485 1691 1486 1698 ι

347 1732 491 1798 nonnulli
510 1731 689 1796 Phocenses
703 1751 776 1794 cunt
797 1730 920 1796 cereris
933 1730 1055 1796 colonis
1077 1731 1108 1794 in
1132 1754 1168 1796 ea
1182 1731 1381 1798 habitabant.

349 1817 529 1903 Oportebat
557 1830 662 1882 sutem
688 1819 787 1880 altero
813 1839 851 1880 en
874 1827 969 1899 parte
994 1817 1203 1882 Athenienses
1226 1840 1383 1904 occupare

348 1903 491 1984 Delium,
507 1902 668 1988 Apollinis
682 1901 847 1987 templum,
862 1901 895 1965 in
910 1924 989 1988 agro
1004 1904 1182 2003 Tanagroeo
1194 1903 1301 1982 situm,
1319 1905 1383 1970 Eu·

349 1993 458 2056 boearn
473 2013 590 2055 vorsus.
636 1986 737 2054 Simul
753 1987 846 2052 etiam
862 1987 932 2052 haec
955 1989 1020 2073 ipsa
1036 1989 1105 2053 flers
1125 1991 1287 2072 oportebat
1307 2013 1382 2058 con·

349 2075 435 2142 dicta
448 2075 511 2153 die,
527 2097 568 2140 ne
585 2075 691 2140 Boeoti
706 2073 924 2160 frequentibus
938 2075 1040 2160 copiis
1054 2075 1095 2140 ed
1117 2097 1212 2161 openr
1227 2075 1326 2142 Delio
1340 2077 1382 2142 fc·

349 2162 480 2229 rendam
503 2161 645 2262 undique
658 2174 902 2226 concurrerent:
925 2161 979 2226 sed
995 2160 1035 2225 de
1048 2163 1111 2226 suis
1125 2162 1269 2246 ipsorum
1292 2163 1383 2230 rebus

350 2249 468 2335 quique
490 2247 603 2312 soliciti
628 2244 668 2310 ad
695 2267 747 2310 eas
775 2245 924 2310 tutandas
946 2246 1232 2332 proficiscerentur.
1278 2248 1382 2327 Et,ai
1454 2325 1456 2330 ¹

350 2345 484 2398 conatus
499 2334 558 2398 iste
574 2331 704 2396 feliciter
719 2331 926 2410 successisset,
942 2349 974 2397 et
988 2332 1118 2400 Delium
1135 2355 1228 2399 muro
1243 2334 1382 2402 clausurn

348 2418 467 2496 fuisset,
483 2418 574 2484 facile
595 2416 775 2502 sperabant,
792 2418 887 2482 etiam
905 2420 931 2482 si
955 2441 1018 2482 non
1034 2421 1178 2504 protinus
1201 2420 1322 2507 aliquid
1337 2423 1382 2486 in·

348 2517 520 2572 novaretur
535 2505 568 2570 in
591 2502 913 2589 Rerumpuhlicernm
932 2505 1131 2570 Boeotiarnrn
1154 2519 1249 2584 statu,
1265 2509 1293 2573 si
1315 2508 1383 2572 hoec

348 2591 421 2660 loca
440 2605 596 2677 occupata
609 2589 750 2668 fuissent,
774 2605 806 2656 et
827 2611 902 2677 eger
923 2590 1097 2657 latrociniis
1117 2591 1333 2676 infestaretur,
1352 2608 1382 2660 et

349 2679 483 2764 singulis
497 2677 583 2743 brevi
594 2677 737 2742 locorum
753 2676 856 2761 spatio
868 2675 1046 2765 perfugium
1057 2693 1147 2758 esset,
1164 2701 1213 2744 res
1223 2680 1258 2744 in
1273 2680 1383 2746 eodem

351 2775 436 2829 statu
451 2785 516 2828 non
538 2783 779 2847 permansurus:
811 2761 865 2826 sed
888 2763 1038 2848 temporis
1052 2785 1233 2853 progressu,
1249 2767 1385 2833 Atheni·

350 2869 451 2926 enses,
467 2849 493 2913 si
504 2871 537 2913 se
551 2848 773 2934 adjunxissent
786 2846 834 2925 iis,
850 2849 904 2934 qui
919 2848 1113 2928 defecissent,
1130 2850 1176 2915 illi
1191 2875 1267 2918 vero
1282 2855 1386 2918 Booti

350 2956 416 3000 non
431 2933 619 3021 frequentes,
635 2944 670 2998 ut
683 2944 766 3011 ante,
778 2933 885 3019 copisa
899 2933 1063 3013 haberent,
1076 2958 1125 3002 res
1140 2936 1210 3002 illas
1224 2939 1258 3002 in
1268 2953 1386 3006 statum

349 3019 410 3171 fibi
434 3019 648 3098 commodum,
671 3019 873 3086 adducturos.
918 3021 1003 3088 Haec
1027 3023 1127 3111 igitur
1151 3023 1284 3090 consilia
1309 3027 1387 3092 inita

368 3121 490 3174 uerunt.

395 3199 447 3263 77.
468 3193 686 3280 ‚Hippocrates
701 3207 806 3260 autern
822 3215 895 3260 cum
917 3196 1046 3262 urbanis
1067 3197 1176 3284 copiis,
1193 3219 1294 3284 quum
1310 3212 1387 3264 tcm-

349 3293 641 3366 poropportunum
656 3279 777 3358 afforet,
793 3280 861 3365 ipse
882 3283 1011 3367 quidem
1030 3283 1148 3348 bellum
1172 3284 1300 3350 Boeotis
1320 3284 1389 3350 ills·

349 3381 440 3434 turus
454 3379 531 3432 erat.
575 3365 825 3432 Demosthenem
841 3387 916 3433 vero
934 3391 1006 3434 cunr
1029 3369 1241 3457 quadraginta
1255 3371 1389 3436 naribus

349 3453 552 3537 Naupactum
583 3451 748 3538 praemisit,
775 3468 821 3530 ut,
847 3467 958 3520 coacto
985 3477 1027 3520 ex
1057 3455 1118 3520 illis
1143 3455 1220 3521 locis
1245 3460 1389 3522 exercitu
1425 3519 1429 3528 .

349 3541 604 3604 Acarnanumet
617 3551 805 3603 ooetcrorurn
826 3539 997 3618 sociorum,
1012 3541 1055 3606 sd
1079 3541 1194 3625 Siphos
1211 3545 1390 3631 navigaret,

349 3622 1393 3799 tlt‘tlttlt,0,l³ttt¹¹‘t2iltt{tttttll‘tit‘t30¹¹:

1145 3758 1155 3791 ἱ

350 3794 495 3870 venisset,
507 3806 539 3857 et
553 3799 565 3833 ¹
577 3791 788 3860 OEnisdasab
799 3797 950 3862 universis
962 3799 1184 3864 Acarnanibus
1202 3801 1234 3864 in
1251 3799 1392 3866 Atheni-

350 3880 475 3946 ensium
484 3878 665 3945 sociotatem
674 3879 803 3946 adactos
814 3887 1142 3968 noctusetcomplmus
1150 3883 1269 3964 fuisset,
1280 3887 1392 3973 etipse

381 4101 389 4141 ¹
400 4111 545 4157 Contributa
556 4114 593 4156 ast
603 4107 718 4157 Orchom.
735 4087 846 4158 Aeacius.
881 4111 970 4161 liuns.

380 4172 627 4232 chI,OEniadasab
641 4174 754 4222 universa
770 4181 842 4234 gente
860 4179 1017 4227 hardenum
1036 4179 1060 4226 ri
1075 4181 1184 4242 eductos,
1203 4181 1228 4230 in
1245 4183 1394 4233 maistam
1487 4173 1488 4222 i

348 4238 490 4286 Atheniensi
492 4251 600 4285 uuuuu
601 4237 674 4297 pisset
687 4243 732 4285 stc.
767 4239 841 4286 inex.

1486 4105 1488 4140 l

1486 4145 1488 4172 ι

1487 4295 1488 4318 l

1486 4347 1488 4374 ι
