2982 4786
419 329 665 402 HISTORIAE
688 333 779 402 ΗΒ.
802 335 862 402 1v.
1094 341 1160 408 ste
1218 369 1222 376 ·

117 501 298 583 ittterrullo,
313 523 388 569 eum
402 503 491 570 omui
506 505 629 594 reliqw
642 507 786 574 exercitu
806 505 921 574 eonem
936 527 1063 574 Μ
1076 505 1159 573 d'dh·
1193 524 1256 573 usu.

116 589 211 654 silem
227 590 385 670 subiisset,
398 591 687 658 ‘vehementissime
708 593 890 680 trepidarit,
909 615 1089 681 perumque
1102 593 1159 660 sb·
1181 584 1265 652 ΜΡ·

117 675 188 754 fuit,
207 677 285 763 quin
308 692 394 743 totus
418 677 662 744 Atheniensium
685 681 843 745 exereitus
866 681 1053 749 vinceretur.
1098 681 1159 747 At=
1175 655 1273 780 0²15„ss

116 783 184 912 u:
205 763 398 927 ‘mutu
418 763 1161 930 itiuuuuuuuntntutu
1184 779 1262 893 tt·

118 947 216 1083 sustt.t
252 935 396 1001 Mendtei
416 957 501 1014 vero,
517 956 592 1001 ottus
612 959 681 1006 uox
703 875 889 1016 advenisset,
905 897 940 1004 in
961 939 1072 1004 urbem
1092 939 1160 1004 sbi·
1187 908 1262 1024 ἵζ’

118 1039 226 1086 erun.

165 1115 239 1172 130.
264 1105 424 1173 Postridie
443 1129 520 1174 vero
534 1108 744 1174 Athenienses
757 1109 886 1196 quidem
908 1110 1008 1178 olusse
1021 1111 1159 1176 eircum-

116 1197 199 1257 recti
216 1193 255 1257 sd
271 1215 342 1263 oum
356 1207 490 1280 purtem,
505 1217 579 1282 quse
596 1189 734 1262 Scionen
746 1196 918 1282 spectabat,
933 1211 967 1262 et
977 1198 1161 1262 suburhsns

117 1293 285 1364 ceperum,
301 1292 468 1367 totumque
478 1279 567 1346 diem
583 1281 672 1347 illum
696 1283 729 1346 iu
744 1285 841 1369 ejuss
866 1302 902 1346 ro
916 1285 1066 1348 restando
1082 1303 1159 1347 oon·

116 1379 309 1446 sumserunt,
324 1369 453 1433 nemine
470 1383 582 1433 eontrs
595 1367 784 1455 prodeunte.
860 1381 909 1433 rut
929 1370 1015 1434 enim
1031 1383 1063 1434 et
1077 1389 1158 1433 non·

116 1451 199 1517 nihii
222 1452 385 1517 seditionis
410 1454 494 1518 intre
518 1455 641 1520 urbem.
687 1453 740 1519 Illi
761 1475 838 1520 vero
863 1457 994 1520 trecenti
1020 1455 1159 1522 Sciunmi

117 1539 268 1625 proxime
293 1551 387 1605 noete
408 1541 542 1606 domm
568 1542 724 1606 obierunt.
771 1539 930 1607 Postridie
951 1559 1027 1607 veto
1050 1542 1159 1608 Nisus

117 1625 247 1712 quidem
266 1647 331 1690 uno
345 1627 521 1713 eodemque
536 1641 680 1712 tempore
694 1648 767 1693 cum
787 1628 923 1692 dimidio
937 1629 1101 1714 topiorum
1116 1627 1158 1693 sd

118 1712 260 1777 confinis
280 1733 478 1798 progressus,
503 1714 722 1779 Soioneeorum
746 1732 858 1802 ugrum
874 1717 1015 1779 vustsvit.
1045 1713 1159 1780 -Nieo-

117 1811 236 1862 stratus
248 1819 326 1862 vero
340 1819 413 1863 oum
430 1799 558 1886 reliquis
579 1802 687 1884 copiis,
703 1821 723 1864 s
737 1799 955 1884 superioribus
968 1802 1080 1886 portis,
1096 1819 1161 1886 qus

119 1883 302 1949 Potidsesm
317 1885 391 1964 itur,
407 1886 519 1950 urbem
535 1886 668 1951 obsedit.
712 1885 958 1972 'Polydsmidus
973 1883 1160 1970 teretibus

118 1969 204 2034 enim
227 1969 268 2034 sd
282 1965 368 2039 hanc
389 1972 477 2036 urbis
494 1983 614 2057 partem
637 1973 722 2036 intre
735 1993 844 2036 muros
866 1986 934 2038 eret
957 1971 1094 2039 militum
1108 1993 1160 2035 sr-

119 2067 282 2121 mstorum
305 2059 434 2144 agmen)
449 2079 499 2124 eos
514 2073 550 2124 ut
567 2058 607 2123 sd
630 2057 780 2142 proeiium
803 2057 991 2136 instruebat,
1015 2067 1048 2122 et
1063 2056 1160 2122 Men·

117 2141 201 2206 deis
220 2143 384 2222 susdebst,
399 2157 435 2210 ut
457 2145 657 2232 eruptionem
670 2143 822 2209 facerem.
867 2141 911 2211 Et
929 2165 1005 2208 eum
1028 2142 1161 2230 quidem

118 2228 275 2379 {tutti
293 2227 870 2404 timentitfflhtini
890 2229 1161 2380 {iiiiii}

117 2485 503 2574 n..

117 2571 223 2643 tendit
238 2595 311 2639 oum
335 2576 367 2638 in
421 2574 654 2660 eioponnesios,
678 2585 747 2637 turn
769 2574 802 2636 in
829 2531 965 2659 eos’qui
990 2592 1063 2637 enm
1086 2573 1163 2658 ipsis

117 2673 234 2724 eontra
247 2681 281 2724 se
294 2673 436 2748 egerent.
481 2660 671 2745 Impetuque
685 2662 719 2723 in
740 2681 789 2724 eos
802 2659 897 2736 fecto,
913 2660 946 2722 in
968 2657 1076 2747 fugem
1092 2677 1163 2722 rer·

117 2745 169 2823 tit,
186 2756 254 2810 tum
271 2746 314 2810 oh
333 2747 536 2832 repentinum
551 2759 722 2824 sentemen,
737 2755 808 2810 tum
818 2745 867 2818 ,ob
890 2757 1009 2809 metum
1026 2743 1162 2809 Atheni·

117 2831 256 2909 ensium·
270 2833 385 2918 quibus
399 2846 504 2918 portae
517 2829 644 2896 suerent
656 2825 787 2916 speutu'e.
832 2830 1068 2896 Existimshunt
1077 2831 1162 2895 enim

120 2919 348 3000 Peloponnesii,
373 2941 411 2983 ex
437 2917 546 3005 aliquo
567 2913 734 3003 compsoto
753 2915 839 2981 hene
859 2917 1099 3002 impressionem
1123 2919 1164 2980 ab

118 3003 186 3068 iuss
199 3005 233 3068 iu
248 3024 281 3068 se
296 3004 408 3069 fuctum
425 3025 502 3071 esse.
549 3009 657 3089 Atque
672 3003 718 3066 ilii
729 3003 870 3088 quidem,
885 3013 1043 3090 quotquot
1056 3001 1162 3066 stetim

118 3089 196 3153 cessi
209 3111 275 3153 non
288 3089 428 3169 thernnt,
445 3091 479 3154 in
494 3109 599 3154 urcem
615 3087 838 3176 confugerunt,
853 3107 950 3172 qusm
964 3089 1025 3172 ipsi
1040 3087 1089 3150 vel
1104 3107 1162 3150 sn-

118 3188 173 3240 tes
188 3177 348 3242 tenebunt.
394 3175 605 3241 Athenienses
620 3195 696 3239 vero
715 3176 796 3259 (jem
820 3173 904 3236 enim
927 3184 959 3236 et
982 3173 1091 3236 Nieiss
1112 3193 1163 3236 re·

118 3280 231 3327 temus
245 3263 284 3326 nd
299 3259 411 3326 urbem
426 3264 509 3345 eret)
525 3280 597 3326 cum
612 3260 760 3346 omnibus
774 3257 875 3343 copiis
888 3259 1045 3322 irruentes
1059 3257 1092 3319 in
1109 3277 1162 3320 ut·

118 3347 195 3412 bem
213 3347 365 3425 Meuden,
375 3349 502 3433 quippe
515 3371 589 3434 quse
603 3364 669 3413 non
683 3367 725 3410 ex
738 3356 898 3412 conventu
918 3355 1030 3428 sperts
1043 3341 1162 3421 suisset,

119 3455 191 3498 eam
211 3447 249 3499 ut
262 3441 477 3522 expugnatam
501 3433 714 3519 diripuerunt.
760 3431 803 3496 Et
825 3429 922 3494 duoes
938 3429 990 3493 vix
1013 3427 1164 3528 cohibere

167 3531 298 3584 tneruut
321 3541 390 3586 suos
413 3522 537 3598 milites,
564 3519 641 3606 quin
668 3516 813 3582 homines
830 3513 932 3580 etium
953 3513 1162 3604 trucidarent.

118 3541 239 3671 ates
249 3607 411 3692 jusserunt
424 3605 593 3671 Mendeeos
608 3605 719 3669 eodem
730 3601 1011 3694 reipublieoeststu
1027 3602 1086 3676 uti,

118 3693 422 3773 consumensque
433 3707 554 3765 mmsis,
570 3703 606 3754 ut
614 3690 683 3775 ipsi
699 3690 783 3754 inter
795 3687 1051 3774 sequoestionsm
1066 3619 1164 3752 bsh?

119 3789 197 3842 rent
218 3778 260 3843 ds
282 3777 355 3856 illis,
380 3796 460 3880 quos
480 3775 669 3842 ‘defectionis
690 3788 816 3862 sutores
837 3773 932 3840 fuisse
957 3773 1163 3838 oensnissent.

119 3863 201 3930 Illos
216 3885 301 3942 sero,
318 3866 373 3950 qui
389 3886 422 3928 tn
438 3885 512 3929 eree
524 3875 734 3946 etantjvmueo
749 3863 899 3948 utrinque
910 3881 1010 3946 nsque
1020 3859 1061 3924 ed
1076 3879 1164 3923 mere

118 3949 223 4016 ducto
238 3951 535 4028 nircumvslln'rnnt,
557 3959 590 4014 et
609 3948 795 4035 prtesidiutn
816 3950 853 4012 s'n
872 3967 908 4011 eo
932 3946 1163 4033 imposuerunt.

154 4124 164 4159 ⁸
174 4123 214 4173 10
225 4125 414 4186 pertttrbstionis
423 4124 501 4184 venit,
513 4129 542 4170 ut
561 4135 648 4183 perum
664 4123 780 4179 abfuerit,
792 4121 852 4180 quin
868 4125 916 4167 ste.
942 4117 1017 4165 Vsus.
1051 4118 1166 4163 cnutu-

118 4195 198 4238 mtus
208 4195 256 4247 est,
267 4203 402 4250 psmmque
413 4189 503 4250 obtuit,
513 4185 572 4252 quin
583 4193 630 4234 eto.
653 4186 732 4249 steph.
767 4185 857 4233 fluns.

154 4257 170 4288 ⁸
180 4253 261 4315 lgitm
273 4251 443 4316 Polydsmidss
456 4253 537 4318 [esunt
548 4252 574 4297 in
585 4263 614 4298 st
625 4257 694 4313 perte
703 4251 772 4298 usbis
782 4259 851 4296 sums
860 4247 1030 4294 Mendaeum
1041 4250 1066 4291 et
1076 4243 1166 4291 mxtli·

118 4331 196 4368 σιω
206 4318 273 4365 tuus
284 4329 368 4366 muros
378 4317 493 4378 reposita)
504 4320 535 4366 sd
547 4327 719 4442 pugnsmpess
730 4317 857 4376 perstent.
874 4311 982 4359 Assem.
1017 4310 1099 4358 istst.

619 4399 641 4443 Τ
