2990 4792
253 207 256 211 ’
367 261 411 326 ss
737 253 1042 330 nnucrmms

270 445 331 494 aett
367 377 1409 535 stri,bellmnsbsrbatis,auta(}rron'silletamalamiterpro

261 509 344 625 Ἠ·
366 517 530 620 pulspntes
545 515 686 622 leplmtm
702 539 780 670 geg:
793 518 880 622 apud
895 539 952 584 noa
969 539 1078 584 aaran
1098 539 1217 619 gnaros
1237 520 1410 624 prolusisse

249 639 348 755 “inibi
366 603 1410 793 menidemiitimmpidveneriffdamdiiguitedmirblbbiieaewmg

264 769 294 816 υ·
305 771 334 819 ⁰·
365 777 490 843 trandae
504 799 632 864 genere,
647 801 748 866 quave
762 778 932 864 disciplina
952 791 992 844 art
1009 791 1151 858 auctum,
1166 781 1222 844 ubi
1237 779 1328 868 priua
1342 780 1410 848 bac

263 832 337 948 iffi·
364 865 578 942 declararem,
604 875 683 930 tunc
704 879 738 930 et
763 865 804 936 ad
833 865 966 931 istorum
995 865 1211 932 laudationem
1240 867 1408 933 accedun:

364 962 432 1016 tum
448 953 536 1039 quod
550 951 729 1018 existimem
745 951 829 1017 hanc
850 951 1027 1018 orationem
1050 971 1117 1018 non
1140 951 1327 1020 indecoram
1342 953 1409 1022 sore

364 1040 517 1104 institutoe
538 1035 614 1105 huic
635 1037 825 1121 laudationi,
847 1051 917 1103 tum
938 1037 1035 1103 mam
1057 1038 1146 1124 quod
1172 1039 1321 1108 universo
1344 1051 1408 1111 ta·

362 1123 1233 1278 bididid'rdidiitmwmpeifflbidiiirbieniffiiidirdffidm
1258 1124 1408 1214 Mem,

406 1305 459 1368 st.
481 1299 587 1364 “Nos
608 1298 693 1362 enirn
715 1321 754 1364 ea
775 1296 959 1384 reipublicae
981 1296 1256 1362 administratione
1277 1298 1408 1376 utimur,

362 1407 436 1472 quse
451 1384 585 1451 aliarum
600 1384 762 1450 civitatum
779 1383 866 1474 legas
888 1405 955 1452 non
975 1381 1155 1461 emulatur,
1172 1385 1238 1453 imo
1252 1405 1331 1449 voro
1351 1407 1409 1450 nne

362 1471 422 1556 ipsi
439 1469 601 1540 nonnullis
616 1471 723 1574 potius
738 1469 887 1558 exernplo
899 1491 1020 1552 snmus,
1032 1491 1128 1560 quam
1139 1470 1219 1536 alios
1233 1469 1407 1538 imitamur.

361 1558 406 1623 Et
426 1559 559 1624 nomine
573 1557 704 1645 quidem
724 1558 932 1624 Democmtia
946 1569 1097 1633 vocatum
1120 1558 1409 1658 propterea-'quod

361 1665 427 1710 non
442 1645 483 1710 ed
501 1665 690 1732 paucorum,
706 1643 761 1710 sed
776 1643 817 1709 ad
839 1663 1043 1709 commanem
1066 1642 1234 1708 utilitatem
1255 1644 1408 1709 admtms

361 1742 492 1796 tremus.
538 1729 661 1796 Omnes
685 1753 762 1796 vero
787 1753 828 1796 err
857 1729 964 1819 legum
993 1729 1184 1832 praescripto
1211 1729 1246 1793 in
1275 1729 1409 1814 privatis

360 1817 583 1883 controversiis
596 1815 747 1898 fruuntur
759 1816 841 1906 juris
908 1813 1088 1894 nobilitate3
1112 1829 1143 1880 et
1164 1815 1294 1901 prodi
1319 1815 1407 1896 itata

361 1913 398 1968 ut
413 1905 547 1991 quisque
560 1903 667 1994 aliqua
687 1903 721 1970 in
743 1925 780 1968 re
801 1925 878 1968 exce
902 1905 938 1982 it,
955 1903 999 1968 ita
1020 1903 1116 1968 mmm
1131 1923 1197 1970 non
1307 1905 1351 1968 sit
1365 1923 1407 1968 ex

360 1993 472 2076 aliquo
484 1993 594 2056 εἰυίιιηι
616 2001 708 2078 parte
721 1990 838 2076 potius,
852 2011 950 2075 quam
966 1989 1091 2055 virtutia
1111 1989 1224 2076 gratia,
1241 1990 1273 2052 in
1289 1989 1408 2074 reptib-

360 2075 421 2141 lics
435 2079 511 2142 aliis
525 2077 742 2162 anteponitur,
758 2097 861 2162 neque
876 2076 972 2142 etiam
987 2088 1119 2162 propter
1135 2087 1355 2159 paupertatem
1371 2097 1409 2140 aa

359 2161 525 2250 dignitatis
539 2163 774 2240 obscuritatem,
791 2161 968 2228 dummodo
978 2161 1085 2248 aliqua
1100 2163 1133 2226 in
1148 2183 1183 2226 re
1197 2161 1318 2228 civitati
1332 2183 1409 2249 pro-

359 2247 450 2336 desse
463 2249 572 2336 possit,
589 2261 723 2315 arcetur.
770 2247 958 2314 Liberaliter
978 2269 1078 2334 porro
1098 2246 1330 2333 rempublicam
1350 2247 1407 2313 ad-

361 2335 587 2417 ministramus,
613 2357 673 2402 nec
701 2355 760 2442 per
788 2347 933 2402 mutuam
960 2333 1219 2422 quotidianarum
1245 2335 1408 2402 monum
1493 2359 1494 2402 t

359 2422 571 2508 suspicionem
588 2420 667 2500 aliis,
683 2443 709 2486 st
724 2422 802 2510 qnid
817 2423 915 2490 animi
930 2443 1029 2487 causa
1043 2435 1155 2509 agunt,
1167 2435 1407 2498 succensentem

357 2506 483 2596 'neque
498 2509 676 2587 molestum,
689 2507 762 2574 licet
777 2509 1059 2589 innoxium,vultn
1075 2505 1218 2572 dolorem
1234 2507 1407 2594 praeferen-

238 2614 242 2623 ·
358 2605 413 2659 tes.
460 2596 523 2660 Sed
570 2595 670 2660 rivata
691 2594 820 2696 negotia
835 2597 989 2695 internos
1006 2595 1074 2658 sine
1095 2592 1241 2658 molestia
1262 2607 1406 2682 agentes,

357 2703 530 2845 etsta,
554 2681 1407 2870 nrffilbltlll‘lllttttltffsstttspt

357 2863 473 2932 rantes,
485 2853 543 2919 etl
585 2854 665 2933 bos,
683 2855 720 2919 iis
734 2853 945 2940 potissimum,
961 2875 1036 2940 quae
1048 2852 1122 2917 latae
1135 2864 1221 2931 sunt,
1234 2865 1271 2918 nt
1284 2854 1407 2921 auxilio

356 2941 420 3004 sint
440 2875 624 3006 bominibus
649 2941 764 3027 injurio
786 2939 916 3017 affectis,
934 2955 1029 3025 atque
1050 2939 1131 3004 adeo
1155 2939 1225 3016 illis,
1240 2961 1317 3026 qum
1332 2941 1407 3007 licat

358 3047 424 3089 non
438 3029 501 3092 sint
512 3027 651 3128 scriptae,
662 3039 782 3091 certam
799 3039 904 3094 tamen
921 3025 1131 3114 ignominiam
1146 3025 1296 3092 afferunt.

400 3119 454 3180 88.
478 3113 700 3190 “Quinetiam
731 3113 879 3176 laborum
905 3113 1033 3176 crebras
1060 3113 1259 3177 restrissionee
1288 3115 1406 3180 animis

356 3200 472 3266 nostris
488 3201 677 3276 invenimus,
692 3198 922 3264 certaminibus
936 3214 969 3263 et
990 3197 1152 3264 merifieiis
1167 3200 1404 3282 saumariis,

355 3307 428 3370 quse
443 3287 586 3351 moribus
597 3307 635 3350 ac
650 3286 801 3350 institutis
816 3287 928 3372 patriis
944 3299 1019 3350 sunt
1033 3298 1169 3370 recepta,
1183 3307 1241 3349 noa
1257 3309 1405 3355 recrean-

354 3385 411 3450 tes,
428 3385 460 3436 et
482 3373 601 3437 decoro
622 3371 821 3456 privatorum
842 3386 1009 3457 apparatu,
1033 3373 1122 3458 cujus
1144 3371 1335 3458 quotidiana
1350 3391 1404 3438 au·¹

356 3456 460 3543 lnptas
474 3459 601 3522 dolores
615 3458 744 3522 excutit.
792 3457 867 3523 Huc
882 3471 999 3534 autem,
1011 3476 1056 3522 'ex
1072 3459 1222 3524 omnibns
1236 3461 1327 3525 orbis
1341 3475 1403 3528 ten·

354 3563 465 3608 rarum
490 3543 644 3628 partibus,
672 3545 779 3608 omnia
803 3555 935 3628 propter
954 3543 1043 3608 urbis
1065 3545 1321 3632 magnitudinem
1343 3550 1402 3612 irn-

354 3641 542 3712 portantum
576 3629 754 3716 occiditque
782 3629 885 3707 nobie,
912 3641 949 3694 ut
977 3651 1043 3695 noa
1075 3651 1105 3694 m
1149 3631 1176 3694 is
1204 3629 1403 3701 familiariter
1449 3707 1459 3717 ,

354 3715 486 3797 nostris,
497 3736 592 3804 qoam
604 3715 741 3781 aliorum
756 3716 852 3780 etiam
868 3715 1048 3784 mortalium
1066 3716 1130 3780 bon
1143 3737 1158 3780 a
1170 3715 1384 3802 perfruemur.

398 3811 452 3867 39.
476 3802 697 3879 “Quinetiam
711 3821 818 3866 ratum
835 3801 1018 3866 bellicarum
1035 3801 1150 3870 studiis
1162 3806 1401 3890 prestantiores

354 3909 461 3952 armus
475 3889 593 3957 nostris
613 3888 808 3967 adversariis,
824 3887 874 3953 iris
898 3887 1008 3954 urbem
1020 3887 1180 3954 ⁴oscinibus
1192 3912 1401 3968 conmenta

385 4119 1003 4190 ¹oanssptnnummospauausnutsuauo.
1036 4128 1159 4184 Coum
1192 4129 1283 4183 Hune.

386 4190 499 4256 [Neque
519 4194 653 4248 tristitiam.
670 4193 772 4244 manime
792 4192 890 4240 aoniam
907 4191 974 4240 illam
992 4193 1100 4252 quidem.
1118 4196 1160 4242 ned
1178 4201 1261 4244 tamen
1279 4197 1397 4261 odiosam,

355 4261 407 4309 visu
419 4263 585 4318 proterentes.
605 4259 672 4306 Coro.
709 4257 796 4302 iluna.
