2982 4786
365 335 429 396 848
735 320 1037 390 THUCYDlDlS

267 519 329 568 eeu
364 499 454 564 vobis
479 493 687 578 conciliarim,
704 493 970 560 Lacedaemonios
992 493 1059 558 uno
1083 492 1137 558 die
1154 492 1196 557 de
1217 515 1344 560 summa
1358 515 1401 559 re·

256 583 340 644 resep.
364 607 435 650 rum
462 603 590 664 suarum
618 579 658 646 ad
686 580 887 646 Mantineam
918 579 1088 662 decernere
1115 579 1214 667 coegi.
1262 580 1341 658 Quo
1366 603 1401 645 ex

247 653 350 781 glyssz·
363 665 958 818 proelioblicetlvictoresfipiiiaceqperint,
979 677 1087 730 tamen
1111 687 1152 729 ne
1174 687 1263 731 nunc
1278 665 1420 752 quidem¹

259 783 335 900 lleJ
364 773 727 910 8lnl'lle‘‘ullpaeldnaeulellll
743 763 984 924 mlltjuvensus,
999 847 1031 902 et
1042 837 1189 915 amentia,
1206 859 1282 924 quae
1295 849 1404 923 praeter

209 947 213 953 ’
261 913 333 1044 ⁴2:9¹¹·
362 941 510 992 naturam
521 926 730 1002 videturesse,
747 923 847 1009 ¹apud
859 923 1090 1008 potentissimas
1103 922 1403 1008 Peloponnesiorum

288 1031 319 1072 a·
362 1013 504 1078 civitates
518 1012 622 1076 verbis
642 1011 827 1076 decentibus
852 1021 952 1086 utens,
974 1021 1007 1073 et
1021 1007 1220 1074 familiariter
1239 1031 1314 1072 cum
1336 1010 1404 1094 ipsis

363 1121 470 1188 agens,
483 1097 557 1162 brec
572 1096 735 1184 transegit,
749 1109 782 1160 et
796 1095 893 1160 animi
908 1096 1030 1179 impetu
1044 1093 1142 1160 fidem
1153 1093 1282 1172 faciens,
1298 1093 1403 1172 effecit,

363 1199 462 1250 utne
484 1204 571 1248 nunc
595 1181 724 1270 quidem
748 1181 818 1246 haec
839 1182 976 1246 amentia
998 1180 1082 1246 nodis
1103 1182 1144 1264 sit
1165 1179 1404 1246 extimescenda.

364 1271 485 1336 Verum
509 1267 661 1355 quamdiu
684 1287 757 1331 cum
780 1265 842 1330 hac
866 1269 1003 1352 amentia
1027 1287 1088 1354 ego
1112 1266 1222 1344 floreo,
1247 1280 1280 1330 et
1302 1265 1404 1331 Nicias

361 1357 440 1420 felix
456 1353 582 1418 videtur
598 1376 675 1430 esse,
692 1353 857 1438 utriusque
879 1364 1020 1416 nostrum
1035 1351 1207 1416 commodo
1220 1351 1322 1416 libere
1345 1365 1405 1416 uts-

364 1441 460 1506 mini:
483 1461 587 1526 neque
600 1439 789 1504 sententiam
801 1438 842 1502 de
852 1437 1055 1522 expeditione
1064 1437 1096 1502 iu
1114 1437 1255 1502 Siciliam
1268 1436 1406 1504 facienda

363 1526 524 1602 revocetis,
555 1525 644 1610 quasi
669 1523 819 1589 adversus
848 1543 998 1610 magnam
1023 1523 1199 1609 potentiam
1225 1523 1266 1589 sit
1291 1523 1405 1588 futura.

364 1613 449 1678 Nam
471 1611 566 1677 urbes
588 1611 675 1675 varia
696 1609 889 1676 advenarum
911 1608 1046 1674 colluvie
1067 1622 1142 1674 sunt
1162 1609 1356 1694 frequentes,
1377 1623 1405 1694 et

363 1721 456 1763 suum
473 1711 589 1761 statum
606 1695 696 1761 facile
707 1707 841 1773 mutant,
857 1708 889 1760 et
896 1699 1079 1783 peregriaos
1089 1693 1258 1780 recipiunt.
1306 1697 1406 1783 Atque

363 1785 424 1850 hac
437 1784 508 1870 ipsa
522 1782 564 1847 de
578 1805 672 1848 causa
691 1781 797 1847 nullus
812 1783 946 1865 ipsormn
967 1793 1119 1868 tanquam
1135 1801 1195 1866 pro
1215 1803 1276 1845 sua
1297 1785 1405 1865 patria,

364 1883 419 1936 aut
432 1869 528 1934 ermis
542 1867 584 1932 ad
598 1891 681 1934 saum
696 1889 812 1952 corpus
834 1866 1066 1955 protegendum
1088 1869 1270 1932 necessariis
1291 1875 1342 1932 cet
1361 1869 1406 1932 iu-

363 1968 510 2030 structua,
527 1967 583 2020 aut
603 1955 638 2019 in
660 1953 730 2042 ipsa
751 1953 882 2040 regione
903 1953 1026 2018 usitatis
1047 1953 1263 2038 apparatibus.
1311 1953 1406 2030 Quic-

385 2041 442 2107 uid
456 2055 563 2107 autem
587 2040 803 2126 unusquisque
816 2052 931 2124 sperat,
953 2061 987 2104 se
1001 2037 1050 2103 vel
1071 2037 1207 2103 dicendo
1220 2059 1260 2103 ao
1282 2061 1407 2124 persua·

362 2067 470 2194 dendo
484 2128 737 2212 impetraturum,
754 2124 802 2188 vel
825 2123 1011 2190 seditiones
1033 2146 1066 2190 se
1080 2126 1220 2190 excitata
1240 2147 1283 2190 ex
1299 2127 1408 2192 aerurio

364 2227 542 2299 rapturum,
558 2225 600 2290 et,
616 2213 679 2276 ulai
693 2233 759 2276 rem
775 2209 909 2276 feliciter
929 2211 1073 2298 gesserit,
1089 2233 1122 2275 se
1135 2211 1240 2276 solum
1263 2233 1333 2278 esse
1345 2234 1409 2278 rer·

364 2321 485 2376 surum,
502 2299 563 2364 hoc
578 2297 638 2362 sibi
652 2315 826 2382 comparat.
864 2296 977 2382 Neque
988 2296 1155 2362 verisimile
1168 2309 1216 2362 eat
1229 2297 1408 2385 hujusmodi

364 2383 491 2472 turbam
503 2396 559 2449 aut
573 2385 715 2448 unanimi
727 2403 883 2448 consensu
897 2384 994 2447 verba
1007 2391 1087 2448 recta
1096 2383 1279 2448 maerstem
1291 2385 1409 2464 audire,

364 2484 421 2536 aut
433 2470 645 2535 communiter
666 2469 772 2534 adres
793 2467 949 2556 gerendas
963 2491 998 2532 se
1017 2482 1211 2534 convertere.
1258 2469 1412 2536 Celeriter

364 2571 470 2623 autem
485 2555 601 2645 singuli
616 2557 735 2621 Siciliae
743 2555 866 2638 popelli,
881 2555 906 2618 si
922 2553 999 2641 quid
1021 2555 1156 2633 dicatur,
1172 2555 1262 2642 quod
1276 2558 1354 2642 ipsis
1376 2559 1412 2622 ait

363 2657 502 2730 gratum,
518 2665 551 2707 se
572 2641 656 2706 scobis
676 2640 812 2718 dedent3
838 2641 1014 2726 praesertim
1035 2642 1061 2706 si
1075 2641 1230 2707 seditione
1254 2642 1412 2722 laborant,

364 2727 634 2815 quemadmodum
654 2727 811 2793 eudimus.
856 2725 1041 2802 Quinetiam
1054 2747 1076 2790 n
1120 2749 1159 2792 ue
1172 2737 1219 2792 tot
1242 2730 1351 2816 gravis
1364 2751 1413 2794 ar·
1479 2753 1480 2756 ¹

366 2825 499 2878 matures
510 2813 625 2878 milites
639 2811 700 2898 illis
720 2821 801 2892 auat,
817 2827 896 2899 quot
916 2812 1054 2878 inflatius
1076 2749 1118 2876 dd
1135 2816 1212 2896 spss’s
1231 2815 1413 2899 praedican-

365 2914 440 2984 ῑιπςΙ
470 2921 573 2985 neque
593 2898 688 2963 etiarn
709 2911 842 2963 caeteros
866 2899 1000 2964 Graecos
1022 2910 1071 2964 tot
1089 2919 1156 2963 esse
1175 2912 1315 2980 constat,
1338 2915 1414 2990 quot

364 2985 480 3072 singuli
496 3007 528 3048 se
540 2985 625 3070 ipsos
639 3005 706 3048 esse
715 2984 890 3069 jactabant.
923 2984 988 3048 Sed
997 2985 1137 3065 Graecia,
1148 3005 1221 3070 quae
1236 2986 1414 3072 plurimum

364 3073 449 3154 ipsos
463 3071 610 3136 barbaros
618 3071 714 3154 falsa
727 3091 791 3135 Μ
804 3071 1008 3135 nvdts'tudinis
1027 3073 1257 3154 praedicatione
1274 3074 1347 3160 jam
1374 3073 1415 3138 fe·

362 3157 453 3237 fellis,
469 3157 523 3222 vix
538 3157 661 3221 tandem
674 3157 709 3220 in
728 3155 792 3219 lroc
806 3155 892 3220 bello
909 3155 1031 3242 justum
1049 3154 1190 3238 militurn¹
1199 3161 1347 3242 graviter
1367 3181 1416 3224 er·

364 3258 523 3309 matorum
538 3263 707 3307 numerum
729 3241 849 3306 habere
870 3243 980 3326 coepit.
1026 3241 1148 3306 Rerum
1161 3241 1263 3342 igitur
1286 3245 1415 3311 illarum

364 3343 472 3407 status,
489 3341 643 3415 quantum
669 3349 729 3476 ego
756 3328 859 3392 sentio
883 3349 924 3392 ex
938 3327 988 3407 iis,
1010 3349 1085 3414 qum
1109 3327 1228 3410 audivi,
1255 3330 1334 3396 telis
1360 3345 1415 3408 est,

363 3415 536 3502 quinetiam
563 3417 659 3500 longe
695 3412 805 3478 acilior
830 3413 900 3478 erit.
944 3415 1030 3478 Nam
1059 3426 1091 3478 et
1115 3413 1269 3480 barbaros
1298 3417 1418 3482 multos

362 3499 561 3577 habebimus,
589 3501 645 3584 qni
669 3511 802 3585 propter
824 3499 944 3577 odium,
971 3521 1037 3585 quo
1063 3501 1282 3585 Syracusanos
1308 3523 1419 3588 prose

363 3599 515 3672 quantur,
536 3586 701 3651 nobiscum
723 3586 809 3670 ipsos
832 3585 999 3662 invadent3
1030 3607 1135 3671 neque
1157 3608 1207 3651 res
1227 3587 1419 3655 densatione
1479 3627 1481 3676 q

363 3671 548 3756 impedient,
564 3672 592 3736 si
608 3694 662 3736 vos
676 3685 762 3736 recte
776 3671 1001 3736 consultaritis.
1046 3671 1130 3736 Natu
1147 3675 1286 3758 majores
1303 3676 1419 3752 nostri,
1479 3681 1480 3702 ³

363 3758 505 3842 quamvis
518 3756 577 3821 hoa
599 3758 683 3842 ipsos
701 3755 818 3833 hostes,
841 3758 957 3842 quibus
979 3759 1029 3820 lts'c
1049 3775 1136 3821 nunc
1158 3759 1279 3823 relictis
1307 3763 1421 3826 Nicia

362 3842 638 3926 presquesautores
651 3863 709 3907 uos
729 3845 763 3907 in
777 3844 918 3908 Siciliam
941 3843 1144 3930 navigaturos
1166 3845 1365 3929 praedicant,
1390 3859 1422 3912 et

362 3941 517 4014 praeterea
538 3927 658 3994 Medos
680 3927 786 3993 hostes
808 3927 972 4006 habereut,
998 3943 1103 3994 tamen
1124 3930 1313 4016 imperium,
1336 3934 1424 4020 qued

393 4160 401 4198 ¹
413 4167 487 4228 Apud
498 4168 678 4227 potentissimos
686 4183 797 4230 quosque
806 4169 1027 4230 Peloponnensium
1039 4177 1093 4220 tum
1105 4173 1214 4220 oratione
1224 4175 1342 4234 appositu

361 4231 525 4292 transigendo,
543 4239 596 4278 tum
613 4235 687 4279 etiam
704 4247 760 4280 cum
781 4233 901 4292 irafidsm
919 4237 954 4284 illi
971 4237 1072 4285 orationi
1089 4237 1211 4295 addendo,
1229 4252 1299 4286 nunc
1320 4251 1392 4300 quoq
1479 4243 1480 4254 ¹

360 4307 416 4342 esna
427 4307 476 4341 non
487 4297 573 4344 timere
584 4299 711 4358 persuasu.
737 4297 818 4390 Sw.
