2990 4792
383 323 629 394 HISTORIAE
655 324 743 392 LIB.
766 325 811 392 ll.
1053 329 1111 392 181

101 495 208 562 Atticas
234 519 325 564 naves
353 508 575 586 corruperunt.
623 497 687 565 Sed
709 498 822 582 viginti
844 498 985 584 ipsorum
1006 519 1114 576 naves,
1148 535 1210 586 M,

99 603 162 666 que
173 586 204 647 in
218 583 330 648 dextro
349 605 453 650 oornn
473 583 638 650 collocatae
660 583 796 662 fuerant,
811 583 960 650 undecim
978 583 1116 650 Atheni-
1140 604 1221 663 merop

100 667 205 733 ensium
221 683 320 735 nares
342 671 621 759 persequebantur,
638 692 711 757 quse
724 672 852 736 navium
874 672 1113 736 consessionem
1140 685 1179 717 ⁸¹¹·
1197 669 1223 718 ³»

18 803 21 820 .
98 753 215 820 vitantes
235 757 266 820 in
288 764 432 843 apertum
455 777 542 822 mare
562 755 721 840 fugerant.
767 757 810 822 Et
827 755 892 822 illae
911 757 1114 844 Naupactum
1130 735 1230 849 (ζιζωξ

99 836 162 928 biga
180 863 212 906 se
230 843 426 928 recipientes,
442 859 560 929 praeter
582 865 809 921 unammiter
832 844 954 909 hostem
976 866 1114 930 proever·
1142 865 1171 912 u.
1189 866 1216 914 c.

98 937 175 990 nst:
204 949 340 1015 eumque
368 930 409 996 ad
439 929 597 1016 Apollinis
632 929 739 995 lanum
774 929 979 1016 appulissent,
1009 933 1115 1016 proris
1142 931 1216 979 vrrs.

98 1027 194 1078 eontra
212 1014 318 1080 hostes
340 1018 439 1082 versis
459 1039 526 1082 sese
547 1015 589 1080 ad
611 1018 675 1081 vim
697 1016 947 1101 propulsandam
969 1019 1116 1106 accinge·

98 1095 172 1180 bant,
186 1100 209 1164 si
224 1100 269 1167 illi
288 1102 331 1167 ad
353 1116 471 1168 terram
494 1115 606 1167 contra
628 1125 661 1167 se
683 1103 837 1168 venirent.
883 1103 936 1169 Illi
951 1123 1025 1168 vero
1040 1125 1115 1170 cum

98 1185 180 1267 prule
192 1197 261 1272 puel
270 1189 480 1264 advenissent,
490 1187 574 1254 inter
588 1189 804 1276 navigandum
821 1210 932 1273 peeuns
946 1190 1114 1273 canebant,

99 1280 230 1358 tanquam
256 1275 408 1350 victores:
438 1289 593 1342 etonem
619 1273 863 1341 Atheniensium
888 1298 1014 1355 nauem,
1041 1299 1117 1364 quoe

98 1355 201 1444 reliqua
214 1373 291 1439 erat,
306 1383 372 1427 nna
387 1361 548 1428 Leucadia
563 1362 662 1440 navia
678 1382 752 1450 qum
767 1376 897 1428 coeteres
916 1363 1012 1451 longe
1026 1377 1116 1430 ento-

96 1442 219 1527 tedebat,
240 1447 476 1534 insequebatur.
528 1447 627 1513 Forte
648 1463 755 1514 autern
777 1449 866 1514 neris
886 1451 1036 1514 oneraria
1056 1451 1116 1516 ali-

95 1544 230 1615 quantum
255 1535 371 1619 prooul
399 1558 419 1600 a
447 1547 543 1622 portu
573 1535 678 1600 stabat
706 1535 747 1600 ad
777 1557 919 1613 arronras,
945 1535 1115 1624 adquam

97 1615 188 1683 Artes
211 1621 311 1699 nasis,
338 1643 412 1686 eum
438 1621 526 1707 prior
550 1622 756 1707 pervenisset,
778 1634 811 1686 et
835 1622 956 1686 eirom
982 1643 1053 1688 eam
1080 1644 1116 1690 se

95 1703 201 1788 egisset,
229 1708 263 1770 in
294 1707 433 1774 mediam
464 1705 660 1772 Leucadia·
694 1721 937 1794 persequentem
967 1710 1113 1789 incurrit,

96 1807 209 1876 eamque
228 1793 395 1882 demergit.
440 1793 525 1858 Cum
541 1806 651 1860 sutem
672 1794 743 1858 haee
762 1815 814 1859 res
834 1815 875 1858 ex
891 1795 1066 1881 improviso
1082 1809 1116 1862 et

95 1889 196 1958 preter
207 1901 336 1945 emnsnn
355 1880 624 1966 exspectationem
646 1879 820 1958 accidisset,
831 1882 939 1945 'metus
955 1881 1115 1967 Pelopon·

94 1963 184 2027 desios
203 1967 327 2032 invasit.
373 1967 477 2032 Simul
492 1967 597 2045 etim,
613 1967 690 2054 qnia
709 1987 776 2031 non
798 1968 926 2032 serratis
949 1967 1115 2034 ordinibus

94 2045 189 2115 intem
203 2074 258 2138 per
316 2053 484 2136 uehuntur,
496 2053 659 2142 quodjam
674 2053 809 2120 victores
823 2066 937 2133 essem,
950 2054 1115 2120 nonnullae

94 2152 183 2214 nares,
198 2138 304 2204 durni
330 2141 341 2204 i
362 2141 502 2226 plurium
525 2141 696 2206 adventum
718 2153 900 2225 exspectare
920 2139 1044 2220 volunt,
1059 2141 1115 2207 de·

93 2220 180 2318 pisse
206 2228 301 2291 remis
329 2227 542 2317 navigationis
567 2249 696 2292 cursum
722 2225 936 2306 inhibuerant,
962 2247 1030 2292 reru
1054 2229 1117 2294 sibi

93 2309 221 2376 mutilem
242 2312 402 2392 facientes,
426 2327 558 2401 propter
583 2313 808 2393 incursionem,
853 2335 926 2378 uam
949 2313 1050 2379 hostis
1073 2335 1116 2379 ex

93 2388 167 2459 brevi
197 2403 301 2482 spatio
333 2400 368 2464 in
399 2402 483 2487 ipsas
511 2412 580 2466 erat
608 2400 758 2466 fauturus.
850 2399 992 2465 mmnllae
1017 2401 1117 2467 etiarn

92 2493 208 2567 propter
221 2486 283 2551 loci
298 2486 489 2572 imperitiam
505 2488 539 2551 in
552 2487 662 2552 brevia
677 2489 886 2574 impegerunt.

128 2575 176 2635 92.
198 2571 410 2638 Athenienses
436 2587 553 2652 autem,
580 2595 654 2638 eum
680 2572 752 2638 hreo
777 2572 848 2637 fieri
872 2573 1033 2650 vidissent,
1057 2595 1116 2639 au·

90 2648 171 2719 dreis
198 2658 309 2741 subiit,
336 2660 491 2749 signoque
516 2658 611 2725 simul
637 2659 785 2724 omnibus
814 2660 891 2724 dato
920 2673 952 2724 et
976 2659 1117 2726 elamore

93 2737 213 2821 sublato,
238 2747 273 2809 in
301 2767 356 2810 eos
383 2747 624 2832 impressionem
649 2743 804 2812 fecerum.
849 2745 901 2810 llll
925 2767 1012 2824 vero,
1039 2767 1114 2812 oum

91 2841 209 2911 propter
229 2833 395 2919 superiora
415 2845 556 2918 peccato,
573 2845 641 2898 tum
662 2833 757 2897 etiam
778 2845 911 2916 propter
925 2845 1115 2918 praesentem

92 2929 184 2979 rerum
208 2918 351 2983 omnium
379 2919 607 2994 confusionem,
631 2918 795 3004 paulisper
818 2918 948 3006 quidem
974 2918 1116 2984 hostium

90 2993 231 3083 inpetum
255 3005 485 3088 sustinuerunt,
505 3004 622 3071 deinde
644 3027 721 3070 vero
744 3019 834 3092 terga
855 3004 967 3070 dantes
991 3004 1116 3070 Panor-

90 3102 168 3179 ptum
194 3090 369 3172 redierunt,
397 3091 481 3156 unde
509 3091 678 3157 solverant.
723 3092 934 3155 Athenienses
960 3113 1036 3154 vero
1061 3113 1116 3157 eos

77 3175 246 3260 'usequuti
274 3192 428 3262 ceperunt
452 3199 509 3242 sex
533 3199 638 3255 naves,
663 3199 735 3263 quse
762 3177 900 3242 maxime
924 3177 1115 3263 propinquae

89 3276 178 3338 erant,
196 3277 229 3328 et
249 3285 324 3329 suss
344 3263 553 3342 abstulerunt,
573 3284 652 3350 quas
674 3263 721 3327 illi
744 3263 784 3328 ad
808 3277 924 3328 terram
948 3277 1115 3348 corruptas

18 3363 19 3366 ’
89 3350 310 3496 Ιῐιιῐιοῐὶιτὶιῐιιιω
325 3349 547 3438 religaverunt.
593 3349 747 3414 Hostium
770 3361 876 3414 autem
890 3347 970 3413 alios
985 3349 1115 3438 quidem

88 3444 145 3495 unte
172 3449 314 3515 soerunt,
336 3436 416 3502 elios
436 3458 523 3514 vero,
546 3458 681 3524 quorum
704 3436 839 3523 exiguus
861 3447 931 3500 erat
950 3455 1114 3513 numerus,

87 3515 350 3674 ”dimitti
365 3521 1115 3696 ,littttttittdtttit⁸n”i:

18 3743 19 3748 η
88 3707 194 3838 lim,
210 3716 310 3782 quum
334 3695 422 3760 navis
443 3709 511 3760 erat
532 3694 642 3771 fracta,
658 3693 767 3780 gladio
789 3715 822 3757 se
843 3694 1007 3782 transegit,
1026 3706 1059 3759 et
1081 3694 1115 3758 in

117 3783 335 3864 supeetiorum
356 3795 487 3869 portum
516 3794 564 3846 est
591 3779 726 3845 delatus.
771 3777 979 3844 Athenienses
1007 3793 1115 3846 autern

88 3867 198 3930 reversi
221 3881 381 3953 tropaeum
408 3871 454 3934 ihi
478 3879 665 3944 statuerunt,
689 3866 774 3930 unde
799 3864 933 3951 profecti
960 3867 1116 3931 vicerunt.

89 3945 128 4012 Et
147 3953 311 4035 cadavere,
332 3957 527 4041 naviumque
548 3953 720 4020 fractarum
746 3950 881 4030 tabulas,
903 3974 977 4039 quae
999 3953 1039 4017 sd
1065 3956 1117 4037 ip·

87 4055 183 4102 sorum
199 4043 289 4105 oram
305 4041 420 4106 delatae
434 4041 569 4117 fuerant,
583 4052 788 4123 susceperunt
795 4041 810 4115 ;'
827 4061 948 4124 suraque
962 4038 1115 4116 hostibus,

87 4118 264 4210 interposita
279 4128 342 4193 lide
354 4127 493 4214 publica,
510 4126 728 4192 reddiderunt.
771 4123 996 4209 Peloponnesii
1010 4136 1118 4190 sutem

87 4210 199 4294 stipsi
224 4226 383 4301 tropaeum
405 4226 593 4289 statuerunt,
616 4225 768 4299 tanquam
789 4211 934 4289 victores,
957 4213 1000 4275 ob
1022 4231 1117 4275 naves

87 4289 212 4383 lapsus,
238 4323 316 4390 quas
342 4301 383 4368 ad
410 4314 526 4368 terram
552 4311 780 4385 corruperant3
812 4310 843 4362 et
868 4317 994 4378 navem,
1019 4317 1116 4384 quam

566 4407 591 4454 K
606 4393 626 4450 2
