3004 4768
397 283 647 352 1118101111
673 279 760 352 1111.
784 287 883 354 1111.
1098 300 1162 362 aar

133 452 222 518 Samo
237 465 337 528 erant,
354 468 388 520 et
399 458 607 542 potentissimi
622 459 740 545 parique
753 461 868 524 animis
890 455 981 526 eram'
996 465 1162 550 propensis
1195 477 1255 528 aaa

132 539 169 604 ad
182 531 383 606 enitendum
399 555 516 608 statum
525 544 728 628 popularem.
784 583 787 592 ι
1175 544 1264 605 ⁴³⁶⁰*

171 635 220 692 18.
246 625 332 692 Heee
353 641 459 694 autem
483 631 587 694 resin
610 631 720 695 castris
741 633 830 716 prius
852 632 973 718 agitata
994 634 1063 712 luit,
1086 609 1274 734 moxssi'ffi

132 712 221 778 etiam
231 713 324 777 illinc
345 715 378 778 in
395 715 506 780 urbem
522 727 567 780 est
585 735 760 801 progresso.
805 715 992 793 Quinetiam
1013 723 1161 788 nonnulli
1189 737 1230 784 aa.
1243 737 1266 784 1.

131 821 169 864 ex
188 799 286 864 Samo
306 801 495 887 trajicientes
517 802 551 865 in
570 802 775 887 colloquium·
788 823 863 866 oum
885 805 1051 875 Alcimede
1069 829 1162 873 vene-
1187 801 1260 912 31·

131 900 210 950 runt.
255 884 317 950 Illo
330 900 437 951 autem
452 890 532 951 hanc
552 909 633 971 apem
655 891 733 971 ipsis
753 887 950 968 ostendente,
967 915 1000 955 se
1022 896 1161 976 primurn
1188 873 1261 978 32}

131 971 254 1058 quidem
276 965 509 1058 Tissaphemis,
525 974 642 1040 deinde
664 985 739 1039 vero
758 975 975 1062 Regisstiam
990 982 1163 1044 amicitiam

132 1059 204 1142 ipsis
223 1057 477 1138 conciliaturum,
493 1061 633 1136 simodo
654 1062 801 1148 populati
821 1074 906 1126 statu
922 1063 956 1125 in
978 1065 1163 1147 reipublicae

130 1143 397 1214 administratione
426 1163 491 1210 non
521 1157 688 1212 uterentur
710 1146 783 1232 (sic
797 1149 883 1211 enim
915 1148 1036 1236 Regem
1063 1149 1164 1254 magis

129 1229 346 1314 conflaturum),
373 1232 509 1298 civitatis
532 1234 692 1318 principes
717 1249 866 1321 magnam
889 1253 978 1319 apem
1002 1237 1163 1321 concipie-

128 1313 212 1396 bant,
223 1316 303 1395 fore,
314 1330 391 1384 utet
401 1319 443 1386 ad
454 1325 488 1383 se'
500 1319 599 1404 ipsos,
613 1320 668 1407 qui
680 1319 771 1384 malis
785 1320 925 1384 maxime
935 1335 1163 1405 premerentur,

129 1403 309 1490 reipublicae
331 1404 636 1470 administrationem
661 1406 875 1483 transferrent,
890 1420 923 1473 et
945 1408 1049 1474 hostes
1069 1425 1163 1494 supe

129 1501 245 1558 rarent.
292 1487 342 1557 Hi
360 1493 493 1558 Samum
514 1492 895 1579 reversinconjuruoemni,
911 1503 940 1557 et
962 1492 1109 1558 homines
1121 1496 1163 1565 ad

128 1575 378 1642 con’uratlonem
405 1578 538 1644 idoneos
561 1579 621 1642 sibi
646 1578 747 1642 socios
769 1578 993 1665 adjungebant,
1018 1594 1051 1644 ot
1072 1583 1163 1666 apud

129 1601 365 1730 multitudinem
394 1665 559 1752 propalam
588 1663 746 1740 dicebant,
780 1665 905 1751 Regenl
933 1665 994 1729 sibi
1010 1667 1162 1738 amicum

128 1749 207 1830 iore,
229 1763 261 1815 et
277 1752 447 1837 pecuniam
470 1751 691 1835 praebiturum,
710 1750 737 1813 ai
755 1750 852 1814 modo
876 1750 1059 1819 Alcibiades
1073 1757 1162 1822 resti·

126 1845 277 1914 tueretur,
309 1851 388 1922 etp
432 1836 528 1901 alaris
555 1850 654 1901 status
680 1835 852 1902 tolleretur.
897 1837 1022 1923 Vulgus
1042 1851 1160 1917 autern,

126 1923 185 1986 etsi
200 1919 305 1987 statim
317 1943 414 1987 nonnr
441 1923 463 1986 11
473 1924 650 2012 angebatur
664 1924 713 1998 iia,
729 1923 1043 2008 qumtraotabantur,
1059 1935 1162 1988 tomen

128 2009 174 2073 ob
190 2029 338 2096 magnam
353 2009 501 2096 stipendii
517 2031 536 2074 a
554 2010 643 2094 Rege
663 2005 890 2093 suppeditandi
905 2029 1005 2093 sporn,
1021 2005 1162 2097 quiesca-

126 2095 192 2160 bat.
243 2095 308 2161 ¹llli
322 2118 409 2172 vero,
425 2097 480 2183 qui
495 2117 670 2181 paucorum
686 2107 802 2159 statura
819 2098 853 2158 in
867 2092 1023 2177 republica
1045 2093 1163 2160 conati-

126 2195 217 2246 tuere
238 2181 419 2268 cupiebant,
435 2201 603 2268 postquam
625 2203 687 2246 rena
701 2201 774 2245 cum
798 2179 1002 2246 multitudine
1020 2202 1163 2247 commu-

125 2269 287 2351 nicarunt,
301 2289 411 2334 rursus
425 2269 519 2333 etiam
536 2272 618 2332 luter
639 2268 772 2354 seipsos
787 2273 829 2331 et*
839 2268 990 2352 majorem
1006 2267 1160 2333 sodalium

123 2362 250 2440 partem
281 2353 337 2420 illa
367 2353 539 2419 Alcibiadis
564 2357 717 2437 premisso
747 2351 980 2437 expendebant.
1027 2354 1071 2418 Et
1093 2353 1163 2419 aliis

122 2439 254 2591 pplidem
277 2441 348 2506 haec
370 2439 454 2506 iactu
475 2440 591 2516 facilia,
611 2454 646 2504 et
666 2439 730 2502 lide
751 2439 850 2526 digna
872 2438 1080 2504 ridebantur:
1108 2441 1163 2505 aad

181 2527 324 2614 rynicho,
336 2527 390 2616 qui
403 2526 509 2592 adhuc
519 2539 587 2597 erat
595 2525 674 2606 dux,
685 2524 764 2588 nibil
775 2527 879 2587 domm
890 2523 1046 2608 placebat.
1072 2526 1163 2590 Nam

125 2611 310 2680 Alcibiades
337 2614 436 2702 (quod
462 2614 559 2678 ctiam
586 2611 675 2692 erati
690 2631 757 2675 non
784 2610 884 2760 Ἧι
905 2629 1081 2699 peuoorum
1107 2614 1164 2675 do-

124 2701 294 2777 minatum,
321 2722 416 2787 quam
442 2701 627 2788 popularem
647 2707 782 2773 statum,
869 2707 966 2774 ctare,
991 2697 1054 2784 ipsi
1076 2695 1163 2762 rido-

122 2789 242 2864 batur3
276 2807 335 2852 nec
358 2785 444 2852 allud
469 2787 639 2872 quicquam
669 2796 823 2868 spectare,
850 2782 914 2847 nisi
938 2801 1003 2932 <pra
1031 2785 1164 2861 ratione,

122 2873 296 2938 immutata
318 2872 469 2959 praesenti
491 2871 624 2936 civitatis
646 2869 823 2954 disciplina,
839 2889 859 2932 a
876 2868 953 2933 soda
966 2869 1038 2933 ibus
1060 2889 1164 2934 arces

122 2960 207 3024 situs
229 2962 342 3023 reverti
365 2972 481 3044 posset.
526 2957 621 3022 *sibi
643 2977 719 3019 vero
742 2955 803 3019 hoc
824 2955 987 3038 praecipue
1009 2958 1165 3040 prospici·

121 3045 247 3110 endum
277 3065 353 3123 esse,
381 3057 416 3110 ut
441 3043 531 3108 nullo
555 3042 687 3107 dissidio
710 3065 729 3105 a
756 3041 848 3126 Rege
872 3040 1082 3117 dissiderent5
1104 3063 1164 3105 nec

121 3133 214 3196 enirn
244 3131 336 3196 facile
363 3129 450 3198 factu
480 3149 556 3206 esse,
587 3127 821 3203 diceban‘curn
851 3125 1072 3210 Peloponnesii
1096 3129 1163 3216 jam

122 3239 231 3308 aeque,
252 3241 289 3283 ac
308 3219 517 3293 Athenienses,
538 3215 570 3279 in
591 3214 671 3278 mari
694 3225 905 3292 versarentur,
923 3224 957 3276 at
980 3213 1075 3277 urbes
1098 3209 1164 3278 non

120 3305 277 3369 minimas
301 3305 332 3368 in
356 3303 439 3369 illius
461 3301 559 3387 Regis
580 3299 713 3386 imperio
736 3298 899 3375 haberent,
925 3299 1039 3382 Regem
1064 3299 1165 3363 Athe·

121 3391 292 3455 niensibus
316 3391 512 3476 adjunctum,
540 3388 669 3474 quibus·
683 3385 850 3460 diffideret,
879 3383 1006 3470 negotia
1036 3383 1165 3472 babere,

121 3485 159 3541 et
175 3479 209 3541 in
219 3480 379 3564 graviores
400 3475 551 3540 molestius
565 3475 701 3537 incidere
722 3473 806 3546 nelle,
823 3491 895 3552 curn
919 3473 949 3532 ei
962 3469 1071 3534 liceret
1086 3473 1166 3534 ami-

120 3563 238 3627 citiam
260 3586 332 3628 curn
359 3559 595 3648 Peloponnesiis
614 3559 738 3634 initas
760 3557 876 3643 quibus
898 3554 988 3618 nullo
1010 3549 1167 3621 maleficio

120 3649 238 3714 fuisset
252 3649 393 3714 affectus.
438 3647 536 3723 Quod
553 3659 657 3709 nutem
673 3645 821 3708 attineret
843 3641 883 3706 atl
899 3641 999 3712 socias
1013 3643 1166 3719 civitates,

125 3735 264 3824 <quibus
280 3759 299 3800 a
313 3757 345 3800 se
362 3737 429 3822 jam
446 3733 634 3819 promissum
651 3729 746 3793 fuisse
759 3730 886 3804 dicebat,
904 3727 983 3814 lore,
1001 3740 1035 3792 ut
1048 3747 1167 3816 pauco-

162 3923 171 3964 ¹
184 3934 276 3992 Atilii,
289 3935 331 3994 qui
348 3939 439 3978 etatum
457 3927 598 3991 popularem
611 3943 624 3974 a
629 3929 749 3988 pitatium,
762 3933 809 3974 ete.
831 3925 903 3972 Valla.
936 3926 987 3979 Qut
1003 3933 1096 3990 statpm
1108 3941 1167 3988 pau.

118 4009 216 4045 corum
228 3999 431 4045 commendabunt
448 3997 549 4055 aliisque
566 3995 699 4054 probabam
710 4001 757 4040 etc.
772 3991 853 4052 slepi.
887 3991 972 4038 liuns.
989 4027 993 4036 .

163 4060 180 4098 k
192 4063 243 4110 111111
253 4072 337 4110 autern
348 4077 399 4122 prae
410 4062 505 4110 aeteri·
517 4063 561 4108 boc
571 4073 621 4110 mn
639 4059 821 4120 negligendum,
839 4056 989 4116 paurum,
997 4067 1027 4102 nu
1038 4049 1168 4104 seditiones

120 4129 292 4176 exsisterent:
310 4128 443 4188 quinetiam
453 4141 483 4172 ne
496 4126 568 4184 llegia
577 4124 674 4184 quidcrn
686 4124 811 4172 interesse.
821 4129 857 4174 ut,
869 4133 936 4175 carm,
944 4125 990 4165 ctc.
1005 4117 1093 4165 tutu:
1111 4135 1167 4179 qun-

119 4196 149 4240 ti
162 4194 258 4253 argalio
265 4193 363 4252 prestun
381 4197 436 4239 essct
447 4187 580 4257 «agroecio,
592 4192 613 4232 et
625 4201 668 4232 non
682 4191 735 4248 por!
746 4187 843 4244 βιηλιΐ,
854 4183 892 4232 aed
912 4183 1055 4240 erutiones,
1068 4183 1167 4230 distinc-

121 4259 194 4305 tum
225 4257 306 4304 lunas.
498 4267 507 4287 ·
646 4315 652 4326 Ι
