2982 4786
345 243 411 309 970
709 231 1014 302 THUCYDIDIS

251 433 314 480 neu.
347 411 399 475 ilii
412 407 538 474 dicarit.
582 408 688 494 Atque
712 404 765 470 hic
787 404 916 493 quidem
938 404 1097 492 reliquum
1119 404 1243 494 hyemis
1257 417 1379 490 tempus

241 495 323 558 Peter
347 495 520 561 consumsit
545 506 612 558 tum
634 495 667 556 in
687 493 776 570 loeis,
793 513 866 578 quae
887 491 1023 569 tenebat,
1039 491 1249 574 stabiliendis,
1264 505 1333 557 tum
1347 492 1378 554 in

244 574 284 608 ¹⁰·
296 563 321 611 ⁹·
347 579 549 646 clandestinis
562 578 702 644 consiliis
716 578 873 656 ineundis,
885 578 999 662 quibus
1013 577 1076 642 alis
1092 578 1124 642 in
1139 601 1229 644 susm
1245 589 1380 663 potesta·

219 675 284 758 'sn'
298 657 333 754 μ’
348 680 412 735 tem
437 667 604 754 redigeret.
650 665 725 728 Hae
750 677 856 730 autem
882 663 996 750 hyeme
1016 678 1142 742 mets,
1152 679 1287 730 octavus
1309 663 1381 728 belli

248 753 279 800 ⁰·
292 755 321 803 ⁰·
348 774 450 818 annus
463 752 606 821 excessit.

250 819 322 946 {ff
393 837 624 986 niel-''⁹⁰⁰“
638 847 743 935 autem
758 835 1044 986 ⁸⁹q¹²⁰¹¹li2oe⁵l⁸iif⁵
1053 857 1135 913 rere,
1149 833 1383 986 lacpdtlpmpnii

246 951 322 1060 ill·
348 925 1211 1096 tturttffttstltttltttssttttffilltm
1227 936 1384 1093 313¹?ssss

258 1077 305 1188 ξ*
349 1117 478 1160 suorum
493 1097 640 1159 sociorum
661 1093 818 1158 civitatem
839 1092 880 1157 ad
903 1091 1111 1158 defectionem
1127 1093 1302 1158 faciendam
1318 1113 1383 1156 am·

249 1143 323 1254 nii„
348 1181 432 1267 plius
442 1179 662 1265 impulsurum,
673 1179 860 1264 priusquam
875 1177 917 1243 ad
933 1175 1049 1243 bellurn
1065 1201 1099 1242 se
1111 1199 1170 1264 per
1184 1179 1287 1244 otium
1297 1199 1385 1242 com·

246 1268 321 1318 ⁸³2⁸·
349 1280 528 1354 puressent3
551 1264 644 1329 simul
668 1264 775 1341 etism,
792 1263 819 1327 si
833 1283 883 1328 res
905 1263 963 1328 ribi
988 1263 1119 1330 feliciter
1143 1265 1338 1366 succederet,
1353 1285 1385 1327 se

349 1363 610 1522 “ttt’tlttt
620 1348 1385 1522 litttltt‘tlttttz,lfftlssttt‘t

350 1548 369 1590 e
392 1535 455 1604 snt,
479 1521 555 1586 dato
577 1544 618 1586 ue
647 1521 804 1586 malorum
826 1543 864 1586 ec
892 1522 1087 1586 miseriarum
1109 1521 1304 1600 loramento,
1333 1521 1385 1586 ubi

346 1612 438 1694 pacis
458 1545 634 1693 periodum
656 1605 811 1681 fecissent,
835 1607 953 1694 majore
975 1607 1211 1691 compositionis
1232 1607 1385 1674 faciende

350 1693 509 1760 desiderio
523 1694 722 1782 flagratores,
738 1693 859 1780 sibique
882 1693 1033 1758 restitutis
1048 1694 1132 1772 viria,
1148 1717 1223 1779 quos
1237 1697 1274 1760 in
1287 1697 1386 1760 uiride

351 1781 535 1866 Sptacterta
549 1790 702 1863 ceperunt,
718 1779 758 1843 ad
771 1801 883 1864 pacem
899 1779 948 1844 vel
963 1779 1192 1844 diuturniorem
1208 1778 1386 1846 faciendum

352 1867 542 1952 promtiores
556 1864 691 1930 futuros.
737 1864 871 1929 Plurimi
886 1865 969 1930 enim
986 1865 1141 1931 faciebant
1155 1889 1231 1932 suos
1242 1867 1328 1932 cives
1340 1888 1387 1930 re-

352 1949 1108 2114 cessutenuissem

353 2061 432 2200 irai,
451 2137 486 2189 ut
500 2060 548 2187 his
562 2058 769 2209 quideiisgrsuis
782 2123 899 2187 civibus
919 2059 1129 2206 privareniiri,
1147 2147 1220 2191 cum
1237 2123 1298 2188 illis
1314 2144 1387 2186 vero

354 2211 591 2275 Atheniensibus
612 2208 712 2294 aequis
726 2208 846 2273 viribus
860 2223 1026 2293 certantes,
1040 2209 1112 2274 belli
1128 2208 1290 2275 fortunam
1306 2210 1388 2293 peri·

355 2295 550 2370 cliterentur,
574 2292 707 2379 illosque
734 2291 868 2359 fortusse
892 2295 1062 2361 vincerent
1116 2294 1262 2363 Induciae
1292 2295 1389 2381 igitur

355 2381 439 2446 inter
454 2379 540 2465 ipsos
555 2380 762 2465 ipsorumque
773 2381 874 2444 socios
887 2378 979 2446 factm
995 2395 1079 2459 sunt,
1094 2381 1128 2445 in
1143 2381 1215 2446 haec
1225 2382 1334 2447 verbs.

404 2475 476 2533 118.
500 2464 636 2541 “Quos
661 2464 704 2530 ed
729 2466 883 2550 templum
913 2479 1008 2552 atque
1036 2467 1203 2534 oraculum
1228 2467 1387 2553 Apollinis

356 2551 465 2638 Pythii
480 2551 711 2629 attineturobir
723 2553 838 2637 placet,
853 2566 889 2616 ut
900 2553 955 2638 qui
970 2552 1054 2634 velit,
1069 2554 1138 2619 sine
1151 2552 1264 2619 fraude
1279 2566 1312 2620 et
1326 2553 1390 2618 sine

354 2652 442 2703 metu
457 2661 497 2702 ex
511 2637 622 2724 pstriis
635 2635 647 2672 ⁶
658 2637 806 2703 institutis
819 2659 854 2702 eo
868 2651 988 2703 utatur.
1020 2642 1127 2725 Atque
1138 2639 1391 2704 Lacedaemoniis

356 2724 495 2810 quidem,
511 2745 684 2808 eorumque
705 2724 809 2800 sociis,
826 2726 879 2808 qui
892 2724 1026 2801 ,adsunt
1043 2727 1112 2790 lraec
1128 2725 1265 2810 placent.
1309 2726 1392 2791 Dix-

357 2820 452 2872 erunt
466 2821 581 2884 autem,
598 2831 632 2872 se
650 2807 769 2874 Boeotis
783 2824 815 2873 et
831 2809 1046 2874 Phocensibus
1060 2813 1116 2876 boe
1131 2833 1190 2893 pro
1204 2812 1288 2875 virili
1302 2823 1393 2898 perte

356 2915 570 2978 persuasores,
586 2894 789 2960 caduceatore
804 2897 848 2958 ud
862 2898 942 2978 ipsos
956 2896 1062 2961 misso.
1106 2895 1203 2972 Quod
1224 2919 1302 2962 vero
1323 2897 1393 2962 atti·

357 2979 466 3044 netad
481 2979 547 3044 Dei
561 2981 738 3064 pecuniam,
753 3001 882 3065 operam
901 2981 978 3046 dere
997 2985 1112 3065 placet,
1129 2996 1164 3048 ut
1178 2997 1285 3048 sontes
1306 3005 1392 3048 oom-

357 3065 526 3150 perinmus‚
550 3065 659 3150 patriis
678 3065 829 3132 institutis
853 3079 977 3132 utentes
997 3072 1127 3153 tetrique,
1143 3081 1175 3133 et
1198 3089 1256 3133 nos
1279 3083 1391 3144 etrus,

358 3161 391 3215 et
413 3173 453 3216 ex
479 3151 558 3228 eliis,
580 3152 760 3237 quicunque
786 3151 953 3229 voluerint,
979 3175 1088 3217 omnes
1110 3155 1221 3238 pstriis
1242 3155 1393 3220 institutis

357 3249 491 3302 utentes.
544 3237 596 3301 De
623 3236 673 3300 his
702 3238 799 3337 igitur
827 3237 947 3321 placuit
969 3238 1233 3319 Lscedoemoniis,
1256 3241 1392 3306 steteris·

358 3345 420 3409 que
442 3345 550 3388 eorum
573 3323 665 3386 sociis
685 3327 723 3408 (sr
741 3322 949 3388 Athenienses
972 3346 1080 3406 pacem
1103 3323 1232 3406 facient)
1260 3341 1296 3390 ut
1318 3327 1393 3392 utri·

358 3431 420 3494 que
443 3408 475 3472 in
498 3429 556 3472 suo
581 3421 739 3486 moneant,
763 3409 933 3474 retinentes
958 3432 1005 3486 ea,
1029 3433 1101 3496 quse
1121 3431 1209 3476 nunc
1230 3411 1392 3478 habemur.

359 3494 391 3557 iri
439 3493 543 3558 uidem
564 3495 794 3559 Lacedaernonii
814 3493 848 3557 in
864 3495 1063 3582 Coryphssio
1081 3499 1163 3561 inter
1185 3497 1393 3580 Buphradem

358 3593 390 3644 et
446 3601 571 3642 omeum
600 3592 771 3644 manentes.
798 3580 831 3643 hi
855 3601 932 3644 vero
952 3583 1154 3648 Athenienses
1174 3583 1207 3646 in
1236 3585 1393 3674 Cytheris,

359 3664 403 3728 ito
425 3675 460 3726 ut
482 3664 585 3727 neutri
608 3686 680 3728 cum
705 3665 809 3750 alteris
834 3667 981 3732 societate
1003 3690 1069 3730 sese
1094 3670 1320 3752 permisceant,
1342 3692 1392 3734 ne·

360 3769 421 3834 que
450 3767 508 3810 nos
537 3771 609 3814 cunr
639 3750 725 3834 ipsis,
751 3773 853 3837 neque
882 3752 941 3837 ipsi
970 3752 1137 3818 nobiseum
1166 3756 1391 3823 commercium

359 3830 508 3897 habeant.
562 3835 629 3910 Qui
653 3858 728 3899 vero
750 3849 823 3900 sunt
847 3838 879 3900 in
905 3837 1013 3903 Nisaea
1033 3852 1065 3903 et
1086 3839 1210 3920 Minoa,
1228 3863 1269 3904 ne
1292 3855 1390 3908 mans·

359 3933 433 3982 eant
448 3919 541 4000 riom,
556 3941 628 4006 quse
647 3935 694 3984 est
709 3945 727 3984 o
743 3921 829 4006 Pylis
843 3923 883 3986 od
902 3923 971 3986 Nisi
991 3927 1133 3989 sacellum
1147 3936 1177 3989 et
1191 3925 1234 3989 ad
1249 3926 1390 4011 Neptuni

358 4003 537 4082 delubrum,
553 4019 585 4070 et
606 4028 625 4069 a
642 4005 784 4091 Neptuni
805 4007 938 4072 delubro
953 4009 994 4073 ad
1015 4024 1156 4093 pontem,
1172 4012 1228 4098 qui
1245 4011 1388 4077 Minoum

501 4209 666 4266 *Consulsat
679 4213 709 4258 od
721 4213 825 4270 putrium
839 4213 940 4276 quisque
951 4217 1036 4266 ritum.
1064 4215 1140 4264 Valla.
1165 4218 1249 4266 lluos.
