2996 4782
452 287 700 356 HlsTolttns
724 287 813 354 LlB.
837 287 863 352 Ι.
1155 299 1175 358 5

135 459 306 549 degebant,
325 460 414 547 jam⁴¹
435 461 588 548 parandae
617 460 761 546 pecurdae
789 460 893 528 studio
929 459 1032 547 magis
1065 458 1176 540 dediti,

135 548 330 614 constantius
361 569 398 612 nc
428 549 523 616 tetta
552 547 748 613 babitabant.
807 545 993 622 Quinetiam
1032 545 1174 632 quidam,

135 633 267 700 ditiores
296 653 391 718 quam
422 649 496 702 ante
524 633 611 715 facti,
640 635 730 700 urbm
758 633 858 697 muris
886 631 1174 698 circumdederunt.

137 719 267 784 Etenim
298 719 476 805 cupiditate
504 733 655 805 quaestus,
684 732 716 784 et
742 720 796 806 qui
821 717 1045 786 imbecilliores
1073 733 1174 796 erant,

133 805 351 891 potentiorum
381 805 562 872 servitutem
592 805 799 880 sustinebant,
822 819 855 870 et
882 809 938 893 qui
966 805 1173 890 potentiores,

2 921 3 926 ¹
159 893 210 956 nia
232 913 366 979 magnas
386 891 548 958 habebant
574 890 747 970 facultates,
770 891 910 958 minores
938 891 1078 958 civitates
1107 914 1176 958 suae

2 993 3 1034 l
134 914 250 1042 ditioni
281 978 509 1066 adjungebant,
537 999 654 1082 easque
683 979 837 1062 imperata
870 976 974 1044 facere
1066 979 1174 1046 ebant.

137 1063 222 1130 Cum
243 1079 352 1130 autem
373 1063 433 1130 hac
455 1065 580 1130 ratione
595 1086 664 1150 Jam
687 1085 764 1149 opes
784 1064 955 1141 auxissent,
978 1063 1019 1129 ad
1074 1065 1174 1151 rojam

137 1171 211 1216 cum
225 1150 365 1216 exercitu
379 1163 489 1236 postea
503 1160 579 1218 sunt
592 1148 736 1236 profecti.

179 1245 212 1304 9.
242 1235 527 1336 ΕῑοΑςιιιιεωηοη
543 1237 622 1302 mihi
638 1236 764 1302 videtur
777 1236 906 1302 classem
921 1237 1072 1321 coegisse,
1088 1237 1175 1324 quod

2 1315 3 1358 ³
135 1335 270 1388 caeteros
285 1321 369 1388 allius
385 1323 493 1388 saculi
512 1323 656 1409 potentia
669 1336 842 1408 superaret,
857 1345 922 1388 non
940 1339 1045 1388 antem
1070 1335 1175 1388 tanto-

135 1429 221 1492 pere,
237 1407 325 1494 quod
342 1407 480 1474 Helenae
494 1431 611 1496 procos
634 1407 799 1496 Tyndarei
818 1409 1027 1496 jurejurando
1041 1410 1175 1476 obstric-

137 1505 185 1558 tos
213 1493 358 1560 duceret.
412 1494 540 1562 Etenim
566 1495 622 1584 qui
648 1517 698 1560 res
731 1517 751 1560 a
786 1494 1024 1581 Peloponnesiis
1060 1508 1175 1583 gestas,

137 1580 301 1648 memoriae
315 1581 467 1666 proditas,
482 1595 514 1648 et
529 1581 591 1646 silri
605 1604 624 1646 a
638 1581 810 1667 majoribus
825 1583 959 1647 traditos
973 1595 1174 1666 acceperunt,

2 1735 3 1738 Ἴ
135 1680 167 1732 et
187 1664 441 1768 exploratissima
460 1681 689 1768 cognoverunt,
704 1667 846 1746 tradunt,
865 1667 1015 1752 Pelopem
1036 1669 1175 1753 primum

136 1774 209 1818 cum
235 1774 352 1839 magna
376 1775 407 1818 vs
427 1775 647 1839 pecuniarum,
664 1777 743 1841 quas
765 1775 870 1820 secum
892 1777 933 1818 ex
955 1753 1035 1820 Asia
1056 1755 1096 1820 ad
1117 1753 1175 1820 ho·

136 1839 238 1902 mines
262 1839 372 1925 inopes
396 1840 552 1918 attulerat,
568 1853 681 1925 persta
700 1841 852 1923 potentia,
869 1841 1013 1927 quamvis
1034 1841 1176 1929 peregri·

136 1944 199 1989 nus
220 1928 308 2002 esset,
331 1941 438 1992 tamen
460 1925 546 1994 illius
567 1926 708 2010 regionis
730 1947 908 2012 cognomen
938 1927 1122 2005 obtinuisse,
1144 1939 1177 1994 et

136 2023 250 2096 postes
264 2012 360 2098 longe
381 2013 533 2098 majorem
557 2015 656 2096 apsisss
674 2011 809 2096 posteris
830 2010 896 2076 obti
920 2011 990 2088 isse,
1007 2027 1078 2096 post
1103 2034 1176 2078 uam

136 2095 338 2182 Eurystheus
359 2097 489 2185 quidem
512 2098 545 2162 in
577 2097 687 2163 Attica
715 2096 756 2162 ab
786 2035 968 2164 Heracddis
992 2035 1176 2164 interiectus

2 2215 3 2248 t
136 2181 215 2259 luit3
238 2179 359 2250 Atreus
373 2205 458 2261 vero,
475 2185 529 2269 qui
545 2183 644 2268 ipsius
657 2196 726 2248 erat
740 2186 926 2265 avunculus,
942 2197 973 2249 et
987 2183 1042 2249 cui
1055 2183 1176 2271 Eurys·

2 2267 3 2272 ’
136 2268 239 2350 tineus,
277 2291 353 2335 uum
375 2269 417 2336 ad
435 2269 674 2356 expeditionem
694 2268 956 2355 proficisceretur,
970 2287 1102 2357 propter
1121 2291 1178 2334 ne·

136 2291 361 2420 cessitudinem
391 2355 556 2442 Mycenas,
586 2371 620 2420 et
647 2377 748 2420 ennam
777 2355 945 2441 imperium
975 2357 1178 2422 commiserat

139 2443 276 2524 (patrem
292 2462 367 2506 sero
382 2453 514 2527 propter
540 2439 713 2530 Chrysippi
728 2463 838 2508 necem
854 2441 1005 2530 fugiebat,
1023 2455 1057 2508 ut
1071 2443 1177 2523 aium)

135 2547 259 2610 regrum
275 2536 320 2592 est
336 2529 474 2612 adeptus.
521 2526 605 2592 Cum
626 2527 710 2592 enim
736 2527 934 2614 Eurystheus
954 2547 1018 2594 non
1039 2528 1177 2614 amplius

2 2657 3 2660 ,
136 2611 293 2688 rediisset,
305 2611 481 2699 Mycenaeis
497 2613 593 2678 etiam
608 2612 797 2690 volentibus,
816 2613 1060 2679 Heraclidamm
1077 2627 1175 2691 metu,

137 2697 232 2764 simul
246 2699 344 2764 etiam
358 2701 445 2785 quod
460 2698 510 2762 vir
524 2709 670 2764 strenuus
684 2721 752 2764 ease
766 2699 936 2778 videretur,
952 2713 984 2766 et
998 2699 1176 2766 multitudi-

2 2821 3 2832 κ
136 2784 185 2848 nis
199 2783 454 2850 benevolentiam
470 2783 531 2848 sibi
545 2783 752 2863 conciliasset,
768 2785 814 2850 ita
829 2787 1058 2872 demasnferunt
1080 2787 1176 2852 Atre-

214 2891 317 3020 regpo
340 2870 595 2959 Mycenoeorum,
619 2884 651 2936 et
672 2883 862 2936 caeterornm
885 2872 1040 2952 omnium,
1062 2872 1177 2960 quibus

2 2911 3 2966 l
137 2891 261 3043 ιὲῗψι
283 2978 339 3022 eug
352 2967 426 3022 ante
441 2955 628 3042 imperabat,
644 2957 792 3042 potitum,
808 2969 840 3021 et
858 2956 1024 3043 Pelopidas
1037 2957 1177 3024 Persidis

2 3113 3 3118 γ
137 3042 335 3126 potentiores
357 3045 413 3108 lrcc
434 3045 553 3108 ratione
574 3041 683 3108 factos.
740 3042 831 3119 Ques
852 3064 929 3129 opes
953 3047 1175 3131 Agamemnon

2 3187 3 3196 ,
138 3149 210 3192 eum
241 3129 423 3214 accepisset,
445 3142 479 3194 et
507 3127 604 3194 classe
633 3129 756 3196 caeteris
784 3129 838 3194 lon
862 3151 881 3195 e
908 3144 1086 3230 praestaret,
1109 3151 1175 3196 non

2 3215 3 3296 j
138 3214 242 3366 ἐπειὴ
251 3215 359 3300 potius
374 3235 470 3301 quam
486 3227 575 3281 metu
589 3214 696 3300 copias
711 3214 779 3280 illas
793 3151 873 3280 miii
886 3216 1011 3282 videtur
1025 3215 1175 3304 coegisse.

2 3303 3 3316 ¹
189 3312 278 3366 natat
292 3302 377 3366 enim
393 3323 467 3366 eum
481 3314 514 3366 et
527 3300 674 3387 plurimis
691 3321 764 3366 curn
788 3300 923 3366 navibus
961 3303 1128 3381 coiectum,
1145 3317 1178 3368 et

138 3385 316 3452 Arcadibus
341 3398 497 3471 praterea
524 3407 618 3452 ncces
641 3387 825 3486 praebuisse,
856 3400 892 3452 ut
960 3409 1087 3454 omems
1115 3389 1178 3456 boc

139 3469 320 3550 declaravit,
336 3474 361 3538 si
377 3474 429 3538 cui
444 3475 569 3538 idoneus
582 3483 670 3538 testis
684 3473 816 3539 ridetur.
858 3472 1044 3550 Quinetiam
1059 3475 1093 3540 in
1108 3475 1177 3560 ipsa

138 3557 258 3643 sceptri
285 3557 465 3637 traditione,
489 3558 573 3623 dixit
597 3558 720 3642 ipsum3
755 3557 868 3625 Multis
888 3560 1009 3639 itrsulis,
1032 3573 1065 3628 et
1088 3562 1176 3628 omni

138 3644 230 3732 nego
243 3645 412 3729 imperare.
468 3645 680 3733 Nequaquam
696 3644 794 3732 igitur
816 3644 945 3724 insulas,
960 3659 1079 3733 praeter
1099 3651 1177 3718 uici·

137 3751 195 3796 scs
216 3728 283 3815 (her
297 3743 403 3796 autem
419 3752 484 3796 non
508 3729 617 3796 multae
637 3752 705 3796 esse
723 3730 857 3816 possint)
882 3733 1106 3818 Agamemnon,
1121 3733 1177 3821 qui

2 3818 3 3904 l
137 3815 170 3882 in
186 3817 373 3882 continente
385 3815 427 3882 de
448 3816 534 3903 ebat,
545 3817 578 3880 in
594 3837 653 3882 sue
665 3817 785 3884 ditione
806 3816 925 3882 babere
938 3822 1100 3903 potuisset,
1116 3821 1177 3888 nisi

136 3901 279 3988 aliquam
299 3903 394 4004 etiarn
568 3901 740 4004 habuisset.
785 3901 838 3968 Ex
858 3905 919 3970 hoc
935 3917 1041 4006 sutem
1061 3905 1177 4008 bellico

135 3988 657 4162 :gmpmffgcufflcglldffiffdibaooenae
669 3987 752 4067 hcet,
768 3987 877 4076 quales
896 3989 1013 4058 fuermt
1033 4013 1176 4079 superro-

267 4271 281 4309 ⁴
297 4271 433 4334 trajanus
443 4274 584 4336 divitiarum
596 4274 677 4400 rtsspsiip3
682 4274 802 4331 instructi,
814 4272 921 4324 Arctus.
955 4274 1042 4324 unns.

455 4364 460 4374 '
621 4357 641 4400 B
658 4385 665 4402 ι
