2990 4792
418 323 665 396 Hlsttomnt
688 324 779 440 Lib.
802 331 870 400 ΙΙΙ.
1098 331 1158 401 lt'l

119 509 202 577 tnro,
218 498 314 566 aienti
331 498 422 566 lactis
437 500 573 568 induciis
587 505 784 589 promiserat,
800 507 970 590 postquam
984 502 1071 568 intus
1090 503 1160 583 fnit,
1194 515 1257 568 nen·

121 586 376 671 comprehendit,
392 589 576 690 sagittisque
597 590 750 655 confodit.
797 591 840 654 Et
861 590 1069 674 Colophoniis
1091 590 1161 656 No·
1185 581 1271 644 ΜΨ·

121 671 203 738 tium
225 673 374 752 restituit,
391 675 453 738 illu
474 676 625 761 exeeptis,
641 679 697 764 qui
720 675 895 743 Medorum
911 675 1055 761 partibus
1075 675 1162 742 feve-
1177 647 1278 774 ἐκ,

121 769 208 825 rant.
254 759 370 825 Postea
379 781 456 826 vero
470 761 695 844 Athenienses,
707 762 841 827 coloniis
854 784 894 826 eo
909 761 1101 842 mistisesm
1118 763 1163 827 ci·
1186 775 1264 838 snt.

119 846 302 912 vitatem‘ex
313 845 448 934 legibus,
459 847 673 934 institutisque
684 849 748 913 suis
758 849 1001 926 constituerunt,
1012 849 1164 915 omnibus
1189 839 1219 886 υ·
1239 839 1267 888 ‘²

124 929 347 1033 Colophoniis,
363 934 389 996 si
410 934 482 1020 quis
503 955 637 1022 usqusnr
659 948 737 1014 erut,
754 957 793 1000 ex
814 933 994 1000 civitatibus
1008 935 1041 999 in
1060 954 1162 1001 unum
1191 906 1261 1032 {ff

121 1031 252 1084 morus.
756 1062 760 1070 ·

165 1115 222 1172 ³⁵.
248 1105 369 1171 Psehes
391 1118 496 1170 autem
519 1106 697 1194 Mitylenen
720 1127 872 1184 reversus,
891 1105 1047 1194 Pyrrham
1063 1119 1094 1172 et
1118 1106 1164 1174 E·

118 1211 244 1256 ressum
260 1192 292 1256 in
313 1189 508 1258 deditionem
528 1193 668 1296 redegit3
691 1209 885 1280 ceptumque
906 1193 1081 1259 Seloethum
1098 1193 1164 1259 Lo·

121 1277 369 1355 eedaemonium,
393 1279 425 1343 in
455 1279 535 1345 urbe
558 1279 748 1361 latitantem,
770 1277 912 1345 Athenas
937 1279 1047 1361 mittit,
1069 1279 1164 1345 sirnul

119 1365 218 1428 etiam
248 1364 319 1430 illos
350 1364 563 1452 Mitylenaeos,
590 1385 670 1453 quos
699 1368 731 1431 in
763 1365 929 1431 Tenedum
959 1366 1165 1432 asservandus

122 1452 265 1530 miserat,
296 1463 329 1516 et
363 1453 388 1516 si
420 1451 491 1538 quis
521 1451 602 1517 nlius
634 1453 695 1540 ipsi
727 1451 913 1518 defectionis
943 1465 1038 1518 autor
1069 1451 1164 1518 fuisse

121 1537 303 1603 videbatur.
363 1537 522 1626 Majorem
552 1539 649 1604 etiem
679 1540 839 1623 exereitus
868 1549 990 1624 purtem
1020 1538 1163 1617 dimittit,

122 1644 199 1690 enm
213 1624 273 1689 reli
295 1625 344 1690 uis
363 1623 430 1711 ipse
447 1645 648 1711 permanens,
671 1645 744 1690 oum
765 1623 949 1712 Mitylenes,
979 1637 1047 1689 tum
1068 1625 1164 1690 etium

123 1723 253 1775 ceteras
330 1711 363 1776 bi
378 1733 428 1775 res
442 1712 598 1776 arbitratu
614 1732 672 1777 suo
686 1711 871 1776 constituit

168 1807 223 1863 36,
255 1797 340 1861 Cum
363 1810 468 1862 nutem
492 1797 661 1875 Selsethus,
684 1809 717 1863 et
739 1798 793 1883 qui
809 1819 828 1862 u
844 1795 984 1861 Pschete
1005 1797 1092 1862 missi
1114 1797 1164 1862 fu·

124 1897 228 1960 erant,
246 1883 389 1948 Athenas
403 1885 635 1970 pervenissent3
667 1882 877 1949 Athenienses
896 1883 1072 1948 Sslsethum
1093 1885 1165 1970 qui·

122 1970 199 2034 dem
222 1967 387 2034 confestim
410 1969 645 2049 interfecerunt,
667 1968 742 2034 lieet
764 1965 984 2054 spondentem,
1007 1991 1080 2033 oum
1103 1970 1166 2034 elia

124 2055 286 2143 quendam,
302 2069 370 2120 tum
386 2055 480 2121 etiem
500 2055 747 2143 Peloponnesios
762 2079 782 2120 e
797 2055 927 2120 Plstseis
942 2053 1063 2142 (adhue
1077 2056 1164 2120 enim

123 2141 369 2226 obsidebantur)
398 2163 431 2208 se
459 2141 684 2208 abducturum.
739 2141 794 2207 De
822 2139 953 2228 reliquis
983 2161 1059 2206 vero
1087 2161 1165 2208 con-

123 2232 246 2294 sultore
266 2241 441 2314 coepernnt
488 2228 533 2294 Et
553 2250 622 2315 prre
645 2232 693 2293 irs
713 2242 914 2305 censuerunt,
928 2226 1164 2292 interficiendos

124 2337 191 2379 non
208 2314 310 2380 solnm
325 2337 389 2394 eos,
402 2315 457 2403 qni
471 2314 621 2392 aderant3
643 2315 697 2380 sed
712 2315 806 2380 etiarn
820 2333 931 2378 omnes
948 2312 1163 2400 Mitylenaeos,

124 2413 286 2489 quotquot
305 2403 440 2486 puberes
459 2415 581 2479 essent;
611 2403 795 2488 impuberes
813 2421 901 2481 uero,
916 2420 954 2465 uo
970 2398 1116 2466 foeminea
1129 2401 1165 2466 in

124 2489 310 2553 servitutem
326 2487 534 2578 redigendas:
557 2489 669 2553 dantes
683 2487 809 2556 crimini
824 2507 897 2552 cum
913 2486 1044 2552 alteram
1060 2485 1165 2551 desee-

124 2576 259 2653 tionem,
276 2589 288 2616 ¹
304 2595 399 2662 quam
429 2576 470 2639 ab
499 2569 737 2640 Atheniensibus
770 2573 920 2650 fecerant,
951 2573 1025 2637 lieet
1053 2593 1164 2637 eornm

124 2660 263 2745 imperio
283 2681 346 2726 non
361 2675 592 2748 premerentur,
608 2673 644 2726 ut
660 2660 733 2738 elii3
756 2672 823 2724 turn
847 2661 943 2724 etium
964 2661 1105 2737 alterum,
1122 2653 1167 2723 nd

123 2767 223 2832 queam.
242 2748 331 2812 forres
350 2751 592 2826 solicitaveront,
616 2747 702 2832 quod
728 2745 1031 2832 Peloponnesiorum
1047 2745 1165 2823 elensis,

124 2855 200 2934 qum
214 2833 368 2899 auxilium
388 2833 466 2920 ipsis
484 2835 675 2920 Mitylenaeis
689 2833 803 2910 ferens,
819 2833 853 2896 in
870 2832 992 2896 Ioniam
1017 2851 1083 2934 non
1098 2832 1166 2896 sine

124 2919 541 3092 {inmittit
553 2918 1166 3093 strennuissimus

124 3091 237 3157 lenisse
258 3093 458 3158 videbantur.
503 3027 683 3157 'ffiremern
706 3093 805 3180 igitur
830 3092 869 3155 sd
898 3089 1067 3154 Pachetem
1093 3091 1168 3154 mit·

125 3191 210 3256 tunt,
226 3201 300 3267 quoe
315 3179 426 3264 populi
448 3178 610 3280 decretum
633 3182 770 3254 nuntiet,
786 3180 988 3262 imperantes,
1005 3188 1040 3240 ut
1061 3177 1167 3276 primo

124 3263 957 3437 thtttmntirlhltaet‘ntttnhttt
971 3260 1170 3413 lithini

124 3435 304 3516 decretum,
336 3437 424 3525 quod
454 3437 600 3515 fecerant,
631 3459 739 3502 secum
771 3435 832 3521 ipsi
860 3433 1063 3520 reputabant,
1101 3455 1171 3521 quo

126 3537 229 3590 totam
259 3524 418 3589 civitatem
449 3525 567 3610 potius,
593 3545 690 3610 quarn
715 3524 800 3610 ipsos
826 3520 1011 3586 defectionis
1040 3534 1168 3587 sutores

125 3611 234 3678 necari
251 3610 419 3698 jubebant.
464 3609 547 3676 Cum
569 3621 675 3676 sutem
699 3609 958 3712 Mitylenaeurum
978 3607 1086 3700 legati,
1099 3609 1166 3695 'qui

124 3699 271 3776 aderent,
287 3713 318 3762 et
329 3708 487 3786 quotquot
501 3696 706 3762 Athenienses
714 3695 789 3783 ipsrs
799 3694 977 3772 studebant,
994 3693 1167 3759 hoonnim-

124 3784 348 3864 advertissent,
372 3795 541 3849 suaserunt
560 3783 632 3861 illis,
649 3783 702 3870 qui
725 3781 910 3867 reipublicae
934 3792 1104 3867 praeerant,
1131 3793 1169 3846 ut

125 3872 188 3939 hnc
203 3870 246 3939 de
260 3895 295 3938 re
310 3872 349 3938 ad
365 3870 521 3958 populum
536 3872 650 3936 iterum
667 3867 831 3946 referrent,
844 3881 875 3933 et
886 3867 1058 3934 sententias
1073 3889 1167 3954 rogo·

126 3972 210 4026 rent.
256 3959 354 4036 Quod
369 3957 461 4022 facile
474 3967 709 4042 persuaserunt,
725 3956 800 4042 quia
815 3968 847 4020 et
861 3953 923 4018 illis
936 3953 999 4019 hoe
1013 3966 1082 4019 erat
1095 3973 1167 4038 per-

125 4059 283 4134 spectum,
300 4047 451 4132 majorem
466 4043 582 4107 civium
602 4057 724 4127 portem
741 4063 859 4128 cupere
874 4042 932 4105 huc
946 4038 988 4104 de
1003 4061 1037 4104 re
1051 4039 1166 4104 iterum

156 4258 171 4288 ι
181 4255 256 4310 Quor
272 4267 321 4301 son
335 4253 405 4300 rnna
421 4219 780 4310 eramusmaerore
797 4255 879 4297 mss
894 4250 956 4295 mu.
975 4245 1084 4294 nem.
1118 4243 1167 4292 oss

125 4315 746 4388 “gimmidetlfllnrliisislpxpsicutArlrl.
758 4317 829 4362 unet
842 4313 927 4360 1.t.c.
940 4311 980 4361 fl·
1016 4311 1100 4359 liunt.
1134 4325 1137 4334 ⁴
