2996 4782
411 263 655 332 HISTORIAE
679 263 767 330 LIB.
793 263 820 328 1.
1096 269 1133 327 31

116 455 201 502 auum
214 435 318 502 iocum
333 435 514 513 substituto,
532 435 722 502 Potidoeatas
736 436 769 500 in
786 433 1021 519 beliojurabat.
1065 432 1140 500 Hoc

115 533 213 586 eutem
226 536 295 587 erat
309 522 430 586 Aristei
451 523 629 596 consilium,
646 543 718 587 cum
734 519 872 586 exercitu
890 520 1030 606 quidem,
1042 541 1139 606 quern

114 605 144 670 in
152 605 273 672 Isthmo
283 629 388 672 secum
404 607 552 684 habebat,
565 607 774 672 Athenienses
784 605 952 692 diligenter
963 607 1139 682 observare,

114 692 136 754 si
149 708 255 758 contra
269 715 300 758 re
315 695 476 770 venirent3
499 693 725 758 Chalcidenses
739 714 826 768 vero,
842 704 875 755 et
889 694 1000 768 socios,
1016 694 1069 778 qui
1085 715 1141 758 ex·

114 791 158 840 tra
167 777 321 842 Isthmum
333 793 434 856 erant,
444 791 476 844 et
486 781 638 844 ducentos
650 780 780 862 equites,
791 778 906 877 quibua
916 793 1052 862 praeerat
1065 778 1140 843 Per·

114 860 220 942 dictas,
236 863 373 950 Olynthi
396 886 534 939 manere,
550 879 582 928 et
600 886 673 929 curn
691 863 900 928 Athenienses
914 877 1025 928 contra
1040 887 1073 928 se
1088 887 1140 928 ve·

113 951 217 1026 nireut,
234 972 254 1015 a
269 964 361 1033 tergo
381 949 618 1034 impressionem
636 950 668 1012 in
692 949 797 1014 hostes
822 948 934 1027 facere,
950 971 1066 1036 eosque
1080 951 1140 1014 cir·

113 1036 294 1100 cumvenire.
339 1036 463 1102 Contra
484 1057 559 1100 vero
574 1034 690 1102 Callias
707 1033 946 1102 Atheniensium
968 1035 1035 1100 dux
1075 1038 1140 1100 'us-

112 1140 168 1203 qne
180 1120 321 1208 coiiegae,
338 1119 554 1186 Macedonum
576 1119 707 1208 equites,
723 1142 902 1206 paucosque
920 1121 1021 1184 socios
1037 1058 1083 1185 (li
1102 1144 1140 1186 n·

113 1205 193 1268 thum
219 1228 327 1271 versus
351 1207 515 1284 miserunt,
536 1219 572 1270 ut
593 1206 675 1284 iilos,
696 1209 751 1290 qui
775 1205 905 1291 Olynthi
929 1218 1030 1283 erant,
1053 1144 1140 1272 iiiinc

112 1290 256 1355 auxilium
271 1293 336 1356 stria
349 1305 461 1356 contra
474 1314 506 1356 se
520 1291 602 1356 ferre
616 1291 830 1376 prohiberent.
877 1291 942 1377 Ipsi
956 1313 1032 1356 vero
1047 1293 1140 1358 motis

113 1377 177 1439 inde
199 1377 309 1442 castris
336 1376 513 1442 Potidoeam
540 1399 647 1441 versus
673 1376 914 1453 contenderunt,
937 1391 971 1442 et
995 1401 1068 1443 cum
1098 1379 1140 1444 ad

113 1459 258 1526 isthmum
275 1465 444 1541 venissent,
459 1475 492 1528 et
506 1461 700 1527 adversarios
714 1485 748 1528 se
763 1461 803 1526 ad
825 1462 974 1547 proelium
992 1479 1140 1548 parantes

112 1545 261 1623 vidissent,
278 1548 339 1634 ipsi
354 1571 481 1634 quoque
502 1548 601 1613 aciem
626 1549 691 1613 illia
709 1549 887 1634 oppositam
911 1550 1138 1628 instruxerunt,

111 1651 164 1695 nec
184 1632 285 1698 multo
311 1647 382 1718 post
405 1633 625 1698 conflixerunt.
670 1637 718 1700 Ac
742 1635 846 1718 ipsum
870 1633 998 1718 quidem
1022 1637 1140 1700 Aristei

111 1737 211 1796 cornu,
226 1733 259 1784 et
274 1733 434 1805 quotquot
448 1719 489 1783 de
505 1719 691 1797 Corinthiis,
707 1719 838 1804 aliisque
858 1719 1010 1784 militibus
1025 1720 1139 1786 delecti

110 1801 218 1867 circum
234 1806 340 1890 ipsum
350 1805 504 1870 Aristcrrnr
519 1818 621 1885 erant,
632 1805 761 1870 hostiurn
775 1827 868 1869 cornu
882 1803 940 1868 sibi
955 1807 1137 1889 oppositum

110 1887 137 1950 in
157 1887 263 1976 fugam
288 1903 459 1966 verterunt,
478 1913 594 1974 eosque
614 1905 839 1976 persequentes
860 1890 955 1976 longe
977 1912 1138 1975 processe·

110 1987 189 2039 runt.
235 1974 392 2062 Reliquus
412 1997 487 2040 vero
507 1975 766 2052 Potidaeatarum,
782 1989 813 2040 et
834 1974 1137 2060 Peloponnesiorum

108 2061 257 2206 {percitus
271 2062 315 2127 ab
330 2061 577 2126 Atheniensibus
591 2075 757 2148 superatus
770 2074 827 2139 eet,
843 2073 875 2125 et
889 2061 921 2124 in
940 2061 1048 2126 urbem
1061 2083 1138 2128 con-

157 2159 191 2209 rt.

9 2219 11 2290 ἶ
138 2170 195 2296 g63.
220 2231 306 2296 Cum
321 2245 426 2296 autem
443 2234 584 2298 Aristeus
598 2232 639 2297 ab
660 2229 750 2295 hoste
770 2231 990 2317 persequendo
1009 2234 1137 2316 rediret,

9 2347 10 2366 r
107 2331 269 2403 postquam
302 2318 458 2405 reliquum
492 2319 668 2383 exercitum
699 2316 777 2381 vidit
810 2317 940 2395 victum,
970 2318 1136 2397 dubitarit,

9 2411 10 2416 ’
107 2414 203 2466 utram
229 2417 357 2488 partem
381 2417 501 2488 petens,
528 2402 760 2490 Olynthumne,
783 2413 824 2466 tan
855 2404 1038 2481 Potidaeam‚
1064 2405 1138 2470 belli

10 2543 11 2560 2
106 2482 261 2552 iortunam
279 2489 518 2572 periclitaretur.
562 2487 725 2554 qTandem
748 2501 852 2552 tamen
868 2491 898 2569 ei,
919 2489 1049 2573 placuit,
1064 2513 1137 2555 curn

10 2573 11 2580 ’
106 2573 163 2636 suis
190 2573 356 2652 militibus,
386 2575 419 2638 in
448 2575 615 2638 minimum
644 2574 706 2638 loci
736 2573 872 2659 spatium
901 2576 1083 2652 contractis,
1109 2587 1140 2641 et

10 2665 11 2722 i
105 2677 198 2722 eonem
212 2661 284 2724 acie
297 2661 529 2745 confertissima,
544 2660 718 2726 Potidaeam
735 2681 828 2723 cursu
843 2672 961 2744 petere,
974 2674 1006 2725 et
1020 2661 1052 2724 in
1068 2683 1138 2726 earn

11 2891 12 2898 χ
105 2831 225 2894 marial

10 2735 11 2815 J
105 2761 316 2894 perrumpere.
362 2745 405 2810 Et
420 2747 568 2810 inurbane
590 2743 749 2832 ingressus
767 2759 814 2809 ert
835 2747 876 2845 ab
891 2768 928 2809 ea
949 2759 1048 2830 parte,
1065 2769 1138 2833 quae

240 2831 339 2908 uitur,
356 2853 457 2916 prope
479 2831 686 2916 crepidinem,
702 2829 787 2894 'telis
808 2845 934 2915 petrtus,
951 2845 983 2896 et
1005 2854 1090 2920 aegre
1104 2857 1138 2898 eo

11 2919 12 2962 3
99 2926 274 2994 perunum,
301 2917 410 3001 paucis
435 2917 563 3002 quidem
589 2917 724 2994 amissis,
749 2916 907 3003 plerisque
931 2939 1009 2981 vero
1036 2918 1138 2983 salvis.

11 3023 12 3052 t
105 2997 167 3074 Qui
182 3023 262 3066 vero
279 3001 433 3086 Olyntho,
449 3003 600 3066 auxilium
625 3001 806 3066 Potidaeatis
829 3001 934 3077 laturi,
952 3001 1139 3087 prodierant

11 3103 12 3110 ¹
106 3084 201 3166 (abest
217 3099 327 3152 autem
346 3110 367 3150 a
381 3091 527 3153 Potidaea
550 3089 713 3172 sexaginta
734 3085 832 3151 ferme
851 3088 971 3166 stadiis,
986 3099 1088 3172 utque,
1104 3102 1138 3155 ut

104 3170 134 3232 in
154 3175 237 3236 edito
261 3175 336 3250 loco,
352 3174 542 3258 conspicuus
561 3173 634 3254 est,)
648 3184 818 3260 postquam
841 3195 951 3260 pugna
970 3175 1139 3240 commissa

12 3291 13 3314 t
104 3269 156 3333 est,
171 3271 203 3322 et
217 3259 312 3358 signa
329 3259 452 3324 sublata
473 3258 637 3343 paululum
661 3258 706 3322 illi
721 3259 848 3344 quidem
871 3259 1029 3344 progressi
1051 3275 1136 3338 sunt,

12 3425 14 3432 Ι
104 3355 136 3405 ut
158 3344 315 3408 auxilium
339 3347 528 3409 Potidaeatis
553 3345 688 3419 ferrent3
714 3358 746 3408 et
771 3343 988 3424 Macedonum
1015 3348 1137 3429 equites

12 3433 13 3470 ³
103 3428 197 3492 aciem
222 3431 413 3494 instructam
440 3431 515 3512 ipsis
544 3443 772 3514 opposuerunt,
796 3442 832 3493 nt
856 3451 906 3493 eos
935 3430 1137 3515 impedirent.

12 3559 13 3586 ,
105 3509 275 3600 Postquam
298 3527 405 3580 autem
424 3516 555 3579 victoria
574 3536 670 3598 penes
685 3515 896 3579 Athenienses
916 3531 1046 3598 repente
1066 3515 1137 3599 fuit,

13 3669 14 3676 p
103 3613 132 3660 et
145 3599 260 3664 vexilla
283 3599 407 3665 revulsa
422 3612 506 3677 sunt,
522 3600 555 3663 in
573 3600 683 3664 urbem
707 3600 823 3664 iterum
839 3622 873 3663 se
893 3614 1090 3683 receperunt,
1106 3603 1138 3668 et

13 3685 14 3690 ’
105 3681 297 3750 Macedones
312 3685 352 3750 ad
367 3685 593 3750 Athenienses:
617 3684 738 3749 neutris
760 3699 865 3749 autem
888 3685 1007 3770 equites
1029 3686 1137 3753 adfare·

103 3787 184 3834 runt.
232 3773 310 3837 Post
334 3792 474 3860 pugnam
500 3784 606 3836 autem
627 3770 837 3835 Athenienses
858 3782 1014 3855 tropoeum
1038 3785 1138 3838 statu·

103 3869 201 3933 eruut,
217 3872 252 3922 er
265 3878 420 3921 caesorum
445 3857 580 3921 miiitum
597 3855 752 3921 cadavera
772 3877 850 3940 pace
872 3868 1032 3942 sequestra
1049 3857 1137 3923 Poti-

102 3935 209 4006 daeatis
220 3942 440 4008 reddiderunt.
480 3941 674 4007 Ceciderunt
689 3956 795 4006 autem
810 3964 849 4006 ex
866 3941 1052 4008 Potidaeatis
1067 3945 1137 4030 qui-

132 4113 145 4154 ‘l
154 4111 284 4174 Optimum
293 4113 429 4172 ridebatur,
437 4119 465 4160 ut
475 4113 581 4160 collectis
592 4113 643 4160 suia
652 4111 796 4166 Potidaeam,
805 4112 870 4171 quod
881 4113 1020 4171 proximum
1031 4117 1083 4158 erat
1093 4123 1137 4172 op-

102 4175 279 4234 pidum,cursu
292 4183 465 4238 perrumperet.
499 4176 605 4224 Aeacius.
639 4175 726 4224 fluns

132 4239 242 4287 'Multis
253 4241 386 4303 missilibus
397 4241 496 4300 petitus,
509 4241 592 4310 paucis
603 4247 648 4288 etc.
683 4240 790 4287 Acutius.
826 4237 915 4285 liuns.
