2964 4786
403 315 652 384 marorum
675 315 764 384 mn
790 277 848 384 ur.
1078 325 1142 391 sm

105 501 192 554 vates
218 487 421 575 protulerunt
445 489 564 554 hostias
589 511 677 556 more
700 501 854 575 receptas,
872 502 905 556 et
925 490 1079 556 tubicines
1100 489 1143 557 ad
1175 501 1238 556 sert.

106 596 310 662 congressum
325 575 440 640 milites
461 575 645 642 incitabant.
690 577 740 640 llli
760 598 835 641 vero
850 577 884 641 s'n
909 577 1020 641 hostem
1035 577 1144 642 tende-
1166 574 1248 633 ¹’²¹⁰1’-

106 659 194 738 baut,
212 662 402 747 Syracusani
429 661 568 747 quidem,
583 683 644 745 pro
665 662 769 746 patria
788 666 971 747 pugnaturi,
994 677 1025 726 et
1048 683 1144 728 unus-
1158 635 1257 762 ὃῗρὲῖζ

106 747 241 833 quisque
255 747 288 810 in
302 747 472 830 praesentia
486 769 546 831 pro
560 769 618 810 sus
638 748 748 824 salute,
765 760 797 812 et
812 749 843 811 in
859 761 1032 832 posterum,
1048 748 1144 813 liber·
1170 765 1209 813 st.
1221 766 1246 812 a.

105 844 181 898 tute.
227 832 281 896 Ex
303 831 446 897 hostibus
467 855 553 911 vero,
572 832 782 897 Athenienses
803 832 942 919 quidem,
957 856 1018 919 pro
1039 835 1144 900 alieno
1167 829 1239 938 ξω

104 928 141 982 ιιι
159 919 326 1002 proprium
347 917 511 995 haberent,
531 939 612 983 nevo
633 918 840 982 domesticum
864 941 972 1004 agnam
995 921 1070 986 victi
1088 921 1143 985 de·
1181 905 1242 1005 ᾗ·

105 1003 258 1068 trimento
283 1004 464 1068 afficerent:
488 1003 601 1089 Argivi
627 1024 711 1079 vero,
736 1017 768 1067 et
794 1003 850 1088 qui
876 1027 915 1068 ex
940 1007 1032 1069 sociis
1054 1006 1145 1072 liberi

105 1091 208 1167 erant,
226 1103 309 1154 utet
329 1089 400 1154 illos
414 1090 615 1155 Athenienses
638 1088 825 1176 adjuvarent
846 1089 879 1153 in
902 1091 1082 1175 quaerendis
1095 1115 1145 1156 re·

105 1175 159 1239 bus
173 1175 245 1251 illis,
261 1196 396 1261 quarum
419 1196 514 1239 causa
536 1178 610 1239 illuc
631 1189 792 1251 venerant,
808 1188 906 1262 utque
923 1197 1011 1240 suam
1027 1178 1147 1264 quique

104 1261 243 1344 patriam
257 1261 391 1325 victores
410 1263 592 1326 reviserent.
640 1261 726 1326 Socii
747 1283 833 1338 vero,
849 1263 902 1347 qui
926 1261 1061 1326 aliorum
1085 1264 1145 1326 im-

149 1347 197 1410 rio
215 1346 380 1430 parebant,
396 1347 558 1431 praecipue
579 1347 707 1433 quidem
726 1349 868 1411 animum
891 1347 1026 1412 alacrem
1048 1347 1146 1413 habe-

103 1367 185 1496 hina
211 1444 555 1582 propterqqaesentem
580 1433 723 1507 salutem,
747 1432 788 1497 de
807 1455 881 1518 qua,
905 1435 966 1497 nisi
985 1433 1144 1515 vicissent,

102 1517 328 1601 desperabunt.
407 1518 501 1582 einde
514 1540 601 1596 vero,
617 1518 755 1582 secundo
771 1518 841 1582 loco
858 1521 1053 1602 adproelium
1067 1539 1148 1584 coms

105 1606 287 1668 mittendum
308 1614 398 1668 munt
418 1606 546 1680 clunes,
563 1616 608 1681 ut,
624 1605 650 1668 si
673 1626 766 1690 quarn
793 1605 886 1668 etiam
911 1606 1006 1670 aliurn
1025 1616 1145 1688 gentem

103 1711 171 1754 uua
196 1711 269 1754 cum
295 1688 544 1754 Atheniensibus
565 1689 770 1778 subegissent,
791 1690 867 1774 ipsis
887 1690 1031 1755 'lucilius
1053 1712 1146 1775 pare·

103 1788 188 1842 rent.
301 1831 305 1838 .

150 1869 204 1931 70.
229 1863 313 1929 Cum
328 1875 433 1927 sutem
449 1862 487 1928 ad
503 1884 644 1950 pugnem
660 1884 835 1948 manusque
849 1875 978 1926 ventum
995 1875 1088 1945 esset,
1104 1865 1145 1930 ad

103 1949 223 2014 multas
237 1949 332 2014 horas
353 1949 442 2014 alteri
465 1949 571 2014 alteris
592 1949 785 2013 restiterunt.
832 1949 958 2012 interea
979 1971 1054 2013 vero
1069 1971 1146 2012 con-

104 2035 193 2122 tigit,
215 2047 306 2100 utet
327 2034 448 2120 aliquot
471 2035 612 2100 tonitrus
635 2047 666 2100 et
687 2033 824 2122 fulguru,
847 2046 879 2099 et
905 2035 1016 2134 ingens
1036 2034 1147 2119 pluvia

106 2121 205 2185 simul
219 2123 375 2186 existeret.
420 2121 640 2196 Quamobrem
662 2121 724 2184 illis
746 2120 887 2206 quidem,
902 2141 957 2206 qur
979 2131 1057 2184 tunc
1078 2122 1146 2205 pri-

105 2229 198 2272 mum
217 2206 415 2292 pugnabant,
431 2218 463 2272 et
484 2208 539 2291 qui
561 2209 592 2270 in
614 2206 704 2270 bellis
723 2206 854 2271 minime
874 2207 987 2271 versati
1007 2206 1144 2282 fuerant,

102 2291 170 2358 hoc
183 2295 278 2359 etiam
303 2295 453 2378 majorem
479 2305 634 2358 terrorem
649 2292 789 2357 incussit.
833 2291 902 2356 Illis
916 2312 1003 2374 vero,
1019 2294 1073 2378 qui
1088 2314 1143 2378 pe·
1155 2307 1264 2358 Novem·

103 2379 232 2444 ritiores
253 2393 353 2456 erant,
368 2401 415 2454 aa,
431 2401 505 2465 quas
527 2378 657 2458 fiebant,
676 2392 809 2463 propter
829 2378 905 2442 anni
928 2391 1053 2463 tempus
1075 2379 1144 2444 lieri
1184 2375 1229 2426 ms.

102 2464 315 2542 videbantur,
338 2464 391 2529 sed
406 2464 485 2528 illud
500 2465 574 2549 ipsis
595 2465 747 2549 majorem
770 2477 922 2528 terrorem
937 2465 1144 2542 incutiebant,

103 2551 197 2636 quod
211 2550 382 2615 adversarii
395 2572 460 2614 non
483 2550 694 2614 vincerentur.
741 2549 823 2614 Cum
845 2562 948 2614 autem
971 2551 1069 2635 primi
1083 2573 1146 2614 om-

102 2638 192 2702 niun
208 2637 320 2724 Argivi
341 2635 458 2700 laevum
485 2637 755 2722 Syracusanorum
780 2655 878 2700 cornu
892 2636 1098 2720 pepulissent,
1114 2649 1148 2701 et

153 2737 183 2787 st
204 2725 287 2806 ipsus
304 2722 512 2788 Athenienses
534 2743 642 2807 agmen
657 2720 717 2786 sibi
736 2721 931 2806 oppositum,
946 2733 1024 2786 tunc
1045 2736 1078 2786 et
1097 2743 1146 2787 re·

117 2809 213 2896 iquus
236 2811 508 2894 Syracusanorum
533 2808 689 2872 exercitus
714 2821 885 2892 perruptus
902 2819 960 2890 est,
979 2821 1012 2874 et
1037 2808 1147 2896 iugera

103 2893 221 2979 coepit.
266 2893 330 2960 Sed
360 2891 571 2959 Athenienses
607 2915 673 2958 non
708 2893 805 2982 longe
840 2895 1024 2981 persequuti
1053 2907 1145 2959 sunt:

104 2985 198 3066 (nam
223 2981 496 3066 Syracusanorum
521 2981 651 3065 equites,
667 2980 721 3065 qui
747 2979 909 3064 permulti,
931 2981 1018 3066 iique
1037 2981 1148 3046 invicti

101 3079 208 3142 erant,
224 3065 448 3150 prohibebant.
497 3065 537 3130 Et
558 3065 765 3148 impressione
787 3063 870 3130 faeta
893 3067 925 3129 in
949 3087 1078 3153 gravem
1097 3069 1147 3152 ip-

103 3173 214 3218 sotum
229 3165 434 3229 armaturam,
450 3151 477 3216 si
493 3173 572 3237 quos
587 3149 713 3237 longius
735 3151 933 3236 insequentes
947 3151 1146 3216 animadver-

101 3238 228 3313 tissent,
243 3260 294 3303 eos
308 3238 535 3323 reprimebant)
551 3235 605 3301 sed
621 3235 765 3312 conferti,
781 3236 889 3321 quoad
911 3248 982 3302 tuto
1001 3250 1144 3322 potuere,

101 3324 301 3410 persequuti,
327 3337 412 3388 retro
435 3346 468 3388 se
493 3335 691 3407 receperunt,
716 3335 748 3409 q
772 3335 929 3408 tropoeum
956 3335 1145 3389 statuemnt.

104 3409 301 3496 Syracusani
315 3430 391 3473 vero
405 3411 437 3472 in
460 3409 511 3474 via
529 3407 689 3474 Helonius
702 3409 896 3496 congregati,
912 3429 974 3492 pro
995 3412 1146 3495 praesenti

100 3517 214 3562 rerum
230 3508 312 3560 statu
334 3508 366 3560 et
379 3494 527 3560 facultate
542 3496 609 3560 acie
630 3494 794 3572 instructa,
815 3495 1022 3578 ¹prassidium
1039 3509 1145 3561 tamen

98 3606 123 3647 e
137 3603 268 3646 suorum
285 3602 419 3646 numero
433 3581 473 3644 ad
487 3581 528 3645 Ol
585 3581 691 3665 pieum
704 3581 868 3658 miserunt,
881 3582 983 3659 veriti,
998 3605 1038 3647 ne
1048 3583 1146 3648 Athe·

98 3668 230 3736 nienses
244 3666 405 3752 pecunias,
420 3689 493 3752 quae
508 3667 528 3730 il
544 3666 572 3732 ie
585 3680 687 3748 erant,
702 3681 895 3734 amoverent.
940 3669 1057 3734 Caeteri
1071 3691 1149 3736 vero

98 3758 138 3821 in
158 3753 268 3818 urbem
284 3753 457 3820 redierunt.

149 3847 205 3910 71.
228 3838 437 3905 Athenienses
452 3860 527 3902 vero
542 3837 584 3903 ad
599 3839 753 3924 templum
777 3840 903 3928 quidem
923 3863 988 3907 non
1004 3842 1145 3909 iverunt:

137 4031 151 4060 '¹
167 4025 227 4074 sat
244 4027 342 4074 illorum
353 4027 457 4087 imperio
470 4026 552 4072 minus
563 4031 741 4085 premerentur,
752 4027 817 4086 quod
831 4040 871 4074 cos
882 4027 908 4075 ln
918 4027 972 4073 aliis
983 4030 1079 4088 populis
1089 4031 1146 4075 sub·

98 4093 202 4156 igendis
226 4087 383 4152 arq'uvissent.
420 4091 470 4149 Vel,
492 4091 598 4136 fortunae
620 4091 734 4138 societate
753 4104 779 4137 se
805 4093 995 4150 consolarentur,
1014 4094 1080 4152 quod
1103 4093 1146 4140 alii

96 4158 210 4206 andem
222 4155 364 4201 seruitutem
376 4154 492 4202 subirent.
527 4153 614 4202 liuns.

136 4225 152 4254 ¹
170 4219 313 4329 Praesidiuup
333 4225 415 4266 nmen
431 4220 462 4266 ad
477 4218 643 4280 Olympicum,
658 4220 722 4280 quod
739 4220 817 4267 adhuc
834 4220 941 4280 ipsorum
953 4226 1013 4276 erat,
1025 4222 1145 4269 miserunt

96 4295 150 4338 ete.
185 4284 262 4332 vata.
309 4295 372 4332 nass.
