2990 4792
359 337 423 402 iss
682 319 687 328 ’
721 324 1031 400 THUCYDIDIS

256 519 325 574 »nst
359 519 464 592 erunt
510 505 626 571 Postes
646 525 724 570 vero
743 503 876 570 classem
903 523 1018 606 perere
1041 511 1218 588 coepemm,
1241 519 1347 600 quem·
1364 499 1399 563 in

257 593 340 652 ΜΨ
360 593 501 660 Lesbum
516 593 689 657 mitterent.
734 591 779 656 Et
799 589 978 657 eivitstsbus
999 589 1213 676 qosdmgintc
1226 607 1323 652 neves
1336 607 1399 650 rm·

244 655 344 784 bi
358 692 524 767 uu*
547 690 586 830 ‘t
604 677 739 830 ‘³3³¹ssae
760 699 821 762 ΡΝ
842 673 1203 827 usurus
1226 671 1399 825 tunt

258 785 335 960 {ii
357 784 575 918 hlehhihhhuhxtp
586 761 895 936 fficffipmsuppicdpo
917 783 1116 932 proiectuths
1139 781 1231 912 erist.p
1251 783 1400 911 hincci-

266 927 332 1028 ἐξ·
358 959 449 1004 enses
471 959 546 1003 vero
566 951 599 1002 et
623 936 684 1022 ipsi
710 955 784 1000 eum
808 935 874 999 suis
897 945 1024 1000 centum
1051 933 1184 999 navibus
1206 931 1339 998 domum
1363 949 1403 996 se

357 1036 556 1111 receperunt,
571 1035 741 1111 postquem
765 1021 836 1084 illos
857 1041 984 1108 quoque
1005 1022 1122 1084 mnam
1136 1021 1265 1086 rediisse
1277 1039 1399 1108 cogno·

358 1123 483 1176 verunt.

358 1191 1399 1368 n.¹3st‘,‘¹¹;t:⁰ttlltstl‚⁰ltltltltmllt‘lttt

358 1370 448 1447 simo,
471 1371 628 1454 rebusque
656 1303 804 1432 omnihus
826 1366 865 1431 ad
885 1368 957 1431 nevi
1001 1367 1120 1431 tionem
1143 1366 1328 1430 necesssriis
1349 1365 1400 1428 in·

358 1455 565 1521 structissima
586 1453 693 1518 clsssis
714 1453 790 1538 ipsis
810 1451 888 1529 lisits
994 1465 1027 1517 et
1048 1451 1149 1517 altero
1176 1451 1253 1516 huic
1275 1451 1399 1528 similia

359 1553 454 1629 etque
466 1539 562 1606 stiam
578 1541 689 1626 mejor,
705 1538 801 1626 hujus
814 1537 889 1604 belli
905 1537 1008 1604 initio.
1055 1537 1137 1602 Num
1157 1550 1285 1602 centum
1303 1559 1400 1602 naves

362 1629 514 1705 Atticum,
541 1625 710 1703 Euboeam,
737 1637 769 1690 et
795 1624 988 1689 Salaminem
1014 1624 1245 1702 custodiebant,
1268 1637 1301 1688 et
1326 1623 1401 1688 slim

359 1725 486 1779 centum
510 1713 595 1778 circe
617 1710 875 1796 Peloponnesum
897 1724 999 1788 erant,
1019 1721 1138 1796 prostes
1157 1710 1237 1788 illss,
1260 1731 1336 1797 quae
1357 1709 1401 1775 cd

362 1798 538 1865 Potidaesnt
562 1812 595 1864 et
620 1797 689 1862 eliis
716 1799 748 1861 in
772 1796 850 1862 locis
875 1809 985 1862 etant:
1016 1809 1053 1862 ut
1074 1817 1226 1862 numerus
1251 1797 1401 1861 omnium

359 1887 489 1951 navium
521 1905 585 1949 uns
611 1896 720 1950 estete
748 1883 974 1948 instructorum
1002 1881 1097 1948 licerit
1125 1883 1336 1948 ducentorum
1367 1893 1402 1948 et

360 1973 602 2060 quinquaginta.
632 1983 728 2058 etque
753 1970 815 2034 hoc
840 1970 1038 2056 potissimum
1065 1991 1225 2034 unacum
1251 1969 1403 2034 Potidme

383 2059 511 2123 ecunias
524 2059 686 2123 absumsit.
733 2055 817 2120 Nem
836 2067 869 2120 et
884 2055 1062 2121 Potidcesm
1078 2054 1268 2120 obsidebant
1284 2055 1402 2121 milites

358 2081 451 2209 hines
474 2144 641 2209 drachmas
662 2142 796 2207 diurnas
820 2153 992 2218 merentem
1025 2142 1154 2228 (etenim
1180 2142 1240 2205 sibi
1266 2143 1404 2229 quisque

358 2251 467 2308 unam,
491 2229 622 2294 alteram
646 2227 756 2294 famuli
779 2228 909 2292 nomine
930 2229 963 2292 in
989 2225 1073 2293 diem
1097 2228 1331 2313 soeipiebsnt3)
1353 2243 1404 2293 ter

359 2315 446 2380 mille
459 2315 599 2404 quidem,
617 2316 671 2400 qui
686 2315 781 2400 primi
797 2315 835 2379 sd
851 2335 921 2379 eum
937 2313 1142 2378 obsidendum
1158 2313 1243 2378 missi
1262 2313 1403 2396 merant,

360 2423 419 2466 nec
433 2403 608 2488 pauciores,
624 2401 726 2488 quiin
748 2400 816 2488 ejus
838 2400 1005 2465 obsidione
1025 2411 1281 2485 permanserunt,
1297 2401 1405 2467 donec

360 2511 429 2553 cem
445 2500 688 2576 expugnarunt3
708 2487 848 2552 sexcenti
863 2509 939 2551 sero
953 2498 985 2552 et
999 2487 1086 2551 mille
1100 2508 1172 2552 cum
1190 2486 1403 2566 Phormione,

361 2575 415 2662 qui
439 2588 513 2639 ente
533 2574 621 2638 urbis
643 2573 914 2660 expugnationem
936 2571 1160 2638 discesserunt.
1185 2584 1219 2638 et
1244 2575 1404 2639 universe

360 2681 456 2725 neves
478 2659 562 2724 idem
585 2659 776 2745 stipendium
802 2658 1010 2744 accipiebant.
1058 2659 1208 2725 Pecuniae
1233 2659 1335 2760 igitur
1356 2663 1404 2726 its

360 2747 500 2833 primum
522 2757 697 2811 consumtae
719 2757 803 2824 sunt,
818 2758 849 2811 et
871 2759 979 2811 tantus
1001 2746 1140 2824 nuvium,
1163 2765 1336 2826 maximus,
1353 2747 1404 2812 in·

362 2853 468 2918 quem,
482 2853 647 2909 numerus,
664 2844 711 2896 est
725 2832 908 2898 instructus.

409 2927 459 2982 18.
483 2917 661 3004 Mitylenaei
678 2939 753 2982 vero
774 2919 887 2984 eodem
909 2933 1063 3006 tempore,
1079 2941 1144 3007 quo
1161 2919 1404 2985 Leoedaemonii

361 3003 482 3069 tirsum
511 3003 668 3069 Isthmum
697 3018 799 3082 erent,
825 3028 898 3071 oum
928 3007 999 3092 ipsi,
1026 3019 1094 3070 tum
1120 3006 1216 3072 etiem
1241 3006 1406 3071 auxiliarii

361 3090 476 3155 milites
496 3089 538 3156 ad
555 3089 793 3178 Methymnam,
809 3093 898 3178 eujus
918 3113 977 3180 per
998 3091 1211 3178 proditionem
1233 3093 1407 3177 ospiendae

362 3199 449 3328 {iffi
472 3189 803 3330 copdoeptprontmteperp
824 3197 901 3328 icurip
927 3177 1168 3328 pxzrcimmsetpnt
1188 3180 1344 3328 profecti:
1367 3191 1408 3332 dt

362 3287 494 3415 modhnm
518 3287 754 3438 cispe'cthhsnt,
779 3284 1105 3437 Auidiumopyhhm,
1128 3285 1410 3438 edmlsrjddsmhe-

362 3436 493 3502 tierunt.
538 3437 583 3501 Et
610 3436 755 3502 stabilitis
778 3435 890 3501 hurum
921 3438 1083 3502 civitatum
1109 3439 1214 3513 rebus,
1237 3437 1441 3526 murisque·

363 3519 507 3599 firmatis,
537 3522 668 3586 domum
697 3525 842 3587 celeriter
870 3545 905 3588 se
932 3533 1130 3609 receperunt.
1187 3523 1280 3589 Meth
1340 3529 1411 3590 naei

363 3625 439 3672 vero
460 3619 491 3671 et
515 3608 574 3692 ipsi
597 3622 668 3693 post
689 3608 816 3674 illorum
839 3608 1011 3674 discessum
1034 3629 1106 3674 oum
1130 3610 1229 3695 copiis
1251 3633 1269 3675 s
1295 3631 1410 3680 versus

269 3713 328 3762 Post
366 3694 525 3758 Antissam
557 3693 691 3758 iverunt.
739 3695 802 3760 Sed
829 3710 957 3782 eccepto
982 3695 1073 3761 slede
1098 3694 1140 3760 sb
1163 3697 1342 3775 Antissteis,
1374 3713 1411 3764 et

242 3779 542 3843 &mdsuxittsriis
564 3779 754 3865 quibusdam
781 3782 944 3859 militibus,
968 3783 1024 3868 qui
1045 3781 1187 3847 subsidio
1209 3782 1285 3868 ipsis
1306 3807 1411 3850 vene

365 3877 447 3943 rent,
465 3864 581 3929 multos
596 3867 777 3944 omiserunt,
793 3869 963 3955 coeterique
984 3869 1127 3933 celeriter
1148 3870 1278 3935 domum
1295 3891 1413 3937 rever·

363 3963 481 4018 terunt.
528 3950 738 4017 Athenienses
759 3976 845 4032 vero,
866 3975 939 4020 cum
963 3953 1034 4020 haec
1056 3955 1224 4033 audissent,
1246 3969 1276 4021 et
1299 3955 1413 4046 Mity-

364 4036 481 4102 lenaeos
502 4050 586 4102 term
613 4041 718 4126 potiri,
743 4055 775 4104 et
797 4063 869 4105 suos
893 4039 1009 4105 milites
1032 4061 1097 4106 non
1122 4042 1197 4106 sutis
1221 4043 1337 4108 virium
1365 4047 1414 4112 ud

363 4123 435 4215 illos
459 4123 692 4209 prohibendum
717 4125 845 4204 hebere,
863 4129 930 4212 jam
956 4127 1083 4193 circiter
1105 4129 1251 4194 autumni
1274 4129 1413 4198 initium

363 4209 493 4274 mittunt
510 4209 679 4276 Pochetcm
696 4211 947 4297 Epioutifilium,
963 4213 1088 4293 ducem,
1105 4235 1177 4280 oum
1195 4214 1282 4280 mille
1297 4221 1416 4304 gentis

363 4317 430 4360 sure
447 4295 611 4364 militibus.
658 4297 708 4363 Hi
726 4318 804 4363 vero
825 4301 952 4384 insuper
971 4311 1006 4366 et
1022 4301 1179 4390 remigum
1202 4301 1347 4368 officium
1375 4306 1414 4370 in
