2994 4788
359 279 419 342 176
724 263 1026 336 THUCYDlDIS

259 469 322 518 mn,
354 443 526 510 duxerunt.
573 439 614 508 Fa
640 441 788 508 universa
809 441 928 518 civitas,
950 458 1024 526 ques
1049 438 1201 527 suijuris
1221 453 1394 515 nouerat,

247 535 330 596 Μῦν·
355 529 416 593 hoc
432 527 522 605 fecit3
545 549 604 591 nec
619 529 710 593 decet
731 527 760 592 ei
781 525 1038 612 exprobrarem,
1054 548 1126 611 quse
1148 547 1213 590 non
1236 525 1330 589 salvis
1352 525 1396 592 le·

240 600 325 708 5¹⁰·ss
353 615 448 702 gibus
464 615 614 702 peccavit.
659 616 703 680 At
724 627 893 700 postquam
909 627 941 678 et
956 611 1076 678 Medus
1097 612 1248 688 discessit,
1265 625 1297 676 et
1311 611 1396 696 leges

247 675 338 775 ΒΗ
355 703 483 786 recepit,
499 699 702 766 considerare
724 713 860 785 oportet,
880 721 952 764 cum
976 711 1084 783 postes
1108 697 1317 763 Athenienses
1337 697 1396 762 atl-

251 790 282 840 tt.
297 793 327 839 ⁰-
353 809 462 852 versus
479 787 614 852 Groecos
630 787 797 864 venissent,
813 799 846 852 et
866 799 939 849 cum
963 785 1118 872 reliquam
1134 784 1309 862 Graeciam,
1325 797 1394 850 tum

248 855 324 970 Ἠ·
352 874 449 939 etiam
464 887 602 938 nostram
619 873 780 960 regionem
804 872 837 936 in
859 893 949 936 attam
971 883 1158 956 potestatem
1181 869 1327 956 redigere
1341 892 1395 935 co-

352 971 515 1036 narentur,
530 973 563 1024 et
577 971 710 1046 propter
732 958 896 1023 intestines
919 957 1093 1022 discordias
1108 957 1224 1022 bonam
1240 957 1308 1042 ejus
1322 979 1396 1042 par-

352 1058 415 1110 tem
434 1047 500 1132 jum
519 1059 738 1131 occupassent,
752 1066 818 1108 nun
844 1043 898 1110 uid
920 1065 1030 1130 pugna
1051 1043 1092 1108 ad
1110 1041 1291 1108 Coroneam
1306 1065 1395 1108 com-

351 1131 457 1210 missa,
473 1132 613 1218 ipsisque
635 1131 802 1214 superatis,
881 1131 977 1194 otiam
1001 1129 1034 1192 in
1056 1129 1234 1194 libertatem
1253 1128 1394 1194 vindica·
1485 1149 1487 1154 ·

352 1219 500 1297 serimus,
511 1231 544 1282 et
557 1239 644 1282 nunc
659 1217 805 1282 alacriter
817 1215 977 1280 Graeciam
991 1237 1062 1280 cum
1075 1215 1197 1280 crateris
1212 1213 1393 1292 liberemus,
1486 1227 1487 1234 ’

350 1317 476 1370 tantum
491 1305 678 1390 equitatum,
690 1316 876 1388 tantumque
888 1323 994 1365 rerum
1007 1297 1190 1366 bellicarum
1202 1314 1393 1384 apparatum

350 1390 540 1476 prebentes,
578 1403 710 1455 uantum
729 1387 809 1453 nulli
831 1387 886 1452 alii
907 1387 948 1452 de
970 1387 1073 1452 sociis.
1118 1388 1223 1471 Atque
1238 1387 1310 1450 hoec
1324 1387 1394 1472 qui-

350 1475 423 1542 dem
440 1413 669 1561 respondemus
691 1473 733 1540 ad
754 1476 876 1538 crimen
898 1474 1070 1559 objectum,
1087 1471 1174 1559 quod
1195 1494 1269 1538 cum
1287 1472 1394 1538 Medis

351 1583 553 1626 senseramus.

394 1657 449 1714 68.
473 1646 607 1724 “Quod
630 1659 735 1712 autern
759 1669 814 1710 vos
837 1647 988 1731 majorem
1014 1644 1160 1730 injuriam
1185 1643 1327 1710 Graecias
1351 1643 1393 1710 se·

350 1732 467 1812 ceritis,
489 1747 522 1798 et
541 1733 683 1820 quolibet
712 1731 871 1817 supplicio
893 1729 1054 1832 digniores
1073 1730 1149 1808 sitis,
1172 1729 1393 1796 demonstrare

351 1820 552 1885 conabimur.
609 1819 800 1884 Societatem
831 1823 881 1902 (ut
913 1816 1000 1896 attis)
1036 1838 1108 1880 cum
1140 1813 1391 1882 Atheniensibus
1486 1885 1487 1896 2

350 1906 477 1986 iniistis,
499 1919 530 1971 et
552 1905 679 1970 civitate
702 1905 743 1970 ab
767 1902 829 1968 illis
854 1902 965 1968 donati
990 1901 1102 1978 fuistis,
1124 1915 1161 1966 ut
1182 1924 1241 1968 noa
1261 1902 1392 1968 ulcisce-

350 1993 474 2058 tcmini.
520 1991 700 2076 Oportebat
714 1990 812 2076 igitur
826 2011 883 2054 vos
896 1989 1049 2054 adversus
1062 2009 1121 2052 nos
1138 1999 1261 2052 tantum
1277 1988 1392 2076 ducere

349 2079 435 2163 ipsos
456 2077 669 2156 Athenienses,
690 2097 793 2163 neque
816 2097 880 2140 una
901 2094 976 2140 cum
1000 2075 1074 2158 ipsis
1095 2073 1174 2138 alios
1193 2073 1324 2140 Graecos
1345 2075 1391 2139 in-

349 2162 481 2239 vadere3
504 2163 695 2248 praesertim,
711 2183 783 2228 cum
804 2163 842 2243 (si
857 2183 921 2247 quo
935 2159 1027 2226 inviti
1040 2159 1081 2224 ad
1097 2159 1177 2224 alios
1197 2157 1391 2247 subigendos

349 2248 391 2313 ab
414 2249 663 2314 Atheniensibus
690 2247 903 2328 ducebamini)
930 2245 1044 2312 borum
1072 2245 1390 2312 Lacedaemoniorum
1486 2325 1487 2330 ἵ

350 2333 483 2399 societas
517 2347 628 2400 contra
659 2333 794 2398 Medum
826 2345 1000 2410 contracta,
1029 2331 1119 2396 vobis
1150 2345 1230 2396 esset
1260 2347 1390 2418 praesto,

348 2441 444 2506 quarn
461 2441 516 2484 vos
537 2419 596 2503 ipsi
619 2431 786 2504 tantopere
801 2419 948 2505 jactatis:
971 2439 1047 2482 nam
1069 2432 1101 2484 et
1123 2417 1186 2482 vim
1209 2431 1391 2484 nostramu

234 2529 241 2542 ·
348 2505 439 2570 vobis
465 2527 584 2582 arcere,
609 2519 641 2570 et
665 2504 764 2591 (quod
789 2505 967 2570 maximum
993 2511 1053 2582 est)
1078 2505 1144 2567 sino
1162 2519 1251 2569 metu
1274 2504 1391 2568 delibe

279 2627 282 2634 ·
349 2591 441 2657 tandi
464 2591 645 2657 facultatem
669 2591 759 2657 vobis
782 2590 926 2676 praebere
948 2590 1113 2674 potuisset.
1159 2589 1223 2655 Sed
1247 2590 1391 2676 profecto

349 2677 500 2757 volentes,
530 2699 596 2744 nou
626 2689 732 2742 autern
762 2676 864 2742 coacti
896 2675 1140 2741 Atheniensium
1170 2689 1277 2761 partes
1306 2678 1391 2762 sequi
1485 2747 1486 2752 ἵ

349 2761 512 2828 maluistis.
562 2762 606 2828 Et
621 2777 726 2829 tamen
742 2762 907 2840 dictitatis,
922 2775 1016 2846 turpe
1031 2761 1133 2840 fuisse,
1150 2761 1231 2826 bene
1246 2762 1289 2827 de
1304 2763 1391 2827 vobis

348 2847 480 2914 meritos
494 2850 640 2934 prodere.
683 2849 755 2914 Imo
770 2869 844 2913 vero
859 2847 955 2936 longe
970 2849 1094 2933 turpius
1109 2859 1141 2912 et
1155 2846 1199 2912 ini
1224 2849 1296 2914 nius
1313 2865 1389 2925 erat,
1484 2841 1486 2864 ¹

350 2933 515 3000 universos
538 2937 681 3012 Graecos,
704 2955 777 2998 cum
800 2934 918 3020 quibus
938 2933 1149 3020 jurejurando
1170 2958 1188 2998 a
1235 2935 1318 3000 ibito
1342 2958 1391 2998 so-

348 3019 493 3085 cietatem
519 3020 671 3097 feceratis,
694 3041 789 3106 quatu
812 3019 896 3084 solos
921 3019 1133 3086 Athenienses
1154 3019 1311 3104 prodere:
1334 3021 1390 3084 hos

348 3105 486 3189 quidem,
513 3108 590 3193 qnia
620 3107 780 3172 Graecism
811 3105 843 3170 iu
871 3106 1053 3171 servitutem
1083 3105 1288 3193 redigebant3
1320 3105 1390 3172 illos

347 3212 434 3269 vero,
449 3193 604 3279 quiaeam
622 3193 655 3256 in
676 3192 853 3257 libertatem
875 3191 1088 3256 vindicabant.
1112 3214 1172 3257 nec
1194 3214 1317 3278 parem,
1332 3215 1391 3256 nec

347 3275 511 3343 dedecoris
525 3291 689 3362 expertem
704 3278 842 3364 gratiam
857 3277 934 3362 ipsis
949 3278 1112 3343 retulistis.
1160 3277 1225 3343 Vos
1240 3279 1326 3343 enim
1343 3283 1392 3363 (ut

347 3362 463 3447 dicitis)
475 3387 529 3430 eos
540 3363 702 3441 ascivistis,
714 3363 800 3464 quod
818 3363 963 3450 injuriant
979 3363 1183 3448 pateremini;
1205 3363 1261 3428 sed
1278 3363 1388 3430 iisdem

346 3447 381 3512 in
404 3449 552 3536 injuriam
579 3449 649 3515 aliis
671 3447 816 3514 facienda
838 3471 893 3514 vos
919 3451 1019 3514 socios
1040 3449 1243 3534 praestitistis.
1291 3450 1390 3537 Atqui

348 3535 475 3618 turpius
499 3548 557 3612 est,
583 3557 650 3598 non
672 3533 790 3600 referre
816 3534 950 3598 similem
977 3535 1125 3621 gratiam,
1149 3557 1245 3621 quarn
1275 3537 1391 3603 referre

348 3639 429 3768 ¹ptrsrtp,
456 3642 529 3706 quta
554 3622 639 3706 justo
662 3619 791 3707 quidem
819 3620 962 3698 debetur,
987 3619 1043 3686 sed
1065 3635 1171 3686 tamen
1199 3623 1316 3709 injuste
1341 3644 1389 3688 re·

410 3725 459 3768 ur.

392 3797 446 3853 64.
470 3789 547 3854 “Et
561 3791 617 3854 too
630 3793 717 3856 modo
731 3789 923 3872 declarastis,
939 3815 995 3856 vos
1011 3814 1050 3857 ne
1066 3803 1144 3858 tunc
1158 3793 1290 3880 quidem
1305 3793 1390 3859 solos
1484 3831 1485 3862 t

349 3895 387 3936 ea
410 3875 537 3950 Boeott's,
562 3874 752 3940 Groecorum
777 3899 872 3942 causa
896 3901 916 3942 a
943 3877 1048 3942 Medis
1070 3901 1135 3944 non
1156 3883 1297 3958 stetisse3
1321 3879 1388 3958 sed,

349 3959 425 4042 quia
447 3981 488 4023 nc
512 3959 723 4026 Athenienses
767 3962 932 4028 uidemub
955 3966 1020 4030 iilis
1036 3975 1205 4030 steterant:
1229 3990 1286 4030 vos
1300 3989 1388 4045 vero,

350 4043 423 4126 quia
438 4043 560 4122 malem,
575 4068 647 4130 quae
668 4046 724 4124 illi,
739 3985 842 4112 ldeere
857 4048 1018 4128 volebatis,
1034 4049 1102 4116 istis
1118 4073 1193 4116 vero
1214 4054 1390 4134 contraria,

348 4138 383 4192 ut
398 4131 676 4194 in'Atlrerticnsium
697 4135 837 4216 gratiam
859 4157 909 4200 eos
930 4139 1161 4220 oppugnaretis,
1179 4161 1265 4204 nunc
1280 4153 1391 4204 tamen

347 4215 523 4296 postulatis,
538 4229 574 4281 nt
588 4239 626 4280 en
645 4217 734 4282 vobis
752 4221 885 4302 prosint,
901 4243 974 4307 quae
995 4222 1131 4288 alioruin
1152 4246 1248 4292 causo
1263 4224 1391 4290 fortiter
