2996 4782
439 284 855 356 presumuntur.
1072 383 1074 388 Ι
1129 297 1169 358 ss

125 447 181 528 thr
196 458 258 526 lise
272 460 420 546 pecunie,
436 483 532 548 quern
548 459 595 526 illi
610 473 772 526 sumtuum
788 461 972 529 militarium
986 483 1083 530 reuss
1096 483 1174 532 oon·

124 547 292 612 ferebant:
332 547 392 632 ipsi
409 568 494 624 vero,
520 569 620 635 qnnnr
644 545 854 614 deiectionem
876 546 1046 628 faciebant,
1069 550 1172 635 imps-

125 634 236 788 ur
250 632 801 786 nnnnrrrnre

125 767 273 894 pedestre
287 820 356 871 turn
374 807 485 872 navale
524 805 649 909 rreliunr
661 807 697 870 in
710 744 897 908 lffemflphylio
911 744 953 874 eh
966 807 1084 874 flumen
1102 809 1171 910 Eu-

123 891 1171 1066 ttrite?tif,„ittstttlttt‘nisfflttnlt

111 1069 200 1152 filio,
215 1078 440 1161 reporurunts
464 1079 497 1132 et
513 1065 705 1132 Plroeniounr
720 1067 864 1132 triremes
872 1069 989 1153 partim
1004 1083 1168 1155 ceperunt,

123 1152 245 1240 purtim
253 1153 348 1220 etiem
358 1165 584 1240 corruperunt,
595 1154 629 1216 in
638 1153 823 1218 universum
835 1152 1051 1221 adducentes.
1075 1155 1169 1224 Post·

124 1261 162 1306 ee
176 1262 254 1306 vero
276 1239 402 1314 accidit,
419 1254 456 1304 ut
469 1239 580 1304 Thssii
595 1239 637 1304 sb
653 1238 713 1304 illis
733 1237 919 1321 defluerent,
933 1253 1005 1307 orte
1030 1242 1115 1308 inter
1129 1243 1168 1308 il·

122 1325 171 1393 los
186 1326 404 1392 controversis
426 1326 467 1391 de
486 1325 646 1412 emporiis,
663 1348 737 1411 quse
750 1341 842 1392 erent
857 1326 891 1392 in
915 1328 1047 1394 adverse
1061 1328 1167 1396 Thro-

124 1415 183 1490 oie,
199 1423 233 1478 et
252 1412 295 1479 de
310 1411 456 1494 metallis,
477 1435 550 1499 quse
572 1413 788 1499 possidebunt.
835 1411 1045 1480 Athenienses
1059 1429 1166 1482 eutem

123 1521 198 1566 curn
219 1497 354 1566 neribus
378 1499 411 1564 in
431 1498 577 1564 'lhssum
599 1498 745 1585 proiecti,
772 1500 905 1566 naseos
924 1501 1028 1572 naroli
1058 1525 1100 1588 pu
1147 1527 1168 1570 s

124 1587 280 1665 viserunt,
303 1598 335 1652 et
354 1585 388 1650 in
413 1597 531 1650 terrem
557 1584 810 1652 descenderuntr
832 1607 971 1674 cumque
996 1590 1055 1654 sub
1081 1590 1091 1654 i
1114 1611 1166 1655 ern

122 1685 253 1758 tempus
266 1671 309 1738 erl
325 1673 379 1738 Str
403 1693 528 1738 monem
544 1671 654 1738 decem
671 1671 771 1738 millis
793 1672 992 1752 colonorum,
1008 1688 1078 1742 tum
1093 1699 1166 1746 suo·

121 1774 285 1836 rum‚tum
352 1759 358 1772 '
395 1758 461 1830 'um
473 1756 640 1837 misissent,
653 1758 754 1825 utsibi
766 1759 982 1839 vendicarent,
994 1765 1166 1829 reinserunt

114 1855 303 1930 percurrens
315 1847 493 1932 redigerent
505 1844 673 1931 oppidum,
686 1844 773 1945 quod
789 1858 866 1912 tuuc
877 1847 1006 1933 quidem
1023 1847 1166 1916 Novem·

122 1932 183 2000 viae
194 1932 379 2008 vocabatur,
396 1953 483 1998 nuno
497 1953 573 1996 vero
587 1928 802 2016 Aurphrpolis,
817 1931 873 1998 illo
888 1933 1016 2018 quidem
1032 1935 1165 2021 oppido,

145 2018 210 2086 uod
226 2017 335 2084 Edoni
346 2018 508 2096 tenebunt,
524 2019 585 2103 ipsi
596 2017 689 2104 potiti
704 2031 798 2084 sunt:
820 2017 920 2084 sedin
932 2019 1166 2088 mediterranea

118 2042 276 2172 luseris
290 2105 361 2170 loos
380 2107 552 2258 progressi,
571 2105 612 2171 ed
639 2103 839 2172 Drabesouur
862 2105 1041 2172 Edoniosm
1056 2108 1165 2195 profli-

117 2193 190 2344 peti
211 2191 379 2257 iirerunts
421 2191 576 2258 universis
600 2189 794 2271 Threcibus,
813 2191 929 2280 quibus
947 2191 1078 2260 infestus
1096 2207 1166 2262 eret

133 2301 211 2346 ocus
225 2278 289 2357 ille,
304 2277 359 2366 qui
371 2278 579 2356 condebatur,
597 2277 799 2344 Novem-vise
813 2278 1004 2364 appellatus.

169 2373 242 2432 101.
263 2363 374 2432 ‘lhssii
389 2387 465 2430 rero
479 2363 715 2450 uariirproeliis
724 2365 809 2444 victi,
822 2381 855 2432 et
864 2365 993 2446 obsessi,
1010 2367 1165 2436 Lecedoe·

119 2452 305 2518 mentorum
320 2451 477 2517 auxilium
492 2451 719 2536 implorabant,
734 2474 853 2553 eosque
873 2449 1097 2534 hortabuntur,
1117 2467 1163 2533 ut,

119 2539 300 2626 irruptione
321 2539 354 2604 iu
369 2539 508 2605 Atticam
527 2537 621 2615 fecte,
642 2560 737 2624 opem
757 2537 817 2604 sibr
842 2537 972 2604 ferrent.
1017 2539 1069 2606 llli
1087 2563 1165 2610 vero

113 2648 156 2697 ‚se
168 2624 233 2692 hoo
252 2624 393 2695 facturos
406 2624 489 2692 clsrn
505 2623 755 2692 Atheniensibus
769 2625 995 2714 promiserunt,
1019 2649 1057 2692 so
1070 2626 1164 2694 fecis·

119 2729 212 2778 sent:
233 2711 289 2778 sed
315 2725 409 2778 terres
424 2722 515 2777 motu
530 2710 674 2797 impediti
688 2710 837 2778 fuerunt:
860 2711 915 2780 diu
930 2735 996 2798 quo
1010 2726 1043 2779 st
1058 2713 1164 2780 Heln-

119 2811 169 2866 res
183 2812 218 2865 et
228 2821 271 2870 ,ex
285 2798 428 2868 finitimis
443 2798 623 2875 Thurietoe,
638 2810 672 2863 et
687 2796 879 2864 AEtheenses
896 2799 1044 2864 lthomen
1061 2823 1164 2868 seces·

118 2899 242 2952 serunt.
289 2887 434 2954 Fuerunt
449 2898 554 2950 sutem
571 2905 613 2948 ex
630 2883 803 2952 Helotibus
818 2884 949 2970 plurimi
969 2886 1164 2976 abantiquis

117 2972 183 3039 illis
199 2971 379 3050 Messeniis,
394 2983 472 3038 tuuc
486 2973 518 3036 in
539 2971 722 3036 servitutem
737 2970 885 3052 redactis,
896 2972 1036 3054 oriundi,
1050 2995 1163 3060 quarn·

1 3049 2 3062 ¹
116 3059 230 3126 obrem
249 3059 346 3130 etism
368 3080 479 3124 omnes
501 3058 698 3126 vocabuntur
719 3058 879 3123 Messenii.
924 3057 1163 3126 Lscedaenronli

118 3169 130 3210 r
156 3160 220 3212 rtur
234 3145 352 3210 bellum
364 3156 567 3231 susosperunt
582 3142 734 3210 adversus
743 3143 825 3221 illos,
842 3145 897 3228 qui
911 3159 1003 3210 erent
1014 3143 1162 3212 lthornae.

118 3171 235 3300 labeni
248 3254 323 3298 sero
332 3233 427 3298 tertio
441 3231 616 3300 obsidionis
630 3251 718 3295 suno
731 3229 981 3298 Atheniensibus
995 3253 1062 3296 sese
1072 3231 1162 3298 dedi-

117 3321 240 3387 derunt
254 3319 304 3387 his
315 3317 562 3396 conditionibus,
579 3328 615 3383 ut
628 3317 714 3382 urhis
726 3337 790 3382 Μ
803 3338 912 3385 muros
922 3317 1160 3398 demolirentur,

116 3429 215 3474 nares
229 3405 402 3482 truderent,
419 3416 452 3470 et
466 3404 654 3491 irnpereteur
665 3403 836 3487 pecuniam
851 3402 1079 3488 persolverent,
1095 3420 1161 3474 taur

117 3517 202 3575 esur,
215 3516 313 3582 quum
324 3495 357 3558 in
367 3491 539 3578 presentis
549 3513 603 3556 eos
615 3511 793 3567 numerere,
809 3510 906 3574 quom
920 3511 1001 3568 eum,
1017 3513 1112 3578 quern
1127 3493 1161 3558 in

116 3595 283 3671 posterum
303 3578 443 3664 pendere
461 3577 640 3665 oportebat,
656 3591 755 3664 utque
777 3575 855 3663 ipsis
869 3589 902 3642 et
922 3577 1107 3646 continente
1129 3592 1162 3645 et

1 3671 2 3723 ἶ
117 3667 256 3738 metallis
269 3666 442 3734 cederent..

164 3765 240 3825 102.
264 3750 503 3820 Lacedaemonii
517 3772 604 3830 vero,
618 3771 692 3818 cunr
709 3749 826 3816 bellurn
838 3749 989 3816 adversus
1002 3774 1161 3819 emouere

111 3855 211 3931 ptum,
227 3842 282 3930 qui
300 3838 437 3904 lthonroe
449 3849 552 3916 erent,
566 3835 809 3922 produoeretur,
825 3858 900 3902 curn
912 3836 1047 3912 eliorum
1059 3839 1163 3905 socio·

116 3953 200 4010 rum,
216 3942 288 3995 torn
305 3927 401 3992 etism
419 3923 658 3990 Atheniensium
677 3943 770 4008 opem
787 3925 996 4009 auxiliumque
1009 3925 1161 4011 implore·

115 4033 203 4086 runt.
250 4013 304 4081 llli
318 4035 406 4090 vero,
423 4011 558 4077 Cimone
581 4010 672 4087 duce,
689 4029 761 4076 curn
785 4031 848 4075 non
864 4010 988 4098 exiguis
1003 4013 1103 4098 copiis
1117 4017 1163 4078 od

113 4107 318 4174 exiverunt.
363 4098 441 4167 Illos
455 4110 561 4164 eutem
586 4097 785 4181 potissimum
805 4111 990 4176 evocarunt,
1005 4097 1094 4185 quod
1118 4099 1159 4169 sd

300 4343 304 4348 Ι
328 4273 342 4312 rt
354 4274 383 4326 ld
391 4280 437 4330 est,
448 4271 519 4338 eujus
530 4277 695 4321 terror-motus
707 4277 823 4332 tempore.
859 4271 947 4322 Hune.

615 4341 673 4402 si
