2990 4792
385 361 633 429 HlsToRlAE
657 350 742 427 ΗΒ.
768 361 812 426 11.
1079 371 1136 430 101

91 533 232 624 perinde
247 547 346 621 atque
360 535 412 601 isti
426 535 580 617 iecerunt,
594 535 766 622 quicquam
775 535 899 621 justum
915 544 971 600 aut
985 535 1142 622 aequabile
1175 551 1237 601 neu.

93 625 127 687 in
165 643 342 688 commune
375 621 555 687 consuiant.
612 619 809 705 ⁰Quotquot
838 643 914 687 vero
942 635 1039 686 aetate
1074 623 1140 709 jam
1165 617 1250 678 ⁹⁹¹⁰?-

94 721 250 795 provectn
270 708 355 786 estis,
378 711 475 774 vitam
495 721 608 787 actam,
633 730 706 794 quae
728 706 787 772 fuit
808 707 946 793 longior,
969 721 1001 774 et
1024 709 1056 773 in
1078 732 1143 795 qua
1157 683 1257 810 (fflp,

93 795 259 876 doruistis‚
274 795 345 860 loco
360 795 441 861 lucri
456 796 562 860 ducite
571 820 581 872 3
613 809 645 858 et
660 793 813 881 reliquam
830 794 959 860 brevem
976 795 1043 860 fore
1057 796 1142 860 exis·
1166 811 1206 860 at.
1224 811 1247 858 r.

95 883 219 960 timate,
245 893 278 947 et
303 882 436 966 istorum
462 879 566 968 gloria
593 879 736 946 dolorem
763 881 873 947 levate.
920 880 1031 948 Solum
1057 883 1142 948 enim
1168 875 1199 925 ¹¹·
1215 875 1244 925 ⁰·

95 970 241 1046 honoris,
256 979 287 1034 et
308 989 389 1034 aem
407 970 520 1054 gloriae
541 966 681 1032 studium
704 987 769 1032 non
793 968 935 1033 senescit
982 969 1095 1056 Neque
1110 969 1143 1034 in
1173 941 1244 1056 ἕξ

95 1079 135 1120 ea
156 1055 262 1122 aetatis
277 1053 471 1130 infirmitate,
488 1077 561 1142 quae
575 1052 739 1119 hominem
754 1053 860 1119 reddit
874 1055 1032 1132 inutiiem,
1055 1078 1144 1144 quse·

64 1209 68 1216 ,
94 1159 176 1222 stus,
192 1155 229 1208 ut
245 1139 391 1206 nonnulli
406 1141 528 1218 dicunt,
544 1141 645 1230 magis
668 1139 814 1220 delectat,
831 1163 926 1228 quam
945 1142 1012 1227 ipse
1025 1141 1142 1220 honor,

95 1251 163 1316 quo
177 1229 250 1315 quis
260 1241 403 1294 ornatur.

151 1325 208 1382 45.
232 1320 254 1354 “
270 1314 397 1380 Liberis
412 1327 529 1394 autem,
545 1327 578 1380 et
591 1313 742 1401 fratribus
756 1318 904 1398 istorum,
919 1329 1077 1418 quotquot
1090 1313 1145 1382 hic

96 1401 225 1479 adestis,
248 1423 401 1488 magnum
424 1413 585 1466 certamen
610 1405 803 1486 propositum
825 1425 888 1468 esse
909 1402 1012 1468 ardeo.
1057 1401 1144 1468 Eum

95 1491 197 1566 euim,
212 1490 267 1575 qui
282 1487 348 1553 sato
362 1487 491 1552 functus
505 1501 562 1566 est,
578 1488 711 1574 quilibet
725 1488 857 1554 laudare
878 1489 969 1555 solet.
1026 1487 1070 1554 Et
1089 1491 1145 1554 vix

95 1589 212 1640 veatrae
234 1575 360 1639 virtutis
382 1573 607 1660 exsuperantia
627 1575 684 1639 hoc
705 1578 826 1662 assequi
840 1577 999 1658 poteritis,
1022 1585 1056 1640 ut
1077 1598 1143 1641 non

94 1664 165 1726 dico
178 1683 273 1748 pares
287 1659 365 1736 iilis3
390 1660 445 1725 sed
462 1673 497 1726 ut
510 1659 610 1748 paulo
623 1660 787 1727 inferiores
797 1662 997 1748 judicemini.
1058 1661 1144 1728 Nam

95 1747 180 1812 livor
203 1761 252 1813 est
273 1748 357 1812 inter
378 1748 522 1826 aemulos,
546 1747 699 1836 quamdiu
725 1749 847 1819 vivunt.
893 1747 959 1814 sed
988 1748 1033 1826 id,
1055 1749 1144 1835 quod

96 1835 195 1901 nullis
217 1845 266 1900 est
285 1833 528 1920 impedimento,
542 1845 573 1900 et
594 1837 632 1914 ir,
655 1837 712 1920 qni
720 1835 793 1919 jam
807 1836 895 1912 obiit,
912 1835 1142 1914 benevolentia,

95 1944 162 1988 non
179 1921 300 1986 aemula
313 1921 440 1987 colitur.
485 1922 520 1986 Si
542 1943 638 2007 quam
662 1935 767 1988 autem
791 1935 823 1986 et
844 1921 885 1988 de
900 1923 1018 1988 virtute
1031 1924 1146 1990 mulie·

95 2031 183 2093 rum²
197 2031 272 2095 quoe
293 2009 327 2072 in
350 2007 505 2073 viduitate
526 2030 612 2073 nunc
634 2019 738 2087 erunt,
754 2008 947 2074 mentionem
971 2031 1021 2072 me
1042 2007 1146 2075 facere

94 2107 239 2182 oportet,
254 2095 344 2160 brevi
367 2093 589 2160 adhortatione
603 2117 672 2160 rem
686 2107 786 2160 totam
801 2097 1005 2182 complectar.
1058 2095 1145 2162 Nam

96 2183 239 2270 gloriam
261 2196 411 2270 magnam
433 2181 665 2266 adipiscemini,
679 2182 706 2246 si
727 2205 747 2246 a
761 2181 898 2267 pristina
912 2193 1016 2247 vestra
1030 2195 1146 2248 natura

97 2291 234 2354 sextaque
249 2289 314 2332 non
329 2267 522 2332 desciveritis
531 2292 540 2346 3
571 2282 603 2333 et
625 2267 651 2332 si
666 2289 797 2353 operam
815 2268 974 2350 dederitis,
990 2282 1026 2334 ut
1048 2291 1144 2356 quam

97 2356 270 2422 minimum
291 2355 438 2438 rumoris,
455 2356 521 2422 sivo
543 2356 577 2420 in
591 2354 720 2438 bonam,
736 2355 849 2420 sivein
871 2355 985 2420 malam
1008 2369 1146 2442 partem,

96 2441 140 2508 de
155 2442 247 2509 vobis
263 2444 346 2508 inter
360 2465 462 2509 manes
477 2441 710 2509 disseminetur.

140 2539 197 2596 46.
216 2527 394 2616 “Exposui
409 2553 471 2618 ego
484 2553 614 2618 quoque
630 2532 785 2608 oratione,
797 2551 838 2595 ex
852 2530 931 2619 legis
945 2532 1145 2618 praescripto,

97 2639 303 2704 quaecunque
324 2617 366 2682 ad
388 2639 454 2683 rem
477 2633 666 2702 praesentem
682 2615 784 2683 facere
800 2617 952 2703 judicavi.
974 2630 1006 2682 et
1028 2617 1148 2702 reipsa

97 2704 155 2789 qni
259 2703 390 2782 liuntur,
413 2704 532 2789 partim
556 2703 683 2791 quidem
701 2705 770 2790 jam
794 2719 868 2770 aunt
888 2707 1004 2782 ornati,
1027 2704 1146 2791 partim

98 2725 323 2856 aerosiiidrum
342 2788 461 2856 liberos
478 2790 588 2855 civitas
603 2789 731 2875 publico
745 2789 809 2855 alet
822 2790 863 2856 ad
879 2791 1079 2876 pubertatem
1095 2812 1147 2855 us·

96 2899 174 2963 que,
193 2876 305 2941 utilem
321 2875 464 2962 profecto
478 2891 510 2942 et
525 2876 591 2942 istis
604 2889 638 2941 et
652 2879 785 2961 posteris
797 2899 949 2942 coronam
963 2877 1147 2964 hujusmodi

94 2965 275 3028 dedicantur
297 2963 505 3044 certaminum
521 2983 714 3050 proponens.
759 2961 844 3028 Num
867 2962 954 3049 apud
977 2987 1058 3051 quos
1078 2987 1147 3030 ma·

95 3051 190 3115 xima
203 3050 332 3115 virtutis
351 3050 486 3136 praemia
504 3063 741 3134 proponuntur,
756 3051 789 3114 in
812 3051 928 3114 borum
950 3051 1046 3115 etiam
1068 3051 1146 3116 civi-

98 3151 167 3202 tate
188 3137 253 3200 viri
273 3135 526 3222 praestantissimi
543 3149 720 3202 versantur.
775 3135 850 3200 Jam
873 3159 961 3219 vero,
975 3151 1143 3225 postquam
1178 3155 1237 3204 ron

97 3237 225 3290 vestros
264 3225 360 3308 uique
374 3224 569 3288 necessarios
583 3222 833 3308 deploraveritis,
850 3222 945 3290 abite.
1153 3221 1269 3270 Μυῒ-’ὓ

143 3320 202 3381 47.
268 3309 427 3396 ujusmodi
441 3309 540 3397 igitur
553 3307 648 3374 funus
662 3307 724 3374 hac
738 3307 852 3395 hyeme
867 3307 985 3374 factum
1000 3321 1064 3374 este
1085 3307 1147 3376 hae

97 3411 213 3463 autem
240 3409 355 3462 exacta
382 3397 505 3482 primus
535 3397 628 3481 hujus
658 3393 734 3459 belli
763 3417 867 3460 annus
894 3411 943 3460 eat
972 3395 1147 3462 absolutus.

102 3483 234 3549 AEstate
261 3496 368 3548 autem
397 3483 504 3548 statim
534 3481 674 3558 ineunte,
707 3481 942 3568 Peloponnesii,
973 3504 1150 3571 eorumque

102 3573 183 3636 socii
207 3591 284 3634 cum
306 3568 432 3634 duabus
452 3571 610 3654 copiarum
633 3568 787 3654 partibus,
812 3582 850 3634 ut
874 3582 906 3634 et
928 3583 1012 3646 ante,
1035 3569 1069 3633 in
1090 3573 1150 3636 At-
1185 3584 1187 3593 '

103 3658 204 3722 ticam
238 3656 434 3741 irruperunt,
468 3654 699 3734 (Archidamus
727 3677 804 3720 vero
834 3654 1023 3721 Zeuxidami
1043 3659 1151 3740 filiun

105 3743 433 3810 lacedaemoniorum
461 3741 545 3819 Rex,
572 3741 634 3807 iilis
659 3743 822 3827 praeerat)
848 3742 1022 3830 castrisque
1051 3743 1085 3808 in
1113 3766 1153 3810 ea

101 3829 219 3916 positia
241 3851 354 3917 agrum
377 3827 553 3894 vastabant.
601 3827 685 3894 Cum
708 3851 756 3893 uo
772 3828 915 3894 nondum
941 3829 1058 3894 multos
1082 3829 1151 3896 dies

101 3917 140 3982 in
162 3937 246 4006 agro
268 3916 380 3982 Attico
402 3917 600 3997 mansissent,
622 3851 754 3980 morhus
779 3914 990 3982 Athenienses
1010 3917 1151 4002 primum

15 4021 17 4030 ‘
101 4002 242 4092 aggredi
264 4001 380 4090 ooepit:
404 4023 587 4089 quanquam
602 4013 634 4066 et
648 4015 723 4067 ante
737 4023 809 4066 cum
826 4003 859 4067 in
874 4001 991 4068 multas
1005 4003 1152 4091 regiones

15 4095 18 4144 ¹:
100 4091 261 4156 invasisse
281 4087 453 4168 ferebatur,
476 4102 544 4154 tum
566 4089 661 4154 etiam
683 4088 716 4154 in
740 4087 911 4168 Lemnum,
935 4103 967 4155 et
988 4087 1051 4154 alia
1069 4088 1150 4156 loca.

142 4261 157 4288 ⁰
166 4257 217 4312 Qut
228 4271 287 4305 vere
302 4255 409 4320 majore·
425 4264 484 4306 natu
500 4258 569 4316 estis,
579 4258 668 4318 quibus
684 4259 794 4306 maxima
804 4260 862 4305 vita·
878 4269 944 4317 pars,
960 4255 1025 4316 quod
1036 4255 1104 4302 luero
1115 4261 1151 4300 est

100 4323 295 4382 apponendum,
307 4324 376 4369 beate
387 4329 441 4370 aeta
450 4331 495 4378 eat,
503 4337 559 4384 que
568 4323 710 4382 reliquerit,
722 4324 820 4370 brevem
829 4324 880 4370 rore
890 4321 1004 4381 sugium,
1015 4325 1088 4380 atque
1097 4331 1151 4368 caan

98 4387 188 4450 {pun
200 4387 247 4436 ictu
258 4389 347 4436 horum
359 4389 434 4449 posia
444 4388 543 4436 elevate.
579 4387 645 4435 casa.
681 4385 770 4434 Hans.

616 4458 675 4515 ns
