2996 4782
346 308 388 364 66
715 297 1023 368 THUCYDIDIS

344 471 613 574 rugaquioquam
638 491 761 575 serum,
777 493 853 574 quae
873 475 961 575 milri·
977 473 1155 560 polliceris:
1169 485 1283 560 ntqne
1302 474 1386 552 aun,

344 560 1389 732 intitulatttttittu’nlt'tt’ttttttttffi

342 730 417 795 viro
428 731 531 815 probo
547 753 585 795 uc
596 733 704 814 fideli,
727 750 821 818 quern
843 732 884 797 ad
903 745 938 797 te
959 733 1039 810 misi,
1060 753 1147 798 meas
1168 747 1301 820 tuasque
1324 756 1385 810 res,

343 831 440 900 prout
464 840 483 882 e
506 817 663 902 dignitate
686 839 725 882 ac
744 818 880 898 utilitate
900 819 1066 906 utriusque
1077 833 1221 884 noatnrm
1246 821 1387 885 maxime

343 925 410 978 ease
418 903 583 988 judicaris,
600 905 738 1006 transige
751 904 961 970 confidenter.

390 999 463 1055 180.
489 991 662 1056 Pausanias
677 991 725 1055 lus
740 989 839 1055 literis
853 993 1002 1074 acceptis,
1018 1014 1092 1056 cuns
1108 1013 1254 1076 maguam
1272 1003 1387 1056 aucto-

342 1076 542 1163 ritatemjam
556 1091 631 1142 ante
644 1078 728 1162 apud
744 1077 878 1142 Grteoos
893 1077 1033 1153 baberet,
1050 1089 1081 1144 et
1093 1079 1213 1142 abillis
1227 1081 1319 1144 ualde
1331 1081 1389 1142 lim

342 1174 508 1228 auraretur
522 1175 654 1248 propter
669 1162 712 1228 im
738 1163 841 1227 etium
861 1163 902 1228 ad
925 1164 1061 1229 Platoear
1075 1181 1210 1251 gestum,
1225 1177 1303 1230 tunc
1315 1164 1390 1230 ani-.

343 1255 412 1312 snos
435 1248 530 1337 longa
557 1251 658 1332 magis
679 1271 697 1313 e
719 1271 789 1314 erre
803 1251 915 1335 coepit,
941 1273 1002 1316 nec
1021 1251 1158 1336 amplius
1171 1253 1332 1315 consuetis
1348 1273 1387 1316 ac

344 1337 452 1419 patriis
472 1337 622 1400 institutis
641 1338 748 1400 virere
761 1337 884 1420 potuit:
908 1337 963 1400 sed
987 1336 1074 1402 cultu
1100 1335 1232 1401 Medico
1251 1349 1385 1401 ornatus

342 1421 465 1506 prodiit
479 1423 645 1508 Byzantio,
661 1423 789 1508 ejusque
806 1443 861 1506 per
873 1421 1046 1487 Thraciam
1059 1426 1162 1488 euntis
1177 1424 1277 1488 latera
1289 1421 1385 1488 Medi

342 1521 376 1572 et
404 1507 552 1595 AEgyptii
576 1508 724 1573 satellites
756 1509 869 1572 armati
898 1509 1070 1592 stipabant.
1125 1508 1274 1574 Mensam
1303 1532 1385 1594 quo-

343 1613 406 1680 quc
422 1593 580 1659 Persicam
596 1594 655 1659 sibi
670 1595 789 1680 apponi
804 1599 953 1660 curabat:
976 1617 1080 1697 neque
1090 1615 1162 1660 suas
1176 1595 1386 1683 cogitationes

342 1679 479 1765 amplius
504 1682 669 1748 continere
691 1693 834 1766 poteram
864 1680 919 1746 sed
945 1703 1055 1766 paucis
1076 1683 1259 1766 levibusque
1287 1681 1386 1746 rebus

342 1781 463 1851 aperte.
480 1767 638 1852 prodebat
658 1789 708 1832 res
735 1789 877 1856 magnas,
901 1789 979 1854 quas
1001 1769 1109 1833 animo
1130 1781 1331 1852 conceperat,
1352 1780 1386 1832 ct

341 1865 618 1941 posteaperagere
631 1867 792 1920 statuerat.
838 1852 999 1920 Praeterea
1013 1878 1046 1920 se
1059 1857 1175 1920 mactis
1195 1853 1285 1920 aditu
1300 1853 1384 1918 diffi-

342 1938 434 2003 cilem
454 1943 628 2026 praebebat,
646 1953 677 2004 et
689 1940 858 2004 iracundia
872 1941 954 2006 adeo
974 1941 1065 2028 gravi
1084 1943 1115 2004 in
1139 1961 1249 2005 omnes
1264 1941 1387 2026 pariter

342 2028 501 2104 utebatur,
526 2041 562 2092 ut
576 2029 621 2092 ud
633 2049 698 2091 nun
713 2026 821 2108 nullus
836 2039 943 2110 posset
956 2027 1116 2107 accedere.
1143 2026 1384 2106 ,Quamobrem

344 2117 439 2182 etiam
454 2113 654 2200 potissimum
680 2113 757 2211 socii
773 2112 813 2177 ad
835 2112 1081 2178 Atheniensium
1097 2129 1203 2198 partes
1227 2114 1387 2178 transive-

344 2201 1386 2385 mldlielz'dbddlgnidiriildei'diiiauditis,propterhaecipsaetpri:
1425 2303 1427 2310 ‘

343 2397 432 2442 mum
445 2395 518 2438 eum
533 2384 731 2452 revocarunt,
741 2385 773 2435 et
826 2383 950 2457 stquam
961 2373 1074 2436 iterum
1089 2371 1299 2437 Hermionide
1310 2393 1390 2436 navi

342 2476 460 2537 vectus,
476 2461 619 2544 ipsorum
630 2459 762 2544 injussu,
801 2457 962 2543 ujuamodi
979 2454 1124 2523 facinora
1136 2456 1240 2534 facere
1253 2458 1386 2524 rideba-

342 2559 406 2614 tur.
453 2547 496 2612 Et
511 2545 669 2631 Byzantio
683 2543 725 2609 ab
741 2544 990 2609 Atheniensibus
1009 2547 1136 2610 olnesso
1151 2545 1286 2627 pervim
1310 2544 1385 2628 pul-

342 2655 406 2712 sus,
424 2635 571 2718 Spartam
588 2630 715 2719 quidem
732 2653 797 2694 non
811 2631 1047 2717 revertebatur:
1072 2644 1106 2696 at
1120 2631 1195 2716 ipsis
1210 2631 1384 2696 nuntiaba-

343 2734 407 2799 tur,
423 2741 495 2798 eum
512 2718 601 2782 redes
615 2717 657 2781 ud
673 2718 741 2802 agri
758 2715 892 2802 Trojani
909 2717 1048 2782 Colouas
1063 2717 1214 2802 posuisse,
1231 2730 1263 2781 et
1278 2717 1385 2782 conai-

342 2807 387 2876 lia
399 2826 473 2872 cum
489 2804 665 2869 barbariae
689 2804 779 2884 itare,
794 2823 898 2889 neque
912 2805 1033 2886 publici
1053 2801 1135 2872 boui
1146 2804 1241 2878 cautis
1262 2803 1387 2868 diutius

343 2896 410 2959 illic
424 2912 573 2956 manere:
597 2891 641 2954 ita
664 2825 793 2954 demum
807 2911 874 2954 non
888 2889 1026 2972 amplius
1040 2889 1303 2974 supersederunt3
1328 2890 1390 2974 sed,

344 2978 470 3068 Ephori
485 2978 580 3042 misso
590 2975 809 3052 caduceatore,
821 2989 853 3040 et
867 2973 995 3061 scytale,
1010 2975 1219 3061 imperarunt,
1233 2997 1275 3040 ne
1297 2999 1318 3041 a
1330 2997 1385 3041 ca·

342 3067 515 3141 duceatpre
529 3061 722 3139 discederet3
745 3060 876 3146 alioqui,
902 3063 1077 3145 Spartanos
1099 3063 1139 3140 ei,
1153 3073 1189 3128 at
1207 3063 1298 3139 torri,
1316 3063 1391 3128 bel·.

342 3153 408 3234 lurp
424 3151 563 3216 indicere
573 3149 799 3233 significarunt.
845 3145 905 3213 Ille
915 3169 1001 3227 vero,
1018 3171 1092 3214 curu
1102 3169 1197 3236 quam
1212 3149 1383 3214 minimum

342 3249 505 3330 suspectus
520 3259 587 3300 esse
601 3232 706 3314 vellet,
721 3249 753 3298 et
775 3233 895 3298 crimen
917 3234 1078 3321 objectum
1093 3257 1126 3300 ae
1139 3235 1284 3320 pecuniis
1298 3235 1391 3301 dilu·.

342 3340 451 3393 turum
522 3333 618 3398 raret,
633 3321 750 3385 iterum
767 3321 915 3406 Spartam
939 3320 1044 3386 rediit.
1089 3321 1139 3386 Ac
1153 3321 1293 3405 primum
1310 3323 1387 3410 qui-¹

342 3413 416 3478 dem
427 3411 477 3476 ab.
516 3407 625 3494 phoris
641 3407 674 3470 in
688 3427 848 3472 oaroemm
862 3418 911 3472 est
931 3407 1104 3493 conjectus,
1127 3406 1283 3492 (Ephoris
1295 3409 1385 3474 enim

343 3497 467 3590 Regem
482 3495 683 3560 itatraotare
701 3490 801 3574 licet)
816 3491 932 3557 deinde
947 3515 1022 3559 vero
1037 3515 1072 3559 re
1086 3515 1151 3560 cum
1174 3493 1387 3580 Magistrutr'e

340 3585 401 3650 bris-
414 3591 586 3658 transacta,
601 3590 712 3664 postea
724 3580 799 3644 inde
812 3579 924 3656 exivit,
939 3601 1035 3681 seque
1049 3601 1138 3646 reum
1158 3578 1334 3658 constituit,
1351 3594 1388 3648 et

339 3669 475 3736 crimina
489 3666 549 3732 sibi
564 3665 689 3751 objecta
702 3663 835 3730 cuilibet
848 3665 1013 3750 injudicio
1028 3665 1225 3754 coarguendi
1240 3682 1383 3752 potesta·

340 3767 405 3822 tem
420 3753 506 3820 fecit.
1289 3795 1299 3815 .

386 3851 457 3908 lat.
482 3839 630 3926 Spartani
646 3859 722 3902 vero
737 3836 861 3902 nullum
879 3837 1009 3926 quidem
1033 3838 1236 3905 manifestum
1251 3839 1381 3924 signum

338 3927 511 4003 habebant,
526 3945 629 4012 nequa
640 3923 741 4074 {psius
753 3923 884 4002 inimici,
900 3946 1004 4011 neque
1015 3925 1165 4008 ,universa
1178 3927 1299 4003 civitas,
1314 3949 1381 4029 quo

338 4016 406 4080 sine
420 4011 620 4079 dubitatione
664 4010 713 4075 eti
735 4009 925 4095 supplicium
947 4025 1109 4078 sumerent
1126 4012 1167 4077 de
1182 4014 1260 4090 viro,
1276 4034 1335 4101 qur
1349 4027 1381 4080 et

337 4102 427 4190 regio
441 4119 558 4188 genere
572 4110 676 4174 natus,
692 4111 725 4162 et
746 4095 872 4161 bonore
889 4119 1000 4182 magno
1022 4109 1099 4163 tunc
1120 4100 1275 4184 temporis
1295 4121 1380 4184 proe·

337 4185 515 4255 dirus'erar.
552 4181 720 4248 Plistarchi
734 4183 817 4248 enim
837 4182 1073 4266 Leonirlrefiiii,
1089 4207 1163 4250 cum
1179 4207 1234 4251 rex
1248 4197 1280 4250 et
1298 4208 1386 4273 puer·

338 4273 445 4339 adhuc
464 4281 548 4336 esset
568 4271 645 4356 ipse,
662 4269 716 4356 qui
740 4270 807 4354 ejus
828 4282 896 4334 erat
915 4271 1136 4351 consobrinus,
1154 4272 1285 4338 tutelam
1307 4295 1379 4360 ges·

338 4373 429 4426 serat.
477 4359 637 4424 Caeterum
669 4353 783 4420 multus
813 4356 1006 4440 suspiciones
1034 4357 1210 4442 praebebat,
1236 4381 1309 4424 curn
1336 4361 1378 4424 ob
