2994 4788
227 499 287 548 Bell.

224 823 254 871 tt.
269 827 296 873 C·

223 888 298 939 verr.

155 995 156 1000 ,
231 953 289 1004 829.

326 320 389 380 228
714 311 1014 381 THUCYDIDlS

324 485 523 553 conditiones
536 485 596 552 sibi
609 507 668 573 per
682 487 841 572 proeoouis
861 509 972 553 vocem
986 485 1120 552 oblutus.
1166 485 1281 552 Postes
1295 510 1378 554 vero

221 567 304 678 Ἠ
324 573 416 672 factis
437 573 586 676 induciis,
604 577 637 675 ip
664 573 861 660 colloquium
888 586 1045 676 venerunt
1068 573 1170 638 Cleon
1190 587 1224 639 et
1245 574 1376 675 Demo·

212 663 312 756 oty'np.
324 661 462 763 sthenes,
476 673 509 725 et
523 683 563 726 ex
579 659 650 738 rllrs,
668 660 814 762 §typhon
831 660 1088 763 Phpmsfim,
1100 661 1185 746 quod
1202 659 1376 746 Eprtedus,

221 759 297 808 ω’*
324 747 806 923 liliiiirilsfilillnil}
822 747 1060 900 lltl‘sttl
1082 746 1376 911 5ξὲᾞὲζὲἳῖμὲ

326 933 486 1008 superstes
509 921 592 986 inter
613 919 779 986 defunctos
804 933 958 1007 tunquam
985 933 1130 988 mortuus
1146 922 1280 1006 jaceret,
1297 924 1377 1007 'ipse

324 1009 437 1073 tertius
459 1006 654 1096 designatus,
676 1007 731 1108 qui
757 1007 934 1108 legitimum
959 1007 1129 1093 imperium
1151 1007 1324 1090 obtineret,
1346 1010 1374 1072 si

325 1094 404 1182 quid
427 1095 609 1160 humanitus
633 1096 708 1180 ipsis
733 1093 911 1160 occidisset.
958 1094 1105 1179 Styphon
1127 1105 1247 1175 sutem,
1261 1108 1295 1158 et
1317 1097 1373 1182 qui

325 1203 398 1246 eum
415 1203 454 1244 eo
476 1194 577 1258 erent,
594 1181 756 1259 dixerunt,
773 1202 807 1246 se
828 1179 907 1246 velle
930 1202 988 1266 per
1007 1202 1172 1266 proecones
1187 1203 1283 1268 egere
1297 1201 1374 1246 com

325 1266 591 1344 Lucedoemoniis,
607 1267 705 1354 quiin
720 1267 903 1332 continente
916 1283 1019 1348 erant,
1029 1266 1107 1353 quid
1116 1265 1176 1331 sibi
1189 1266 1372 1332 faciendum

324 1367 414 1420 esset.
460 1353 546 1418 Cum
570 1369 676 1418 sutem
702 1353 913 1419 Athenienses
936 1352 1059 1419 nullum
1084 1353 1213 1440 quidem
1240 1354 1372 1420 illorum

324 1440 484 1527 proficisci
499 1441 723 1524 permisissent,
740 1439 797 1504 sed
816 1439 877 1525 ipsi
893 1463 934 1505 ex
949 1439 1374 1506 continenteeaduceutores

323 1540 524 1603 evocassent3
546 1540 578 1591 et
592 1527 653 1604 bis,
669 1538 756 1592 terve
769 1527 1001 1592 Locedaemouii
1018 1548 1086 1592 susos
1100 1527 1372 1627 intemogessents

323 1629 513 1700 postremus,
530 1615 586 1700 qui
608 1637 628 1678 a
648 1612 906 1700 'Leoedaemoniis
928 1635 969 1677 ex
988 1613 1171 1678 continente
1192 1635 1308 1679 missus
1329 1614 1372 1679 od

324 1723 380 1766 eos
402 1700 575 1788 navigavit,
592 1701 656 1764 luec
677 1699 885 1778 renunciavit,
903 1697 1165 1764 Lecedaemonios
1185 1700 1302 1786 jubere
1316 1723 1373 1766 vos

324 1787 370 1851 its
394 1785 581 1871 vobisipsis
612 1785 787 1864 consulere,
811 1798 848 1851 nt
870 1785 995 1851 nullum
1021 1786 1158 1852 dedecus
1182 1786 1372 1853 semirutis.

327 1872 380 1938 Illi
393 1896 482 1952 veru,
497 1872 629 1938 consilio
650 1873 734 1938 inter
755 1894 788 1938 se
810 1873 901 1951 inito,
917 1894 1006 1938 urme
1024 1887 1056 1938 et
1077 1895 1111 1938 se
1132 1874 1221 1958 ipsos
1239 1873 1371 1939 dedide-

324 1973 412 2026 runt.
457 1959 552 2026 Illum
576 1971 684 2024 autem
705 1959 802 2038 diem,
825 1971 857 2024 et
875 1971 1001 2025 noctem
1026 1961 1058 2030 in
1117 1971 1242 2024 nentem
1267 1959 1371 2025 elthe-

323 2048 449 2112 nienses
464 2069 517 2111 eos
539 2048 571 2111 in
594 2045 739 2112 custodis
762 2057 943 2112 tenuerunt.
989 2045 1094 2116 Postri
1118 2045 1148 2110 ie
1168 2067 1244 2111 vero
1266 2046 1370 2111 Athe-

323 2135 448 2198 nienses
462 2133 601 2220 quidem,
618 2146 742 2217 tropreo
757 2133 790 2198 in
812 2132 916 2198 insule
938 2143 1069 2216 statmo,
1084 2145 1202 2198 caeteru
1215 2131 1256 2198 ud
1279 2134 1369 2198 nsvi-

324 2221 483 2306 petionem
500 2221 673 2284 necessaria
686 2232 852 2304 perurunt,
869 2232 901 2286 et
915 2219 1056 2304 captivos
1071 2218 1252 2284 triersrohis
1266 2241 1369 2284 asser-

324 2305 446 2370 vandus
474 2304 717 2371 distribuerunt.
764 2304 1003 2372 Lacedaemonii
1032 2327 1119 2383 vero,
1144 2308 1241 2370 misso
1270 2307 1370 2371 cudu-

324 2401 459 2472 oeatore,
479 2413 608 2459 suorum
631 2391 784 2458 cadevera
804 2404 1002 2480 receperunt.
1048 2391 1115 2457 Tot
1134 2405 1240 2458 autem
1263 2394 1297 2456 in
1316 2394 1367 2457 in-

322 2479 395 2546 suls
408 2483 526 2566 partim
542 2479 699 2556 obierunt,
716 2481 832 2565 purtim
850 2481 915 2545 vivi
930 2479 1014 2566 cepti
1030 2478 1170 2546 fuerunt.
1215 2478 1369 2547 Universi

323 2568 461 2654 quidem,
488 2569 543 2655 qui
567 2567 600 2632 in
623 2566 760 2632 insulem
784 2568 987 2643 transierant,
1013 2579 1104 2631 erunt
1129 2566 1367 2654 quadringenti,

322 2667 354 2718 et
368 2655 482 2740 viginti
496 2655 601 2742 gravis
614 2666 787 2720 armeturoe
803 2653 929 2720 milites.
973 2652 1026 2718 Ex
1040 2651 1102 2718 hoe
1116 2669 1258 2718 'numero
1272 2655 1370 2718 Athe·

321 2761 380 2806 nas
395 2741 456 2804 viti
471 2739 569 2804 deleti
583 2739 711 2805 fuerunt
725 2741 859 2806 trecenti
873 2740 978 2806 minus
993 2751 1078 2818 octo,
1090 2740 1199 2805 caeteri
1212 2739 1284 2804 eresi
1299 2738 1369 2804 fue·

321 2837 409 2890 runt.
456 2825 544 2890 Inter
558 2826 617 2890 hos
632 2839 747 2904 nutem,
764 2826 820 2913 qui
835 2827 900 2892 vivi
914 2827 999 2914 cepti
1009 2826 1145 2905 fuerunt,
1161 2840 1254 2892 erunt
1269 2827 1368 2912 Spur-

322 2911 390 2974 teni
411 2912 451 2976 ad
479 2925 608 2978 centurn
630 2925 662 2977 et
684 2913 807 3001 viginti.
853 2913 905 2978 Ex
925 2913 1175 2980 Atheniensibus
1197 2935 1284 2990 vero,
1300 2933 1367 2978 non

322 2997 414 3063 multi
430 2999 603 3084 perierunt.
649 2999 765 3088 Pugna
780 2999 865 3064 enim
879 3021 944 3065 non
960 2998 1019 3065 luit
1035 3001 1176 3065 steteris.

353 3095 418 3152 89.
442 3084 588 3171 Tempus
604 3100 709 3151 sutem
726 3086 917 3166 universum,
932 3096 998 3172 'quo
1012 3085 1057 3150 illi
1071 3087 1106 3150 in
1120 3085 1225 3152 insule
1237 3085 1369 3152 fuerunt

321 3173 450 3253 obsessi,
466 3195 485 3236 a
499 3195 609 3260 pugna
629 3172 735 3237 neveli
752 3173 905 3259 usquead
928 3173 1077 3258 proelium
1102 3172 1135 3236 in
1158 3171 1264 3238 insula
1279 3195 1366 3238 com-

321 3258 603 3337 missum,luerunt
617 3259 683 3324 duo
695 3271 769 3324 etse
794 3259 1024 3348 tungintedies.
1070 3258 1114 3324 Et
1129 3255 1366 3344 sputiodierum

320 3347 448 3411 circiter
476 3345 601 3433 viginti,
631 3346 746 3433 quibus
769 3281 873 3447 iegati
900 3344 1059 3412 foederum
1082 3367 1177 3411 ceusu
1206 3346 1363 3424 obierunt,

319 3431 517 3497 frumentum
538 3439 741 3518 acceperunt.
765 3431 892 3519 reliquis
917 3455 994 3497 voro
1019 3433 1133 3509 diebm,
1148 3433 1191 3497 eb
1213 3433 1288 3510 illis,
1310 3437 1366 3519 qui

320 3518 401 3585 clam
417 3519 620 3606 navigabunt,
636 3519 749 3585 nutriti
764 3523 904 3586 luerunt.
950 3518 996 3584 Et
1007 3518 1160 3584 frumenti
1174 3541 1213 3584 eo
1227 3519 1366 3586 eliorum

320 3605 555 3670 esculentorum
570 3605 714 3692 reliqniae
727 3607 762 3670 in
777 3605 880 3672 insule
893 3605 1013 3672 relictus
1026 3604 1170 3670 ¹fuerunt.
1193 3627 1270 3670 num
1287 3605 1367 3692 Epi·

319 3690 409 3756 tedss
423 3690 489 3756 dux
507 3691 676 3779 unicuique
688 3694 814 3779 porcius
824 3692 895 3758 hoec
906 3713 1002 3794 quum
1013 3713 1075 3779 pro
1085 3693 1365 3778 copiepraebebut.

320 3776 531 3842 Athenienses
545 3779 644 3866 igitur
653 3793 684 3844 et
701 3778 921 3866 Peloponnesii
935 3801 1009 3844 cum
1032 3779 1097 3844 suis
1112 3780 1241 3865 utrique
1254 3779 1366 3866 copiis,

319 3887 338 3929 e
355 3863 435 3950 Pylo
450 3865 583 3929 domum
598 3865 769 3930 redierunt.
815 3865 859 3932 Et
874 3865 1004 3932 Cleonis
1025 3866 1204 3951 promissio,
1219 3867 1367 3953 quemvis

318 3949 427 4016 fuisset
448 3950 572 4033 insens,
587 3963 691 4016 temen
716 3951 862 4018 effectum
885 3964 934 4018 est
956 3965 1161 4040 consequuta.
1176 3973 1254 4018 num
1281 3952 1366 4018 intre

320 4037 432 4124 viginti
447 4038 517 4103 dies
532 4037 817 4124 (quemadmodum
831 4041 1034 4124 promiserat)
1050 4039 1155 4106 hostes
1169 4039 1318 4105 adduxit.

351 4277 365 4316 t
383 4273 545 4334 Hippngretes
552 4273 728 4334 appellabatur,
737 4277 779 4338 qul
789 4277 908 4326 milltibus
916 4275 1012 4328 selectu
1018 4279 1100 4344 gravis
1108 4285 1241 4328 unnuturte
1252 4283 1366 4342 praeest.

320 4335 385 4384 Vide
397 4337 501 4386 Meurrii
514 4337 618 4386 llliseell.
631 4339 688 4388 Lec-
702 4339 755 4388 ltt.
792 4341 878 4389 liuns.
