2990 4792
411 245 659 314 HISTORIAE
681 245 767 312 [ΑΒ.
791 245 853 312 lll.
1102 249 1163 312 167

163 423 220 486 47.
245 423 268 460 ‘⁸
279 415 347 484 voa
368 417 466 507 igitur
488 419 696 498 considerate,
712 430 910 505 quantopere
931 415 993 482 hac
1014 415 1109 482 etiam
1126 437 1163 486 re
1195 426 1257 476 urst

118 503 284 588 peccaturi
304 504 380 582 sitis,
396 505 423 570 si
440 504 553 572 Cleoni
575 503 801 570 assentiamini.
846 504 944 570 Nune
965 501 1048 568 enim
1072 499 1161 587 plebs
1185 491 1268 602 Ἠ·

118 589 154 654 iu
169 589 320 656 omnibus
333 590 514 656 civitatibus
535 605 582 656 est
600 591 690 656 vobis
712 590 884 668 benevola3
907 603 940 654 et
953 601 1010 654 aut
1025 610 1089 653 non
1105 587 1160 652 tle-
1175 620 1205 667 01
1248 631 1274 682 1,

117 673 189 739 ficit
210 698 286 740 cum
306 677 476 755 nobilibus,
492 691 559 758 aut,
575 679 601 743 si
622 677 758 766 deficere
779 689 924 764 cogatur,
940 675 1045 740 statim
1069 697 1102 740 se
1123 673 1160 738 il·
1185 633 1263 744 ⁸3¹1l·

118 761 225 826 lorum
242 761 365 828 hostem
386 763 573 842 declarata
594 763 710 850 quibus
731 763 772 828 ad
794 761 1003 828 defectionem
1023 757 1161 847 impulsa
1189 747 1218 858 ξ·
1230 747 1258 794 ⁰·

116 847 189 912 fuit.
242 849 304 914 ⁰Et
328 871 402 915 cum
428 849 617 916 adversariae
643 849 779 916 ciuitatis
802 848 1036 915 multitudinem
1062 846 1160 912 vestri
1193 825 1260 939 ῃῗ

117 933 295 1000 studiosam
311 934 463 1013 habeatis,
480 936 521 1001 ud
544 936 661 1001 bellurn
684 936 826 1022 pergitis.
871 933 970 1011 Quod
985 933 1013 998 si
1028 931 1160 1021 Mityle·

117 1041 265 1086 meorum
281 1020 406 1105 plebem
423 1022 585 1102 occidatis,
599 1045 672 1108 ques
686 1043 790 1109 neque
803 1019 989 1086 defectionis
1005 1020 1161 1104 particeps

116 1105 190 1182 fuit,
206 1119 240 1171 et
254 1129 338 1192 quae,
354 1120 523 1210 postquam
538 1131 628 1174 arrna
641 1131 738 1194 penes
752 1131 785 1172 se
807 1106 930 1183 habuit,
946 1105 1058 1172 urbem
1075 1103 1161 1170 ultro

117 1192 203 1257 uobis
218 1191 366 1258 tradidit:
391 1215 530 1278 primum
554 1194 682 1280 quidem
706 1193 821 1281 injuste
842 1191 973 1270 facietis,
988 1192 1065 1279 quia
1079 1189 1161 1256 bene

116 1277 159 1342 de
173 1277 264 1342 vobis
278 1279 408 1346 meritos
429 1281 594 1358 occidetis3
616 1279 732 1346 deinde
753 1301 828 1345 vern
849 1278 1057 1354 constituetis,
1073 1275 1161 1365 quod

116 1363 267 1428 homines
287 1377 432 1465 potentes
455 1367 596 1432 maxime
618 1388 656 1430 cu
682 1367 763 1432 iunt.
808 1365 893 1431 Nam
918 1387 991 1430 cum
1019 1363 1160 1428 civitates

116 1449 160 1516 sd
182 1449 393 1518 defectionem
415 1451 610 1538 impulerint,
634 1388 758 1536 plebem
785 1455 892 1518 statim
917 1451 1034 1516 socians
1061 1449 1160 1542 lrabe-

117 1537 218 1601 bunt:
243 1539 318 1636 quia
332 1559 389 1602 vos
405 1538 463 1622 ipsi
480 1537 614 1603 eandem
633 1560 763 1623 posnam
786 1536 935 1605 omuibus
949 1538 1078 1622 pariter,
1093 1549 1158 1600 tam

115 1621 192 1700 illis,
207 1645 264 1708 qur
284 1622 488 1710 deliquerint,
504 1645 600 1712 quam
616 1623 688 1703 illis,
703 1627 759 1711 qui
780 1647 845 1690 non
868 1623 1069 1710 deliquerint,
1085 1643 1160 1706 pro-

117 1709 257 1792 positam
287 1732 355 1776 esse
388 1710 478 1796 prius
511 1711 810 1778 demonstraveritis.
865 1709 1021 1788 Quamuis
1054 1722 1160 1773 autem

117 1795 302 1881 Mitylenaer'
314 1794 516 1882 deliquerint,
533 1795 596 1860 hoc
618 1809 723 1862 temen
745 1794 1110 1874 erat-dissimulandum,
1125 1807 1161 1859 ut

116 1902 155 1945 ea
176 1883 317 1948 civitatis
338 1903 421 1984 pars,
445 1903 518 1970 quae
540 1882 608 1948 sola
633 1881 740 1948 adhuc
766 1883 860 1948 rebus
882 1882 998 1946 nostris
1023 1879 1116 1958 iavet,
1141 1901 1161 1944 a

115 1965 211 2030 nobis
226 1989 291 2032 non
306 1966 474 2034 alienetur.
519 1967 596 2034 Hoc
610 1969 696 2033 enim
711 1966 753 2032 ad
773 1967 941 2052 imperium
958 1964 1158 2031 retinendum

116 2051 214 2139 longe
245 2053 353 2119 utilius
383 2055 541 2131 existimo,
571 2055 717 2141 injuriam
749 2054 841 2118 nobis
871 2052 1049 2118 volentibus
1077 2048 1158 2128 fieri,

115 2160 214 2224 quam
229 2162 249 2204 a
265 2138 367 2217 nobis,
382 2163 510 2206 summo
519 2142 593 2226 jure
606 2141 784 2228 agentibus,
800 2163 854 2204 eos
868 2139 981 2217 occidi,
997 2159 1077 2225 quos
1093 2159 1159 2202 non

115 2236 256 2309 oportet.
294 2226 402 2312 Atque
416 2226 460 2304 id,
472 2226 559 2313 quod
574 2227 669 2291 estin
683 2226 812 2291 Cleonis
827 2224 993 2302 sententia,
1005 2222 1157 2288 ultionem

109 2310 243 2395 justam,
269 2312 466 2398 eandemque
488 2311 597 2378 utilem
619 2334 695 2390 esse,
717 2315 749 2376 in
775 2312 885 2376 eadem
912 2333 947 2376 re
969 2308 1064 2374 simul
1089 2307 1159 2374 lieri

115 2417 211 2481 posse
226 2419 292 2461 nun
308 2400 475 2482 reperitur.

158 2491 213 2546 48.
238 2490 261 2524 “
274 2483 340 2548 Vos
365 2484 475 2570 igitur,
499 2506 573 2550 cum
603 2483 832 2574 intellexeritis,
854 2481 939 2548 hane
962 2503 1065 2546 meam
1087 2455 1166 2546 sen-⁵

116 2569 250 2633 tentiam
269 2570 393 2636 Cleonis
413 2568 576 2644 meliorem
596 2592 673 2647 esse,
690 2591 793 2655 neque
814 2567 1040 2644 misericordia,
1055 2589 1159 2654 neque

114 2652 248 2720 lenitate
268 2654 399 2722 adducti
417 2655 545 2742 (quibus
564 2677 606 2720 ne
619 2655 823 2808 egoflquidem
846 2678 903 2720 vos
924 2653 1042 2718 adduci
1062 2652 1158 2734 sino,)

114 2739 169 2805 sed
185 2764 225 2806 ex
240 2743 250 2804 i
275 2743 317 2806 sis
331 2740 438 2820 rebus,
452 2765 526 2830 quse
540 2742 630 2806 vobis
641 2765 678 2806 su
721 2755 824 2822 entur,
836 2742 915 2806 mihi
927 2739 1159 2815 assentiamini3

114 2839 147 2891 et
161 2826 204 2892 de
217 2763 423 2915 Mitylenaeis,
436 2851 515 2916 quos
528 2828 650 2894 Paches
666 2841 701 2894 ut
715 2843 821 2894 sontes
832 2831 890 2893 huc
900 2826 998 2908 misit,
1010 2826 1158 2913 quaestio·

114 2933 190 2977 nem
206 2915 380 2998 parotium
395 2914 549 2993 habeatis,
565 2927 697 2980 caeteros
711 2936 788 2979 vero
801 2913 947 2980 habitare
956 2911 1159 3000 permittatis.

115 2997 204 3064 Haec
225 3000 311 3066 enim
332 3014 365 3066 et
386 3002 420 3065 in
442 3012 606 3086 posterum
628 2999 714 3066 bona
735 3012 809 3065 suut
831 3001 947 3078 futuru,
963 3013 995 3064 et
1013 2997 1158 3063 hostibus

116 3085 264 3150 timorem
289 3084 357 3173 jam
388 3099 462 3154 sunt
491 3087 656 3173 injectura.
701 3085 854 3173 Quisquis
882 3084 968 3150 enim
994 3098 1076 3148 recte
1102 3083 1158 3148 de-

115 3169 244 3249 liberat,
269 3171 296 3238 is
321 3186 434 3238 contra
458 3171 564 3238 hostes
589 3171 690 3273 magis
718 3171 826 3257 pollet,
853 3194 950 3259 quum
977 3171 1032 3257 qui
1061 3183 1158 3234 teme·

114 3257 200 3406 pieria
214 3258 330 3372 qiriqm
345 3257 508 3324 ferocitate
521 3258 622 3324 fretus
644 3281 677 3322 rn
700 3281 754 3324 eos
767 3256 878 3335 fertur,
894 3271 926 3322 et
940 3255 1030 3321 factis
1045 3277 1158 3342 aggre-

139 3356 215 3408 rtur.

158 3439 216 3496 49.
240 3430 349 3518 Atque
363 3431 528 3496 Diodotus
548 3432 675 3518 quidem
699 3430 770 3495 haec
792 3430 884 3494 dixit.
929 3426 1068 3494 Prolatis
1083 3447 1159 3492 vero

117 3513 236 3582 horum
253 3517 417 3582 sententiis
431 3518 515 3582 inter
536 3541 570 3582 se
592 3517 730 3582 maxime
753 3515 933 3592 contrariis,
950 3513 1160 3580 Athenienses

117 3601 248 3687 quidem
277 3603 398 3688 pariter
421 3603 503 3669 inter
528 3627 562 3667 se
587 3603 823 3668 contenderunt
847 3623 907 3688 pro
933 3601 1065 3667 adversa
1089 3622 1159 3666 sen·

116 3688 235 3765 tentia3
257 3702 290 3754 et
304 3711 402 3840 quum
419 3691 458 3754 ad
474 3689 625 3776 suffragia
637 3705 769 3754 ventum
784 3701 841 3768 est,
858 3709 916 3774 par
930 3685 996 3752 fere
1009 3687 1160 3772 utrinque

116 3795 271 3840 numerus
321 3776 379 3854 uit,
409 3775 546 3842 Diodoti
582 3789 687 3842 tamen
718 3777 875 3840 sententia
909 3777 1054 3860 superior
1089 3771 1159 3838 fuit.

117 3859 229 3936 Quare
258 3861 423 3927 confestim
455 3861 586 3927 alteram
616 3863 778 3927 triremem
812 3883 930 3949 magna
961 3858 1160 3926 festinatione

118 3947 283 4028 miserunt,
298 3971 350 4027 ne,
366 3949 391 4014 si
417 3947 497 4014 forte
517 3949 676 4034 posterior
691 3949 831 4032 priorem
853 3970 914 4013 aon
931 3947 1159 4022 antevertisset,

123 4163 163 4272 ‘4⁰
175 4161 208 4240 Et
226 4163 321 4276 &ulpian
339 4166 494 4220 aduersaria,
512 4162 583 4228 cujus
603 4165 671 4211 vobit
691 4165 773 4225 plebat
795 4163 874 4210 amica
893 4167 939 4216 est,
960 4172 1028 4208 arura
1047 4155 1160 4206 infertis?

146 4242 232 4276 caesus
295 4242 351 4278 uus

621 4299 684 4354 at
