<?xml version="1.0" encoding="UTF-8"?>
<!DOCTYPE html PUBLIC "-//W3C//DTD XHTML 1.0 Transitional//EN"
    "http://www.w3.org/TR/xhtml1/DTD/xhtml1-transitional.dtd">
<html xmlns="http://www.w3.org/1999/xhtml" xml:lang="en" lang="en">
 <head>
  <title>
</title>
<meta http-equiv="Content-Type" content="text/html;charset=utf-8" />
  <meta name='ocr-system' content='tesseract 3.04.00' />
  <meta name='ocr-capabilities' content='ocr_page ocr_carea ocr_par ocr_line ocrx_word'/>
</head>
<body>
  <div class='ocr_page' id='page_1' title='image "./thucydidisdebel00wassgoog_0284.png"; bbox 0 0 2982 4786; ppageno 0'>
   <div class='ocr_carea' id='block_1_1' title="bbox 347 323 1099 411">
    <p class='ocr_par' dir='ltr' id='par_1_1' title="bbox 347 323 1099 411">
     <span class='ocr_line' id='line_1_1' title="bbox 347 323 1099 411; baseline -0.007 -5"><span class='ocrx_word' id='word_1_1' title='bbox 347 353 420 411; x_wconf 72' lang='lat' dir='ltr'><strong>¹‘ern</strong></span> <span class='ocrx_word' id='word_1_2' title='bbox 653 365 657 372; x_wconf 92' lang='lat'>·</span> <span class='ocrx_word' id='word_1_3' title='bbox 714 332 1017 403; x_wconf 78' lang='lat' dir='ltr'>THUCYDIDIS</span> <span class='ocrx_word' id='word_1_4' title='bbox 1053 351 1056 361; x_wconf 94' lang='lat'><em>·</em></span> <span class='ocrx_word' id='word_1_5' title='bbox 1090 323 1099 370; x_wconf 74' lang='lat'>²</span> 
     </span>
    </p>
   </div>
   <div class='ocr_carea' id='block_1_2' title="bbox 235 507 1489 4279">
    <p class='ocr_par' dir='ltr' id='par_1_2' title="bbox 235 507 1489 4279">
     <span class='ocr_line' id='line_1_2' title="bbox 263 507 1396 600; baseline -0.019 -10"><span class='ocrx_word' id='word_1_6' title='bbox 263 543 323 590; x_wconf 78' lang='lat' dir='ltr'><strong>neu.</strong></span> <span class='ocrx_word' id='word_1_7' title='bbox 358 513 444 600; x_wconf 82' lang='lat' dir='ltr'><strong>quod</strong></span> <span class='ocrx_word' id='word_1_8' title='bbox 470 511 607 588; x_wconf 88' lang='lat' dir='ltr'><strong>barbari,</strong></span> <span class='ocrx_word' id='word_1_9' title='bbox 623 509 709 596; x_wconf 88' lang='lat' dir='ltr'><strong>iique</strong></span> <span class='ocrx_word' id='word_1_10' title='bbox 733 511 851 596; x_wconf 86' lang='lat' dir='ltr'><strong>magno</strong></span> <span class='ocrx_word' id='word_1_11' title='bbox 877 530 1013 573; x_wconf 89' lang='lat' dir='ltr'><strong>numero</strong></span> <span class='ocrx_word' id='word_1_12' title='bbox 1035 519 1148 572; x_wconf 85' lang='lat' dir='ltr'><strong>eontra</strong></span> <span class='ocrx_word' id='word_1_13' title='bbox 1175 527 1232 570; x_wconf 85' lang='lat' dir='ltr'><strong>nos</strong></span> <span class='ocrx_word' id='word_1_14' title='bbox 1259 507 1396 582; x_wconf 81' lang='lat' dir='ltr'><strong>veniant,</strong></span> 
     </span>
     <span class='ocr_line' id='line_1_3' title="bbox 251 592 1395 680; baseline -0.01 -13"><span class='ocrx_word' id='word_1_15' title='bbox 251 607 335 668; x_wconf 82' lang='lat' dir='ltr'><strong>Petop.</strong></span> <span class='ocrx_word' id='word_1_16' title='bbox 358 623 422 663; x_wconf 93' lang='lat' dir='ltr'><strong>non</strong></span> <span class='ocrx_word' id='word_1_17' title='bbox 439 601 482 662; x_wconf 88' lang='lat' dir='ltr'><strong>ita</strong></span> <span class='ocrx_word' id='word_1_18' title='bbox 497 620 551 660; x_wconf 90' lang='lat' dir='ltr'><strong>vos</strong></span> <span class='ocrx_word' id='word_1_19' title='bbox 566 597 712 661; x_wconf 88' lang='lat' dir='ltr'><strong>docerem</strong></span> <span class='ocrx_word' id='word_1_20' title='bbox 737 597 855 680; x_wconf 89' lang='lat' dir='ltr'><strong>pariter</strong></span> <span class='ocrx_word' id='word_1_21' title='bbox 869 618 906 660; x_wconf 88' lang='lat' dir='ltr'><strong>ac</strong></span> <span class='ocrx_word' id='word_1_22' title='bbox 921 594 1120 680; x_wconf 72' lang='lat' dir='ltr'><strong>adhortarer.</strong></span> <span class='ocrx_word' id='word_1_23' title='bbox 1138 593 1206 678; x_wconf 89' lang='lat' dir='ltr'><strong>jum</strong></span> <span class='ocrx_word' id='word_1_24' title='bbox 1222 615 1299 656; x_wconf 84' lang='lat' dir='ltr'><strong>vero</strong></span> <span class='ocrx_word' id='word_1_25' title='bbox 1311 592 1395 680; x_wconf 91' lang='lat' dir='ltr'><strong>quod</strong></span> 
     </span>
     <span class='ocr_line' id='line_1_4' title="bbox 235 673 1398 750; baseline -0.005 -4"><span class='ocrx_word' id='word_1_26' title='bbox 235 687 292 746; x_wconf 54' lang='grc' dir='ltr'><strong>,Μ’</strong></span> <span class='ocrx_word' id='word_1_27' title='bbox 305 673 328 718; x_wconf 81' lang='lat'><strong>⁹·</strong></span> <span class='ocrx_word' id='word_1_28' title='bbox 358 685 396 750; x_wconf 88' lang='lat' dir='ltr'><strong>ad</strong></span> <span class='ocrx_word' id='word_1_29' title='bbox 413 697 592 748; x_wconf 88' lang='lat' dir='ltr'><strong>nostrorum</strong></span> <span class='ocrx_word' id='word_1_30' title='bbox 609 682 819 746; x_wconf 82' lang='lat' dir='ltr'>desertionem</span> <span class='ocrx_word' id='word_1_31' title='bbox 834 696 865 745; x_wconf 89' lang='lat' dir='ltr'><strong>et</strong></span> <span class='ocrx_word' id='word_1_32' title='bbox 880 679 921 744; x_wconf 87' lang='lat' dir='ltr'><strong>ad</strong></span> <span class='ocrx_word' id='word_1_33' title='bbox 940 679 1079 745; x_wconf 90' lang='lat' dir='ltr'><strong>bostium</strong></span> <span class='ocrx_word' id='word_1_34' title='bbox 1096 677 1334 750; x_wconf 80' lang='lat' dir='ltr'>multitudinem</span> <span class='ocrx_word' id='word_1_35' title='bbox 1351 687 1398 742; x_wconf 90' lang='lat' dir='ltr'><strong>at·</strong></span> 
     </span>
     <span class='ocr_line' id='line_1_5' title="bbox 242 735 1397 862; baseline -0.007 -28"><span class='ocrx_word' id='word_1_36' title='bbox 242 735 340 862; x_wconf 49' lang='lat' dir='ltr'><strong>‘law&#39;</strong></span> <span class='ocrx_word' id='word_1_37' title='bbox 357 771 447 846; x_wconf 89' lang='lat' dir='ltr'><strong>tinet,</strong></span> <span class='ocrx_word' id='word_1_38' title='bbox 463 769 564 850; x_wconf 87' lang='lat' dir='ltr'><strong>vobis,</strong></span> <span class='ocrx_word' id='word_1_39' title='bbox 580 789 651 854; x_wconf 86' lang='lat' dir='ltr'><strong>qnae</strong></span> <span class='ocrx_word' id='word_1_40' title='bbox 677 769 816 832; x_wconf 85' lang='lat' dir='ltr'><strong>maxima</strong></span> <span class='ocrx_word' id='word_1_41' title='bbox 837 780 920 846; x_wconf 82' lang='lat' dir='ltr'><strong>sunt,</strong></span> <span class='ocrx_word' id='word_1_42' title='bbox 936 767 1024 832; x_wconf 90' lang='lat' dir='ltr'><strong>brevi</strong></span> <span class='ocrx_word' id='word_1_43' title='bbox 1046 765 1268 830; x_wconf 79' lang='lat' dir='ltr'><strong>admonitione</strong></span> <span class='ocrx_word' id='word_1_44' title='bbox 1289 779 1322 828; x_wconf 89' lang='lat' dir='ltr'><strong>et</strong></span> <span class='ocrx_word' id='word_1_45' title='bbox 1343 763 1397 826; x_wconf 88' lang='lat' dir='ltr'><strong>ad·</strong></span> 
     </span>
     <span class='ocr_line' id='line_1_6' title="bbox 256 849 1397 939; baseline -0.005 -21"><span class='ocrx_word' id='word_1_46' title='bbox 256 863 285 908; x_wconf 82' lang='lat' dir='ltr'><strong>U·</strong></span> <span class='ocrx_word' id='word_1_47' title='bbox 300 869 327 912; x_wconf 75' lang='lat' dir='ltr'><strong>c·</strong></span> <span class='ocrx_word' id='word_1_48' title='bbox 357 855 537 920; x_wconf 82' lang='lat' dir='ltr'><strong>hortatione</strong></span> <span class='ocrx_word' id='word_1_49' title='bbox 558 851 748 939; x_wconf 85' lang='lat' dir='ltr'><strong>persuadere</strong></span> <span class='ocrx_word' id='word_1_50' title='bbox 767 852 917 918; x_wconf 88' lang='lat' dir='ltr'><strong>conabor.</strong></span> <span class='ocrx_word' id='word_1_51' title='bbox 963 851 1030 917; x_wconf 90' lang='lat' dir='ltr'><strong>Vos</strong></span> <span class='ocrx_word' id='word_1_52' title='bbox 1052 852 1135 918; x_wconf 85' lang='lat' dir='ltr'><strong>enim</strong></span> <span class='ocrx_word' id='word_1_53' title='bbox 1158 853 1192 915; x_wconf 94' lang='lat' dir='ltr'><strong>in</strong></span> <span class='ocrx_word' id='word_1_54' title='bbox 1216 849 1397 914; x_wconf 82' lang='lat' dir='ltr'><strong>rebusbel·</strong></span> 
     </span>
     <span class='ocr_line' id='line_1_7' title="bbox 253 927 1397 1026; baseline -0.01 -18"><span class='ocrx_word' id='word_1_55' title='bbox 253 927 278 1008; x_wconf 70' lang='lat' dir='ltr'><strong>‚v</strong></span> <span class='ocrx_word' id='word_1_56' title='bbox 318 961 325 976; x_wconf 91' lang='lat'><strong>·</strong></span> <span class='ocrx_word' id='word_1_57' title='bbox 355 940 423 1006; x_wconf 87' lang='lat' dir='ltr'><strong>licis</strong></span> <span class='ocrx_word' id='word_1_58' title='bbox 438 955 582 1005; x_wconf 87' lang='lat' dir='ltr'><strong>strenuos</strong></span> <span class='ocrx_word' id='word_1_59' title='bbox 599 961 666 1004; x_wconf 88' lang='lat' dir='ltr'><strong>esse</strong></span> <span class='ocrx_word' id='word_1_60' title='bbox 685 939 842 1017; x_wconf 88' lang='lat' dir='ltr'><strong>convenit,</strong></span> <span class='ocrx_word' id='word_1_61' title='bbox 858 959 923 1002; x_wconf 92' lang='lat' dir='ltr'><strong>non</strong></span> <span class='ocrx_word' id='word_1_62' title='bbox 938 949 1062 1026; x_wconf 83' lang='lat' dir='ltr'><strong>semper</strong></span> <span class='ocrx_word' id='word_1_63' title='bbox 1084 953 1214 1024; x_wconf 89' lang='lat' dir='ltr'><strong>propter</strong></span> <span class='ocrx_word' id='word_1_64' title='bbox 1236 937 1397 1000; x_wconf 83' lang='lat' dir='ltr'><strong>sociorum</strong></span> 
     </span>
     <span class='ocr_line' id='line_1_8' title="bbox 262 989 1403 1114; baseline -0.006 -23"><span class='ocrx_word' id='word_1_65' title='bbox 262 989 318 1052; x_wconf 45' lang='lat'><strong>⁸3*</strong></span> <span class='ocrx_word' id='word_1_66' title='bbox 354 1028 566 1114; x_wconf 75' lang='lat' dir='ltr'><strong>praesentiam,</strong></span> <span class='ocrx_word' id='word_1_67' title='bbox 581 1026 634 1089; x_wconf 88' lang='lat' dir='ltr'><strong>sed</strong></span> <span class='ocrx_word' id='word_1_68' title='bbox 650 1038 783 1110; x_wconf 89' lang='lat' dir='ltr'><strong>propter</strong></span> <span class='ocrx_word' id='word_1_69' title='bbox 800 1024 949 1091; x_wconf 86' lang='lat' dir='ltr'><strong>virtutem</strong></span> <span class='ocrx_word' id='word_1_70' title='bbox 969 1025 1057 1089; x_wconf 85' lang='lat' dir='ltr'><strong>vobis</strong></span> <span class='ocrx_word' id='word_1_71' title='bbox 1072 1023 1217 1100; x_wconf 84' lang='lat' dir='ltr'><strong>insitam3</strong></span> <span class='ocrx_word' id='word_1_72' title='bbox 1242 1043 1302 1086; x_wconf 89' lang='lat' dir='ltr'><strong>nec</strong></span> <span class='ocrx_word' id='word_1_73' title='bbox 1319 1022 1403 1111; x_wconf 29' lang='lat' dir='ltr'><strong>alio-¹</strong></span> 
     </span>
     <span class='ocr_line' id='line_1_9' title="bbox 353 1108 1395 1258; baseline -0.006 -82"><span class='ocrx_word' id='word_1_74' title='bbox 353 1135 425 1178; x_wconf 90' lang='lat' dir='ltr'><strong>rum</strong></span> <span class='ocrx_word' id='word_1_75' title='bbox 460 1111 693 1176; x_wconf 84' lang='lat' dir='ltr'><strong>multitudinem</strong></span> <span class='ocrx_word' id='word_1_76' title='bbox 725 1111 948 1187; x_wconf 81' lang='lat' dir='ltr'><strong>extimescere3</strong></span> <span class='ocrx_word' id='word_1_77' title='bbox 978 1108 1098 1196; x_wconf 76' lang='lat' dir='ltr'><strong>quippe</strong></span> <span class='ocrx_word' id='word_1_78' title='bbox 1123 1111 1177 1258; x_wconf 61' lang='lat' dir='ltr'><strong>spui</strong></span> <span class='ocrx_word' id='word_1_79' title='bbox 1211 1110 1327 1172; x_wconf 88' lang='lat' dir='ltr'><strong>venitis</strong></span> <span class='ocrx_word' id='word_1_80' title='bbox 1357 1127 1395 1171; x_wconf 86' lang='lat' dir='ltr'><strong>ex</strong></span> 
     </span>
     <span class='ocr_line' id='line_1_10' title="bbox 354 1193 1396 1284; baseline -0.006 -22"><span class='ocrx_word' id='word_1_81' title='bbox 354 1200 508 1284; x_wconf 86' lang='lat' dir='ltr'><strong>ejusmodi</strong></span> <span class='ocrx_word' id='word_1_82' title='bbox 535 1197 773 1282; x_wconf 85' lang='lat' dir='ltr'><strong>rebuspublicis,</strong></span> <span class='ocrx_word' id='word_1_83' title='bbox 799 1197 833 1260; x_wconf 92' lang='lat' dir='ltr'><strong>in</strong></span> <span class='ocrx_word' id='word_1_84' title='bbox 861 1197 975 1280; x_wconf 85' lang='lat' dir='ltr'><strong>quibus</strong></span> <span class='ocrx_word' id='word_1_85' title='bbox 993 1217 1056 1260; x_wconf 90' lang='lat' dir='ltr'><strong>non</strong></span> <span class='ocrx_word' id='word_1_86' title='bbox 1082 1198 1172 1262; x_wconf 88' lang='lat' dir='ltr'><strong>muti</strong></span> <span class='ocrx_word' id='word_1_87' title='bbox 1194 1196 1316 1280; x_wconf 87' lang='lat' dir='ltr'><strong>paucis,</strong></span> <span class='ocrx_word' id='word_1_88' title='bbox 1341 1193 1396 1257; x_wconf 86' lang='lat' dir='ltr'><strong>sed</strong></span> 
     </span>
     <span class='ocr_line' id='line_1_11' title="bbox 352 1281 1396 1370; baseline -0.007 -21"><span class='ocrx_word' id='word_1_89' title='bbox 352 1287 459 1370; x_wconf 88' lang='lat' dir='ltr'><strong>potius</strong></span> <span class='ocrx_word' id='word_1_90' title='bbox 474 1284 638 1370; x_wconf 76' lang='lat' dir='ltr'><strong>pauciores</strong></span> <span class='ocrx_word' id='word_1_91' title='bbox 653 1281 797 1368; x_wconf 87' lang='lat' dir='ltr'><strong>pluribus</strong></span> <span class='ocrx_word' id='word_1_92' title='bbox 818 1282 976 1366; x_wconf 88' lang='lat' dir='ltr'><strong>imperant</strong></span> <span class='ocrx_word' id='word_1_93' title='bbox 986 1284 1073 1368; x_wconf 85' lang='lat' dir='ltr'><strong>;·qui</strong></span> <span class='ocrx_word' id='word_1_94' title='bbox 1087 1281 1175 1347; x_wconf 88' lang='lat' dir='ltr'><strong>nulla</strong></span> <span class='ocrx_word' id='word_1_95' title='bbox 1195 1282 1258 1344; x_wconf 87' lang='lat' dir='ltr'><strong>alia</strong></span> <span class='ocrx_word' id='word_1_96' title='bbox 1273 1281 1396 1345; x_wconf 90' lang='lat' dir='ltr'><strong>ratione</strong></span> 
     </span>
     <span class='ocr_line' id='line_1_12' title="bbox 353 1367 1395 1454; baseline -0.005 -20"><span class='ocrx_word' id='word_1_97' title='bbox 353 1373 563 1454; x_wconf 81' lang='lat' dir='ltr'><strong>principatum</strong></span> <span class='ocrx_word' id='word_1_98' title='bbox 575 1381 648 1431; x_wconf 91' lang='lat' dir='ltr'><strong>sunt</strong></span> <span class='ocrx_word' id='word_1_99' title='bbox 661 1367 778 1452; x_wconf 81' lang='lat' dir='ltr'><strong>adepti,</strong></span> <span class='ocrx_word' id='word_1_100' title='bbox 789 1389 883 1453; x_wconf 86' lang='lat' dir='ltr'><strong>quarn</strong></span> <span class='ocrx_word' id='word_1_101' title='bbox 901 1368 987 1454; x_wconf 90' lang='lat' dir='ltr'><strong>quod</strong></span> <span class='ocrx_word' id='word_1_102' title='bbox 1000 1370 1098 1433; x_wconf 83' lang='lat' dir='ltr'><strong>hostes</strong></span> <span class='ocrx_word' id='word_1_103' title='bbox 1111 1367 1294 1452; x_wconf 84' lang='lat' dir='ltr'><strong>proeliando</strong></span> <span class='ocrx_word' id='word_1_104' title='bbox 1304 1387 1395 1450; x_wconf 85' lang='lat' dir='ltr'><strong>supe·</strong></span> 
     </span>
     <span class='ocr_line' id='line_1_13' title="bbox 354 1453 1397 1542; baseline -0.003 -24"><span class='ocrx_word' id='word_1_105' title='bbox 354 1458 464 1520; x_wconf 87' lang='lat' dir='ltr'><strong>rnrint.</strong></span> <span class='ocrx_word' id='word_1_106' title='bbox 510 1455 669 1518; x_wconf 86' lang='lat' dir='ltr'><strong>Barbaros</strong></span> <span class='ocrx_word' id='word_1_107' title='bbox 689 1468 793 1518; x_wconf 88' lang='lat' dir='ltr'><strong>autem</strong></span> <span class='ocrx_word' id='word_1_108' title='bbox 820 1457 911 1542; x_wconf 84' lang='lat' dir='ltr'><strong>(quos</strong></span> <span class='ocrx_word' id='word_1_109' title='bbox 934 1473 1065 1539; x_wconf 86' lang='lat' dir='ltr'><strong>propter</strong></span> <span class='ocrx_word' id='word_1_110' title='bbox 1088 1453 1291 1538; x_wconf 87' lang='lat' dir='ltr'><strong>imperitiam,</strong></span> <span class='ocrx_word' id='word_1_111' title='bbox 1317 1455 1397 1536; x_wconf 79' lang='lat' dir='ltr'><strong>qttod</strong></span> 
     </span>
     <span class='ocr_line' id='line_1_14' title="bbox 354 1538 1395 1626; baseline -0.003 -22"><span class='ocrx_word' id='word_1_112' title='bbox 354 1563 452 1606; x_wconf 85' lang='lat' dir='ltr'><strong>eorum</strong></span> <span class='ocrx_word' id='word_1_113' title='bbox 475 1543 588 1604; x_wconf 81' lang='lat' dir='ltr'><strong>nnllam</strong></span> <span class='ocrx_word' id='word_1_114' title='bbox 611 1541 772 1621; x_wconf 77' lang='lat' dir='ltr'><strong>pericnlum</strong></span> <span class='ocrx_word' id='word_1_115' title='bbox 800 1542 898 1603; x_wconf 81' lang='lat' dir='ltr'><strong>adhuc</strong></span> <span class='ocrx_word' id='word_1_116' title='bbox 908 1541 1065 1626; x_wconf 73' lang='lat' dir='ltr'><strong>severitis,</strong></span> <span class='ocrx_word' id='word_1_117' title='bbox 1093 1551 1179 1604; x_wconf 89' lang='lat' dir='ltr'><strong>nunc</strong></span> <span class='ocrx_word' id='word_1_118' title='bbox 1202 1538 1395 1619; x_wconf 87' lang='lat' dir='ltr'><strong>formidatis)</strong></span> 
     </span>
     <span class='ocr_line' id='line_1_15' title="bbox 353 1625 1396 1714; baseline -0.002 -24"><span class='ocrx_word' id='word_1_119' title='bbox 353 1649 425 1691; x_wconf 92' lang='lat' dir='ltr'><strong>cum</strong></span> <span class='ocrx_word' id='word_1_120' title='bbox 447 1649 486 1690; x_wconf 86' lang='lat' dir='ltr'><strong>ex</strong></span> <span class='ocrx_word' id='word_1_121' title='bbox 510 1627 557 1704; x_wconf 90' lang='lat' dir='ltr'><strong>iis,</strong></span> <span class='ocrx_word' id='word_1_122' title='bbox 575 1649 647 1712; x_wconf 87' lang='lat' dir='ltr'><strong>quae</strong></span> <span class='ocrx_word' id='word_1_123' title='bbox 671 1626 701 1688; x_wconf 88' lang='lat' dir='ltr'><strong>in</strong></span> <span class='ocrx_word' id='word_1_124' title='bbox 728 1625 943 1690; x_wconf 87' lang='lat' dir='ltr'><strong>Macedonum</strong></span> <span class='ocrx_word' id='word_1_125' title='bbox 965 1627 1100 1714; x_wconf 82' lang='lat' dir='ltr'><strong>gratiam</strong></span> <span class='ocrx_word' id='word_1_126' title='bbox 1123 1627 1156 1689; x_wconf 92' lang='lat' dir='ltr'><strong>in</strong></span> <span class='ocrx_word' id='word_1_127' title='bbox 1180 1626 1300 1709; x_wconf 83' lang='lat' dir='ltr'><strong>proelio</strong></span> <span class='ocrx_word' id='word_1_128' title='bbox 1323 1637 1396 1689; x_wconf 89' lang='lat' dir='ltr'><strong>ante</strong></span> 
     </span>
     <span class='ocr_line' id='line_1_16' title="bbox 353 1711 1393 1798; baseline 0 -22"><span class='ocrx_word' id='word_1_129' title='bbox 353 1733 425 1776; x_wconf 90' lang='lat' dir='ltr'><strong>cum</strong></span> <span class='ocrx_word' id='word_1_130' title='bbox 448 1713 523 1797; x_wconf 85' lang='lat' dir='ltr'><strong>ipsis</strong></span> <span class='ocrx_word' id='word_1_131' title='bbox 546 1711 713 1776; x_wconf 83' lang='lat' dir='ltr'><strong>commisso</strong></span> <span class='ocrx_word' id='word_1_132' title='bbox 735 1711 861 1787; x_wconf 89' lang='lat' dir='ltr'><strong>fecistis,</strong></span> <span class='ocrx_word' id='word_1_133' title='bbox 879 1725 945 1775; x_wconf 89' lang='lat' dir='ltr'><strong>tum</strong></span> <span class='ocrx_word' id='word_1_134' title='bbox 967 1733 1008 1775; x_wconf 87' lang='lat' dir='ltr'><strong>ex</strong></span> <span class='ocrx_word' id='word_1_135' title='bbox 1030 1712 1077 1789; x_wconf 89' lang='lat' dir='ltr'><strong>iis,</strong></span> <span class='ocrx_word' id='word_1_136' title='bbox 1101 1733 1171 1798; x_wconf 84' lang='lat' dir='ltr'><strong>quae</strong></span> <span class='ocrx_word' id='word_1_137' title='bbox 1193 1731 1254 1798; x_wconf 88' lang='lat' dir='ltr'><strong>ego</strong></span> <span class='ocrx_word' id='word_1_138' title='bbox 1276 1713 1393 1796; x_wconf 87' lang='lat' dir='ltr'><strong>partim</strong></span> 
     </span>
     <span class='ocr_line' id='line_1_17' title="bbox 352 1796 1395 1886; baseline -0.002 -24"><span class='ocrx_word' id='word_1_139' title='bbox 352 1799 544 1884; x_wconf 88' lang='lat' dir='ltr'><strong>conjectura,</strong></span> <span class='ocrx_word' id='word_1_140' title='bbox 565 1799 682 1882; x_wconf 89' lang='lat' dir='ltr'><strong>partim</strong></span> <span class='ocrx_word' id='word_1_141' title='bbox 708 1796 791 1860; x_wconf 84' lang='lat' dir='ltr'><strong>fama</strong></span> <span class='ocrx_word' id='word_1_142' title='bbox 811 1797 964 1886; x_wconf 75' lang='lat' dir='ltr'><strong>intelligo,</strong></span> <span class='ocrx_word' id='word_1_143' title='bbox 985 1797 1064 1862; x_wconf 88' lang='lat' dir='ltr'><strong>scire</strong></span> <span class='ocrx_word' id='word_1_144' title='bbox 1089 1798 1210 1861; x_wconf 91' lang='lat' dir='ltr'><strong>debetis</strong></span> <span class='ocrx_word' id='word_1_145' title='bbox 1234 1819 1302 1861; x_wconf 90' lang='lat' dir='ltr'><strong>non</strong></span> <span class='ocrx_word' id='word_1_146' title='bbox 1326 1796 1395 1860; x_wconf 86' lang='lat' dir='ltr'><strong>fore</strong></span> 
     </span>
     <span class='ocr_line' id='line_1_18' title="bbox 351 1883 1394 1968; baseline 0 -22"><span class='ocrx_word' id='word_1_147' title='bbox 351 1883 577 1960; x_wconf 83' lang='lat' dir='ltr'><strong>formidabiles,</strong></span> <span class='ocrx_word' id='word_1_148' title='bbox 591 1905 629 1947; x_wconf 84' lang='lat' dir='ltr'><strong>ec</strong></span> <span class='ocrx_word' id='word_1_149' title='bbox 638 1885 772 1967; x_wconf 79' lang='lat' dir='ltr'><strong>proinde</strong></span> <span class='ocrx_word' id='word_1_150' title='bbox 793 1905 983 1968; x_wconf 83' lang='lat' dir='ltr'><strong>nequaquem</strong></span> <span class='ocrx_word' id='word_1_151' title='bbox 998 1885 1242 1949; x_wconf 74' lang='lat' dir='ltr'><strong>extimescendas.</strong></span> <span class='ocrx_word' id='word_1_152' title='bbox 1287 1883 1394 1959; x_wconf 82' lang='lat' dir='ltr'><strong>Quot·</strong></span> 
     </span>
     <span class='ocr_line' id='line_1_19' title="bbox 352 1969 1392 2056; baseline -0.001 -23"><span class='ocrx_word' id='word_1_153' title='bbox 352 1985 429 2056; x_wconf 92' lang='lat' dir='ltr'><strong>quot</strong></span> <span class='ocrx_word' id='word_1_154' title='bbox 451 1971 535 2034; x_wconf 88' lang='lat' dir='ltr'><strong>enirn</strong></span> <span class='ocrx_word' id='word_1_155' title='bbox 558 1969 663 2033; x_wconf 88' lang='lat' dir='ltr'><strong>hostes</strong></span> <span class='ocrx_word' id='word_1_156' title='bbox 685 1991 719 2034; x_wconf 87' lang='lat' dir='ltr'><strong>re</strong></span> <span class='ocrx_word' id='word_1_157' title='bbox 741 1991 816 2032; x_wconf 85' lang='lat' dir='ltr'><strong>vera</strong></span> <span class='ocrx_word' id='word_1_158' title='bbox 838 1985 910 2032; x_wconf 89' lang='lat' dir='ltr'><strong>sunt</strong></span> <span class='ocrx_word' id='word_1_159' title='bbox 933 1969 1063 2045; x_wconf 89' lang='lat' dir='ltr'><strong>infirmi,</strong></span> <span class='ocrx_word' id='word_1_160' title='bbox 1086 1982 1118 2033; x_wconf 90' lang='lat' dir='ltr'><strong>et</strong></span> <span class='ocrx_word' id='word_1_161' title='bbox 1140 1983 1246 2033; x_wconf 87' lang='lat' dir='ltr'><strong>tamen</strong></span> <span class='ocrx_word' id='word_1_162' title='bbox 1270 1970 1392 2033; x_wconf 89' lang='lat' dir='ltr'><strong>roboris</strong></span> 
     </span>
     <span class='ocr_line' id='line_1_20' title="bbox 351 2055 1393 2142; baseline 0 -24"><span class='ocrx_word' id='word_1_163' title='bbox 351 2057 485 2140; x_wconf 88' lang='lat' dir='ltr'><strong>speciem</strong></span> <span class='ocrx_word' id='word_1_164' title='bbox 506 2055 633 2131; x_wconf 89' lang='lat' dir='ltr'><strong>habent,</strong></span> <span class='ocrx_word' id='word_1_165' title='bbox 650 2057 676 2118; x_wconf 91' lang='lat' dir='ltr'><strong>si</strong></span> <span class='ocrx_word' id='word_1_166' title='bbox 696 2075 770 2119; x_wconf 86' lang='lat' dir='ltr'><strong>vora</strong></span> <span class='ocrx_word' id='word_1_167' title='bbox 790 2055 830 2118; x_wconf 90' lang='lat' dir='ltr'><strong>de</strong></span> <span class='ocrx_word' id='word_1_168' title='bbox 848 2055 910 2119; x_wconf 90' lang='lat' dir='ltr'><strong>illis</strong></span> <span class='ocrx_word' id='word_1_169' title='bbox 932 2055 1127 2142; x_wconf 87' lang='lat' dir='ltr'><strong>experientia</strong></span> <span class='ocrx_word' id='word_1_170' title='bbox 1145 2056 1332 2133; x_wconf 62' lang='lat' dir='ltr'><strong>acceda‘aet</strong></span> <span class='ocrx_word' id='word_1_171' title='bbox 1347 2058 1393 2137; x_wconf 82' lang='lat' dir='ltr'><strong>ip-</strong></span> 
     </span>
     <span class='ocr_line' id='line_1_21' title="bbox 349 2141 1393 2226; baseline -0.004 -18"><span class='ocrx_word' id='word_1_172' title='bbox 349 2165 449 2208; x_wconf 80' lang='lat' dir='ltr'><strong>sotnm</strong></span> <span class='ocrx_word' id='word_1_173' title='bbox 470 2141 632 2222; x_wconf 71' lang='lat' dir='ltr'><strong>infirmitas</strong></span> <span class='ocrx_word' id='word_1_174' title='bbox 651 2143 817 2223; x_wconf 77' lang='lat' dir='ltr'><strong>explorate,</strong></span> <span class='ocrx_word' id='word_1_175' title='bbox 828 2141 925 2225; x_wconf 88' lang='lat' dir='ltr'><strong>fnctn</strong></span> <span class='ocrx_word' id='word_1_176' title='bbox 941 2143 1092 2224; x_wconf 81' lang='lat' dir='ltr'><strong>periculo,</strong></span> <span class='ocrx_word' id='word_1_177' title='bbox 1115 2153 1323 2226; x_wconf 80' lang='lat' dir='ltr'><strong>cognoscetur,</strong></span> <span class='ocrx_word' id='word_1_178' title='bbox 1340 2143 1393 2204; x_wconf 89' lang='lat' dir='ltr'><strong>ad-</strong></span> 
     </span>
     <span class='ocr_line' id='line_1_22' title="bbox 348 2225 1392 2312; baseline 0 -22"><span class='ocrx_word' id='word_1_179' title='bbox 348 2227 504 2291; x_wconf 80' lang='lat' dir='ltr'><strong>versarios</strong></span> <span class='ocrx_word' id='word_1_180' title='bbox 520 2249 571 2290; x_wconf 90' lang='lat' dir='ltr'><strong>tna</strong></span> <span class='ocrx_word' id='word_1_181' title='bbox 595 2227 620 2288; x_wconf 88' lang='lat' dir='ltr'><strong>is</strong></span> <span class='ocrx_word' id='word_1_182' title='bbox 635 2225 833 2290; x_wconf 88' lang='lat' dir='ltr'><strong>confirmant.</strong></span> <span class='ocrx_word' id='word_1_183' title='bbox 880 2227 1006 2301; x_wconf 86' lang='lat' dir='ltr'><strong>Quibus</strong></span> <span class='ocrx_word' id='word_1_184' title='bbox 1021 2248 1097 2290; x_wconf 89' lang='lat' dir='ltr'><strong>vern</strong></span> <span class='ocrx_word' id='word_1_185' title='bbox 1112 2229 1219 2312; x_wconf 88' lang='lat' dir='ltr'><strong>aliqua</strong></span> <span class='ocrx_word' id='word_1_186' title='bbox 1239 2227 1392 2293; x_wconf 90' lang='lat' dir='ltr'><strong>fortitudo</strong></span> 
     </span>
     <span class='ocr_line' id='line_1_23' title="bbox 350 2249 1391 2396; baseline 0.002 -22"><span class='ocrx_word' id='word_1_187' title='bbox 350 2325 532 2375; x_wconf 87' lang='lat' dir='ltr'><strong>constanter</strong></span> <span class='ocrx_word' id='word_1_188' title='bbox 547 2249 645 2388; x_wconf 68' lang='lat' dir='ltr'><strong>adest,</strong></span> <span class='ocrx_word' id='word_1_189' title='bbox 662 2312 687 2374; x_wconf 90' lang='lat' dir='ltr'><strong>sl</strong></span> <span class='ocrx_word' id='word_1_190' title='bbox 705 2313 773 2396; x_wconf 90' lang='lat' dir='ltr'><strong>quis</strong></span> <span class='ocrx_word' id='word_1_191' title='bbox 797 2329 862 2376; x_wconf 82' lang='lat' dir='ltr'><strong>enm</strong></span> <span class='ocrx_word' id='word_1_192' title='bbox 886 2327 959 2377; x_wconf 91' lang='lat' dir='ltr'><strong>ante</strong></span> <span class='ocrx_word' id='word_1_193' title='bbox 981 2333 1045 2377; x_wconf 90' lang='lat' dir='ltr'><strong>non</strong></span> <span class='ocrx_word' id='word_1_194' title='bbox 1069 2314 1201 2390; x_wconf 84' lang='lat' dir='ltr'><strong>noverit,</strong></span> <span class='ocrx_word' id='word_1_195' title='bbox 1218 2315 1251 2376; x_wconf 91' lang='lat' dir='ltr'><strong>in</strong></span> <span class='ocrx_word' id='word_1_196' title='bbox 1268 2337 1323 2378; x_wconf 85' lang='lat' dir='ltr'><strong>eos</strong></span> <span class='ocrx_word' id='word_1_197' title='bbox 1338 2337 1391 2377; x_wconf 89' lang='lat' dir='ltr'><strong>au·</strong></span> 
     </span>
     <span class='ocr_line' id='line_1_24' title="bbox 270 2397 1393 2486; baseline 0.002 -26"><span class='ocrx_word' id='word_1_198' title='bbox 270 2409 274 2416; x_wconf 90' lang='grc'><em>“</em></span> <span class='ocrx_word' id='word_1_199' title='bbox 350 2398 458 2462; x_wconf 88' lang='lat' dir='ltr'><strong>dacius</strong></span> <span class='ocrx_word' id='word_1_200' title='bbox 481 2397 611 2461; x_wconf 89' lang='lat' dir='ltr'><strong>feratur.</strong></span> <span class='ocrx_word' id='word_1_201' title='bbox 656 2397 712 2462; x_wconf 86' lang='lat' dir='ltr'><strong>Isti</strong></span> <span class='ocrx_word' id='word_1_202' title='bbox 734 2420 818 2475; x_wconf 84' lang='lat' dir='ltr'><strong>vero,</strong></span> <span class='ocrx_word' id='word_1_203' title='bbox 835 2411 1004 2486; x_wconf 88' lang='lat' dir='ltr'><strong>antequam</strong></span> <span class='ocrx_word' id='word_1_204' title='bbox 1024 2399 1171 2486; x_wconf 84' lang='lat' dir='ltr'><strong>proelium</strong></span> <span class='ocrx_word' id='word_1_205' title='bbox 1196 2400 1316 2478; x_wconf 89' lang='lat' dir='ltr'><strong>ineant,</strong></span> <span class='ocrx_word' id='word_1_206' title='bbox 1332 2401 1393 2463; x_wconf 90' lang='lat' dir='ltr'><strong>illis</strong></span> 
     </span>
     <span class='ocr_line' id='line_1_25' title="bbox 349 2483 1389 2571; baseline 0 -23"><span class='ocrx_word' id='word_1_207' title='bbox 349 2498 422 2548; x_wconf 86' lang='lat' dir='ltr'><strong>sunt</strong></span> <span class='ocrx_word' id='word_1_208' title='bbox 437 2483 660 2561; x_wconf 85' lang='lat' dir='ltr'><strong>formidabiles,</strong></span> <span class='ocrx_word' id='word_1_209' title='bbox 677 2483 733 2569; x_wconf 88' lang='lat' dir='ltr'><strong>qui</strong></span> <span class='ocrx_word' id='word_1_210' title='bbox 755 2485 839 2568; x_wconf 89' lang='lat' dir='ltr'><strong>ipsos</strong></span> <span class='ocrx_word' id='word_1_211' title='bbox 862 2485 1004 2550; x_wconf 91' lang='lat' dir='ltr'><strong>nondum</strong></span> <span class='ocrx_word' id='word_1_212' title='bbox 1029 2500 1102 2550; x_wconf 90' lang='lat' dir='ltr'><strong>sunt</strong></span> <span class='ocrx_word' id='word_1_213' title='bbox 1124 2487 1259 2571; x_wconf 88' lang='lat' dir='ltr'><strong>experti.</strong></span> <span class='ocrx_word' id='word_1_214' title='bbox 1307 2486 1389 2550; x_wconf 89' lang='lat' dir='ltr'><strong>Nam</strong></span> 
     </span>
     <span class='ocr_line' id='line_1_26' title="bbox 349 2570 1392 2656; baseline 0 -22"><span class='ocrx_word' id='word_1_215' title='bbox 349 2572 419 2656; x_wconf 86' lang='lat' dir='ltr'><strong>ipso</strong></span> <span class='ocrx_word' id='word_1_216' title='bbox 444 2570 653 2637; x_wconf 85' lang='lat' dir='ltr'><strong>multitudinis</strong></span> <span class='ocrx_word' id='word_1_217' title='bbox 677 2581 805 2654; x_wconf 89' lang='lat' dir='ltr'><strong>aspectu</strong></span> <span class='ocrx_word' id='word_1_218' title='bbox 828 2585 901 2636; x_wconf 87' lang='lat' dir='ltr'><strong>sunt</strong></span> <span class='ocrx_word' id='word_1_219' title='bbox 920 2571 1085 2648; x_wconf 87' lang='lat' dir='ltr'><strong>terribiles,</strong></span> <span class='ocrx_word' id='word_1_220' title='bbox 1105 2586 1137 2636; x_wconf 89' lang='lat' dir='ltr'><strong>et</strong></span> <span class='ocrx_word' id='word_1_221' title='bbox 1158 2571 1392 2636; x_wconf 81' lang='lat' dir='ltr'><strong>vociferationis</strong></span> 
     </span>
     <span class='ocr_line' id='line_1_27' title="bbox 350 2655 1392 2740; baseline 0.004 -22"><span class='ocrx_word' id='word_1_222' title='bbox 350 2655 570 2740; x_wconf 79' lang='lat' dir='ltr'><strong>magnitudine</strong></span> <span class='ocrx_word' id='word_1_223' title='bbox 590 2669 664 2718; x_wconf 88' lang='lat' dir='ltr'><strong>sunt</strong></span> <span class='ocrx_word' id='word_1_224' title='bbox 687 2656 909 2720; x_wconf 83' lang='lat' dir='ltr'><strong>intolerabiles.</strong></span> <span class='ocrx_word' id='word_1_225' title='bbox 956 2657 998 2722; x_wconf 88' lang='lat' dir='ltr'><strong>Et</strong></span> <span class='ocrx_word' id='word_1_226' title='bbox 1024 2658 1126 2721; x_wconf 87' lang='lat' dir='ltr'><strong>inanis</strong></span> <span class='ocrx_word' id='word_1_227' title='bbox 1151 2657 1205 2721; x_wconf 88' lang='lat' dir='ltr'><strong>illa</strong></span> <span class='ocrx_word' id='word_1_228' title='bbox 1229 2679 1392 2722; x_wconf 89' lang='lat' dir='ltr'><strong>armorum</strong></span> 
     </span>
     <span class='ocr_line' id='line_1_28' title="bbox 349 2741 1392 2830; baseline 0.006 -26"><span class='ocrx_word' id='word_1_229' title='bbox 349 2742 515 2804; x_wconf 88' lang='lat' dir='ltr'><strong>concussio</strong></span> <span class='ocrx_word' id='word_1_230' title='bbox 530 2741 688 2826; x_wconf 87' lang='lat' dir='ltr'><strong>quandam</strong></span> <span class='ocrx_word' id='word_1_231' title='bbox 713 2743 869 2807; x_wconf 87' lang='lat' dir='ltr'><strong>minarum</strong></span> <span class='ocrx_word' id='word_1_232' title='bbox 894 2743 1157 2830; x_wconf 82' lang='lat' dir='ltr'><strong>significationem</strong></span> <span class='ocrx_word' id='word_1_233' title='bbox 1174 2743 1279 2808; x_wconf 86' lang='lat' dir='ltr'><strong>habet.</strong></span> <span class='ocrx_word' id='word_1_234' title='bbox 1328 2745 1392 2810; x_wconf 85' lang='lat' dir='ltr'><strong>Sed</strong></span> 
     </span>
     <span class='ocr_line' id='line_1_29' title="bbox 348 2825 1394 2916; baseline 0.006 -28"><span class='ocrx_word' id='word_1_235' title='bbox 348 2825 519 2910; x_wconf 71' lang='lat' dir='ltr'><strong>hrp&#39;rontndz&#39;</strong></span> <span class='ocrx_word' id='word_1_236' title='bbox 537 2829 669 2890; x_wconf 78' lang='lat' dir='ltr'><strong>homines</strong></span> <span class='ocrx_word' id='word_1_237' title='bbox 684 2827 716 2889; x_wconf 92' lang='lat' dir='ltr'><strong>in</strong></span> <span class='ocrx_word' id='word_1_238' title='bbox 739 2829 808 2912; x_wconf 89' lang='lat' dir='ltr'><strong>ipso</strong></span> <span class='ocrx_word' id='word_1_239' title='bbox 830 2829 978 2893; x_wconf 86' lang='lat' dir='ltr'><strong>conflictu</strong></span> <span class='ocrx_word' id='word_1_240' title='bbox 995 2829 1145 2894; x_wconf 84' lang='lat' dir='ltr'><strong>adversus</strong></span> <span class='ocrx_word' id='word_1_241' title='bbox 1171 2851 1235 2907; x_wconf 78' lang='lat' dir='ltr'><strong>eoa,</strong></span> <span class='ocrx_word' id='word_1_242' title='bbox 1260 2831 1315 2916; x_wconf 87' lang='lat' dir='ltr'><strong>qui</strong></span> <span class='ocrx_word' id='word_1_243' title='bbox 1342 2853 1394 2894; x_wconf 88' lang='lat' dir='ltr'><strong>res</strong></span> 
     </span>
     <span class='ocr_line' id='line_1_30' title="bbox 349 2911 1395 3000; baseline 0.007 -26"><span class='ocrx_word' id='word_1_244' title='bbox 349 2913 423 2975; x_wconf 90' lang='lat' dir='ltr'><strong>istas</strong></span> <span class='ocrx_word' id='word_1_245' title='bbox 426 2911 562 2993; x_wconf 83' lang='lat' dir='ltr'><strong>fortiter·</strong></span> <span class='ocrx_word' id='word_1_246' title='bbox 576 2913 739 2989; x_wconf 86' lang='lat' dir='ltr'><strong>sustinent,</strong></span> <span class='ocrx_word' id='word_1_247' title='bbox 757 2913 843 2978; x_wconf 92' lang='lat' dir='ltr'><strong>haud</strong></span> <span class='ocrx_word' id='word_1_248' title='bbox 865 2914 942 2979; x_wconf 89' lang='lat' dir='ltr'><strong>tales</strong></span> <span class='ocrx_word' id='word_1_249' title='bbox 960 2936 992 2979; x_wconf 88' lang='lat' dir='ltr'><strong>se</strong></span> <span class='ocrx_word' id='word_1_250' title='bbox 1013 2927 1174 3000; x_wconf 79' lang='lat' dir='ltr'><strong>praestant,</strong></span> <span class='ocrx_word' id='word_1_251' title='bbox 1191 2919 1297 2999; x_wconf 76' lang='lat' dir='ltr'><strong>petales</strong></span> <span class='ocrx_word' id='word_1_252' title='bbox 1318 2928 1395 2992; x_wconf 83' lang='lat' dir='ltr'><strong>onte</strong></span> 
     </span>
     <span class='ocr_line' id='line_1_31' title="bbox 348 3000 1489 3080; baseline 0.009 -22"><span class='ocrx_word' id='word_1_253' title='bbox 348 3019 535 3080; x_wconf 72' lang='lat' dir='ltr'><strong>congressam</strong></span> <span class='ocrx_word' id='word_1_254' title='bbox 558 3019 619 3061; x_wconf 88' lang='lat' dir='ltr'><strong>esse</strong></span> <span class='ocrx_word' id='word_1_255' title='bbox 641 3000 833 3068; x_wconf 79' lang='lat' dir='ltr'><strong>uidebuntur.</strong></span> <span class='ocrx_word' id='word_1_256' title='bbox 880 3001 962 3066; x_wconf 88' lang='lat' dir='ltr'><strong>Cunt</strong></span> <span class='ocrx_word' id='word_1_257' title='bbox 986 3001 1070 3066; x_wconf 89' lang='lat' dir='ltr'><strong>enirn</strong></span> <span class='ocrx_word' id='word_1_258' title='bbox 1094 3001 1218 3066; x_wconf 90' lang='lat' dir='ltr'><strong>nullum</strong></span> <span class='ocrx_word' id='word_1_259' title='bbox 1241 3001 1393 3067; x_wconf 88' lang='lat' dir='ltr'><strong>ordinem</strong></span> <span class='ocrx_word' id='word_1_260' title='bbox 1487 3007 1489 3038; x_wconf 68' lang='lat'><em>³</em></span> 
     </span>
     <span class='ocr_line' id='line_1_32' title="bbox 349 3082 1488 3174; baseline 0.007 -30"><span class='ocrx_word' id='word_1_261' title='bbox 349 3082 494 3160; x_wconf 88' lang='lat' dir='ltr'><strong>habeant,</strong></span> <span class='ocrx_word' id='word_1_262' title='bbox 508 3085 680 3166; x_wconf 82' lang='lat' dir='ltr'><strong>nullamque</strong></span> <span class='ocrx_word' id='word_1_263' title='bbox 694 3087 857 3149; x_wconf 84' lang='lat' dir='ltr'><strong>militarem</strong></span> <span class='ocrx_word' id='word_1_264' title='bbox 870 3087 1062 3169; x_wconf 63' lang='lat' dir='ltr'><strong>disceptinom</strong></span> <span class='ocrx_word' id='word_1_265' title='bbox 1077 3099 1205 3165; x_wconf 78' lang='lat' dir='ltr'><strong>sanent,</strong></span> <span class='ocrx_word' id='word_1_266' title='bbox 1222 3086 1396 3174; x_wconf 84' lang='lat' dir='ltr'><strong>haudqua-</strong></span> <span class='ocrx_word' id='word_1_267' title='bbox 1487 3129 1488 3170; x_wconf 71' lang='lat'><strong>,</strong></span> 
     </span>
     <span class='ocr_line' id='line_1_33' title="bbox 348 3169 1488 3268; baseline 0.006 -36"><span class='ocrx_word' id='word_1_268' title='bbox 348 3189 442 3254; x_wconf 90' lang='lat' dir='ltr'><strong>quarn</strong></span> <span class='ocrx_word' id='word_1_269' title='bbox 459 3191 512 3232; x_wconf 88' lang='lat' dir='ltr'><strong>eos</strong></span> <span class='ocrx_word' id='word_1_270' title='bbox 534 3169 668 3253; x_wconf 90' lang='lat' dir='ltr'><strong>pudebit</strong></span> <span class='ocrx_word' id='word_1_271' title='bbox 684 3170 788 3234; x_wconf 90' lang='lat' dir='ltr'><strong>locum</strong></span> <span class='ocrx_word' id='word_1_272' title='bbox 815 3172 1008 3248; x_wconf 87' lang='lat' dir='ltr'><strong>deserere,si</strong></span> <span class='ocrx_word' id='word_1_273' title='bbox 1031 3174 1070 3235; x_wconf 83' lang='lat' dir='ltr'><strong>ab</strong></span> <span class='ocrx_word' id='word_1_274' title='bbox 1093 3175 1225 3237; x_wconf 81' lang='lat' dir='ltr'><strong>hostibus</strong></span> <span class='ocrx_word' id='word_1_275' title='bbox 1239 3195 1396 3257; x_wconf 87' lang='lat' dir='ltr'><strong>preman-</strong></span> <span class='ocrx_word' id='word_1_276' title='bbox 1486 3177 1488 3268; x_wconf 67' lang='lat' dir='ltr'><strong>l</strong></span> 
     </span>
     <span class='ocr_line' id='line_1_34' title="bbox 348 3254 1488 3346; baseline 0.007 -29"><span class='ocrx_word' id='word_1_277' title='bbox 348 3267 409 3318; x_wconf 90' lang='lat' dir='ltr'><strong>tur.</strong></span> <span class='ocrx_word' id='word_1_278' title='bbox 456 3254 585 3319; x_wconf 87' lang='lat' dir='ltr'><strong>Etcum</strong></span> <span class='ocrx_word' id='word_1_279' title='bbox 601 3254 675 3342; x_wconf 86' lang='lat' dir='ltr'><strong>suga</strong></span> <span class='ocrx_word' id='word_1_280' title='bbox 690 3279 780 3342; x_wconf 85' lang='lat' dir='ltr'><strong>aeque</strong></span> <span class='ocrx_word' id='word_1_281' title='bbox 795 3256 928 3321; x_wconf 88' lang='lat' dir='ltr'><strong>honesta</strong></span> <span class='ocrx_word' id='word_1_282' title='bbox 949 3273 980 3322; x_wconf 92' lang='lat' dir='ltr'><strong>et</strong></span> <span class='ocrx_word' id='word_1_283' title='bbox 1002 3259 1139 3346; x_wconf 86' lang='lat' dir='ltr'><strong>gloriosa</strong></span> <span class='ocrx_word' id='word_1_284' title='bbox 1152 3261 1229 3344; x_wconf 87' lang='lat' dir='ltr'><strong>ipsis</strong></span> <span class='ocrx_word' id='word_1_285' title='bbox 1244 3258 1398 3325; x_wconf 84' lang='lat' dir='ltr'><strong>videatur</strong></span> <span class='ocrx_word' id='word_1_286' title='bbox 1486 3269 1488 3342; x_wconf 75' lang='lat' dir='ltr'><strong>l</strong></span> 
     </span>
     <span class='ocr_line' id='line_1_35' title="bbox 346 3341 1487 3426; baseline 0.007 -22"><span class='ocrx_word' id='word_1_287' title='bbox 346 3353 441 3426; x_wconf 91' lang='lat' dir='ltr'><strong>atque</strong></span> <span class='ocrx_word' id='word_1_288' title='bbox 456 3342 583 3404; x_wconf 80' lang='lat' dir='ltr'><strong>hostium</strong></span> <span class='ocrx_word' id='word_1_289' title='bbox 598 3345 767 3426; x_wconf 85' lang='lat' dir='ltr'><strong>aggressio,</strong></span> <span class='ocrx_word' id='word_1_290' title='bbox 784 3341 906 3407; x_wconf 90' lang='lat' dir='ltr'><strong>nullum</strong></span> <span class='ocrx_word' id='word_1_291' title='bbox 928 3345 1020 3408; x_wconf 89' lang='lat' dir='ltr'><strong>etiarn</strong></span> <span class='ocrx_word' id='word_1_292' title='bbox 1038 3345 1231 3410; x_wconf 85' lang='lat' dir='ltr'><strong>fortitudinis</strong></span> <span class='ocrx_word' id='word_1_293' title='bbox 1250 3367 1396 3411; x_wconf 85' lang='lat' dir='ltr'><strong>examen</strong></span> <span class='ocrx_word' id='word_1_294' title='bbox 1486 3349 1487 3354; x_wconf 68' lang='grc'>’</span> 
     </span>
     <span class='ocr_line' id='line_1_36' title="bbox 346 3425 1399 3519; baseline 0.009 -32"><span class='ocrx_word' id='word_1_295' title='bbox 346 3430 432 3508; x_wconf 81' lang='lat' dir='ltr'><strong>apud</strong></span> <span class='ocrx_word' id='word_1_296' title='bbox 446 3429 527 3507; x_wconf 85' lang='lat' dir='ltr'><strong>ipsos</strong></span> <span class='ocrx_word' id='word_1_297' title='bbox 548 3425 712 3490; x_wconf 84' lang='lat' dir='ltr'><strong>habeatur.</strong></span> <span class='ocrx_word' id='word_1_298' title='bbox 759 3428 873 3516; x_wconf 88' lang='lat' dir='ltr'><strong>Pugna</strong></span> <span class='ocrx_word' id='word_1_299' title='bbox 895 3443 1013 3506; x_wconf 88' lang='lat' dir='ltr'><strong>autem,</strong></span> <span class='ocrx_word' id='word_1_300' title='bbox 1029 3431 1062 3493; x_wconf 92' lang='lat' dir='ltr'><strong>in</strong></span> <span class='ocrx_word' id='word_1_301' title='bbox 1085 3453 1148 3518; x_wconf 90' lang='lat' dir='ltr'><strong>qua</strong></span> <span class='ocrx_word' id='word_1_302' title='bbox 1169 3432 1399 3519; x_wconf 86' lang='lat' dir='ltr'><strong>unusquisque</strong></span> 
     </span>
     <span class='ocr_line' id='line_1_37' title="bbox 346 3509 1399 3599; baseline 0.011 -27"><span class='ocrx_word' id='word_1_303' title='bbox 346 3509 411 3574; x_wconf 79' lang='lat' dir='ltr'><strong>rem</strong></span> <span class='ocrx_word' id='word_1_304' title='bbox 428 3513 582 3576; x_wconf 87' lang='lat' dir='ltr'><strong>arbitratu</strong></span> <span class='ocrx_word' id='word_1_305' title='bbox 599 3534 656 3575; x_wconf 91' lang='lat' dir='ltr'><strong>suo</strong></span> <span class='ocrx_word' id='word_1_306' title='bbox 670 3513 761 3599; x_wconf 87' lang='lat' dir='ltr'><strong>gerit,</strong></span> <span class='ocrx_word' id='word_1_307' title='bbox 779 3517 877 3578; x_wconf 87' lang='lat' dir='ltr'><strong>cuivis</strong></span> <span class='ocrx_word' id='word_1_308' title='bbox 892 3516 987 3579; x_wconf 88' lang='lat' dir='ltr'><strong>etiam</strong></span> <span class='ocrx_word' id='word_1_309' title='bbox 1002 3517 1110 3582; x_wconf 85' lang='lat' dir='ltr'><strong>salutis</strong></span> <span class='ocrx_word' id='word_1_310' title='bbox 1129 3531 1250 3582; x_wconf 81' lang='lat' dir='ltr'><strong>servato</strong></span> <span class='ocrx_word' id='word_1_311' title='bbox 1265 3517 1399 3584; x_wconf 89' lang='lat' dir='ltr'><strong>decoro</strong></span> 
     </span>
     <span class='ocr_line' id='line_1_38' title="bbox 345 3597 1397 3686; baseline 0.014 -30"><span class='ocrx_word' id='word_1_312' title='bbox 345 3597 526 3678; x_wconf 83' lang='lat' dir='ltr'><strong>quaerendae</strong></span> <span class='ocrx_word' id='word_1_313' title='bbox 555 3598 750 3662; x_wconf 89' lang='lat' dir='ltr'><strong>occasionem</strong></span> <span class='ocrx_word' id='word_1_314' title='bbox 773 3598 919 3664; x_wconf 87' lang='lat' dir='ltr'><strong>facillime</strong></span> <span class='ocrx_word' id='word_1_315' title='bbox 943 3603 1091 3686; x_wconf 82' lang='lat' dir='ltr'><strong>praebeat.</strong></span> <span class='ocrx_word' id='word_1_316' title='bbox 1138 3600 1253 3667; x_wconf 85' lang='lat' dir='ltr'><strong>Tutius</strong></span> <span class='ocrx_word' id='word_1_317' title='bbox 1277 3618 1397 3670; x_wconf 85' lang='lat' dir='ltr'><strong>autem</strong></span> 
     </span>
     <span class='ocr_line' id='line_1_39' title="bbox 344 3682 1399 3773; baseline 0.014 -32"><span class='ocrx_word' id='word_1_318' title='bbox 344 3682 537 3758; x_wconf 81' lang='lat' dir='ltr'><strong>existimant,</strong></span> <span class='ocrx_word' id='word_1_319' title='bbox 556 3705 612 3745; x_wconf 90' lang='lat' dir='ltr'><strong>nos</strong></span> <span class='ocrx_word' id='word_1_320' title='bbox 634 3687 749 3748; x_wconf 81' lang='lat' dir='ltr'><strong>eminus</strong></span> <span class='ocrx_word' id='word_1_321' title='bbox 774 3698 803 3749; x_wconf 85' lang='lat' dir='ltr'><strong>et</strong></span> <span class='ocrx_word' id='word_1_322' title='bbox 825 3687 892 3750; x_wconf 89' lang='lat' dir='ltr'><strong>sine</strong></span> <span class='ocrx_word' id='word_1_323' title='bbox 912 3689 1054 3772; x_wconf 90' lang='lat' dir='ltr'><strong>periculo</strong></span> <span class='ocrx_word' id='word_1_324' title='bbox 1076 3689 1271 3767; x_wconf 88' lang='lat' dir='ltr'><strong>terrefacere,</strong></span> <span class='ocrx_word' id='word_1_325' title='bbox 1288 3711 1399 3773; x_wconf 86' lang='lat' dir='ltr'><strong>quarn</strong></span> 
     </span>
     <span class='ocr_line' id='line_1_40' title="bbox 346 3767 1400 3842; baseline 0.017 -17"><span class='ocrx_word' id='word_1_326' title='bbox 346 3767 508 3829; x_wconf 86' lang='lat' dir='ltr'><strong>nobiscnm</strong></span> <span class='ocrx_word' id='word_1_327' title='bbox 524 3768 565 3831; x_wconf 87' lang='lat' dir='ltr'><strong>ad</strong></span> <span class='ocrx_word' id='word_1_328' title='bbox 580 3789 692 3832; x_wconf 91' lang='lat' dir='ltr'><strong>manus</strong></span> <span class='ocrx_word' id='word_1_329' title='bbox 710 3772 824 3835; x_wconf 88' lang='lat' dir='ltr'><strong>venire.</strong></span> <span class='ocrx_word' id='word_1_330' title='bbox 871 3774 954 3837; x_wconf 85' lang='lat' dir='ltr'><strong>Num</strong></span> <span class='ocrx_word' id='word_1_331' title='bbox 969 3778 999 3840; x_wconf 74' lang='grc' dir='ltr'><strong>εἰ</strong></span> <span class='ocrx_word' id='word_1_332' title='bbox 1020 3797 1126 3839; x_wconf 83' lang='lat' dir='ltr'><strong>manus</strong></span> <span class='ocrx_word' id='word_1_333' title='bbox 1147 3776 1297 3840; x_wconf 80' lang='lat' dir='ltr'><strong>nobisntnt</strong></span> <span class='ocrx_word' id='word_1_334' title='bbox 1314 3801 1400 3842; x_wconf 85' lang='lat' dir='ltr'><strong>con-</strong></span> 
     </span>
     <span class='ocr_line' id='line_1_41' title="bbox 343 3856 1401 3944; baseline 0.017 -32"><span class='ocrx_word' id='word_1_335' title='bbox 343 3871 442 3914; x_wconf 83' lang='lat' dir='ltr'><strong>serere</strong></span> <span class='ocrx_word' id='word_1_336' title='bbox 464 3856 557 3916; x_wconf 84' lang='lat' dir='ltr'><strong>tutins</strong></span> <span class='ocrx_word' id='word_1_337' title='bbox 579 3876 641 3917; x_wconf 86' lang='lat' dir='ltr'><strong>esse</strong></span> <span class='ocrx_word' id='word_1_338' title='bbox 662 3858 827 3932; x_wconf 74' lang='lat' dir='ltr'><strong>auaissent,</strong></span> <span class='ocrx_word' id='word_1_339' title='bbox 844 3881 934 3942; x_wconf 83' lang='lat' dir='ltr'><strong>qnam</strong></span> <span class='ocrx_word' id='word_1_340' title='bbox 958 3863 1073 3925; x_wconf 83' lang='lat' dir='ltr'><strong>erninus</strong></span> <span class='ocrx_word' id='word_1_341' title='bbox 1095 3883 1146 3924; x_wconf 88' lang='lat' dir='ltr'><strong>nos</strong></span> <span class='ocrx_word' id='word_1_342' title='bbox 1169 3871 1294 3936; x_wconf 85' lang='lat' dir='ltr'><strong>terrere,</strong></span> <span class='ocrx_word' id='word_1_343' title='bbox 1308 3885 1401 3944; x_wconf 83' lang='lat' dir='ltr'><strong>pro-</strong></span> 
     </span>
     <span class='ocr_line' id='line_1_42' title="bbox 346 3933 1399 4025; baseline 0.018 -28"><span class='ocrx_word' id='word_1_344' title='bbox 346 3933 496 4019; x_wconf 86' lang='lat' dir='ltr'><strong>fectojem</strong></span> <span class='ocrx_word' id='word_1_345' title='bbox 512 3938 565 4000; x_wconf 89' lang='lat' dir='ltr'><strong>illa</strong></span> <span class='ocrx_word' id='word_1_346' title='bbox 581 3940 697 4021; x_wconf 88' lang='lat' dir='ltr'><strong>potius,</strong></span> <span class='ocrx_word' id='word_1_347' title='bbox 713 3963 808 4025; x_wconf 90' lang='lat' dir='ltr'><strong>quam</strong></span> <span class='ocrx_word' id='word_1_348' title='bbox 825 3945 883 4008; x_wconf 89' lang='lat' dir='ltr'><strong>ista</strong></span> <span class='ocrx_word' id='word_1_349' title='bbox 903 3947 1027 4010; x_wconf 88' lang='lat' dir='ltr'><strong>ratione</strong></span> <span class='ocrx_word' id='word_1_350' title='bbox 1050 3947 1096 4010; x_wconf 88' lang='lat' dir='ltr'><strong>usi</strong></span> <span class='ocrx_word' id='word_1_351' title='bbox 1118 3959 1233 4012; x_wconf 86' lang='lat' dir='ltr'><strong>essent.</strong></span> <span class='ocrx_word' id='word_1_352' title='bbox 1277 3947 1399 4016; x_wconf 90' lang='lat' dir='ltr'><strong>Deni-</strong></span> 
     </span>
     <span class='ocr_line' id='line_1_43' title="bbox 343 4022 1400 4116; baseline 0.02 -34"><span class='ocrx_word' id='word_1_353' title='bbox 343 4043 405 4104; x_wconf 89' lang='lat' dir='ltr'><strong>que</strong></span> <span class='ocrx_word' id='word_1_354' title='bbox 420 4022 571 4107; x_wconf 88' lang='lat' dir='ltr'><strong>quiequid</strong></span> <span class='ocrx_word' id='word_1_355' title='bbox 587 4026 714 4088; x_wconf 89' lang='lat' dir='ltr'><strong>terroris</strong></span> <span class='ocrx_word' id='word_1_356' title='bbox 730 4027 881 4092; x_wconf 87' lang='lat' dir='ltr'><strong>hactenus</strong></span> <span class='ocrx_word' id='word_1_357' title='bbox 904 4031 986 4094; x_wconf 83' lang='lat' dir='ltr'><strong>vobis</strong></span> <span class='ocrx_word' id='word_1_358' title='bbox 1000 4032 1042 4095; x_wconf 89' lang='lat' dir='ltr'><strong>ab</strong></span> <span class='ocrx_word' id='word_1_359' title='bbox 1057 4033 1131 4116; x_wconf 86' lang='lat' dir='ltr'><strong>ipsis</strong></span> <span class='ocrx_word' id='word_1_360' title='bbox 1146 4033 1308 4096; x_wconf 88' lang='lat' dir='ltr'><strong>incussum</strong></span> <span class='ocrx_word' id='word_1_361' title='bbox 1330 4053 1400 4114; x_wconf 87' lang='lat' dir='ltr'><strong>est,</strong></span> 
     </span>
     <span class='ocr_line' id='line_1_44' title="bbox 342 4108 1401 4204; baseline 0.016 -34"><span class='ocrx_word' id='word_1_362' title='bbox 342 4108 505 4170; x_wconf 84' lang='lat' dir='ltr'><strong>manifeste</strong></span> <span class='ocrx_word' id='word_1_363' title='bbox 528 4108 639 4170; x_wconf 90' lang='lat' dir='ltr'><strong>videtis</strong></span> <span class='ocrx_word' id='word_1_364' title='bbox 665 4131 699 4172; x_wconf 91' lang='lat' dir='ltr'><strong>re</strong></span> <span class='ocrx_word' id='word_1_365' title='bbox 724 4113 852 4196; x_wconf 86' lang='lat' dir='ltr'><strong>quidem</strong></span> <span class='ocrx_word' id='word_1_366' title='bbox 880 4117 947 4198; x_wconf 90' lang='lat' dir='ltr'><strong>ipsa</strong></span> <span class='ocrx_word' id='word_1_367' title='bbox 971 4117 1039 4182; x_wconf 86' lang='lat' dir='ltr'><strong>leve</strong></span> <span class='ocrx_word' id='word_1_368' title='bbox 1063 4141 1148 4195; x_wconf 84' lang='lat' dir='ltr'><strong>esse3</strong></span> <span class='ocrx_word' id='word_1_369' title='bbox 1172 4118 1226 4182; x_wconf 85' lang='lat' dir='ltr'><strong>sed</strong></span> <span class='ocrx_word' id='word_1_370' title='bbox 1249 4137 1401 4204; x_wconf 82' lang='lat' dir='ltr'><strong>aspectu</strong></span> 
     </span>
     <span class='ocr_line' id='line_1_45' title="bbox 342 4193 1402 4279; baseline 0.019 -27"><span class='ocrx_word' id='word_1_371' title='bbox 342 4201 456 4254; x_wconf 74' lang='lat' dir='ltr'><strong>totalem</strong></span> <span class='ocrx_word' id='word_1_372' title='bbox 473 4205 503 4254; x_wconf 89' lang='lat' dir='ltr'><strong>et</strong></span> <span class='ocrx_word' id='word_1_373' title='bbox 518 4193 628 4255; x_wconf 89' lang='lat' dir='ltr'><strong>auditu</strong></span> <span class='ocrx_word' id='word_1_374' title='bbox 653 4205 803 4262; x_wconf 88' lang='lat' dir='ltr'><strong>terrorem</strong></span> <span class='ocrx_word' id='word_1_375' title='bbox 827 4201 911 4264; x_wconf 86' lang='lat' dir='ltr'><strong>nobis</strong></span> <span class='ocrx_word' id='word_1_376' title='bbox 929 4203 1081 4268; x_wconf 87' lang='lat' dir='ltr'><strong>incutere.</strong></span> <span class='ocrx_word' id='word_1_377' title='bbox 1128 4203 1232 4279; x_wconf 85' lang='lat' dir='ltr'><strong>Quem</strong></span> <span class='ocrx_word' id='word_1_378' title='bbox 1257 4208 1402 4276; x_wconf 77' lang='lat' dir='ltr'><strong>inanem</strong></span> 
     </span>
    </p>
   </div>
   <div class='ocr_carea' id='block_1_3' title="bbox 342 4281 1401 4376">
    <p class='ocr_par' dir='ltr' id='par_1_3' title="bbox 342 4281 1401 4376">
     <span class='ocr_line' id='line_1_46' title="bbox 342 4281 1401 4376; baseline 0.025 -40"><span class='ocrx_word' id='word_1_379' title='bbox 342 4285 497 4354; x_wconf 77' lang='lat' dir='ltr'><strong>terrorem,</strong></span> <span class='ocrx_word' id='word_1_380' title='bbox 522 4300 558 4340; x_wconf 87' lang='lat' dir='ltr'><strong>oc</strong></span> <span class='ocrx_word' id='word_1_381' title='bbox 585 4281 805 4362; x_wconf 82' lang='lat' dir='ltr'><strong>impressionem</strong></span> <span class='ocrx_word' id='word_1_382' title='bbox 829 4287 1028 4374; x_wconf 82' lang='lat' dir='ltr'><strong>ingruentem</strong></span> <span class='ocrx_word' id='word_1_383' title='bbox 1052 4291 1077 4353; x_wconf 91' lang='lat' dir='ltr'><strong>si</strong></span> <span class='ocrx_word' id='word_1_384' title='bbox 1100 4290 1327 4370; x_wconf 86' lang='lat' dir='ltr'><strong>sustinueritis,</strong></span> <span class='ocrx_word' id='word_1_385' title='bbox 1348 4313 1401 4376; x_wconf 84' lang='lat' dir='ltr'><strong>et,</strong></span> 
     </span>
    </p>
   </div>
   <div class='ocr_carea' id='block_1_4' title="bbox 0 0 1496 4786">
    <p class='ocr_par' dir='ltr' id='par_1_4' title="bbox 0 0 1496 4786">
     <span class='ocr_line' id='line_1_47' title="bbox 0 0 1496 4786; baseline 0 3"><span class='ocrx_word' id='word_1_386' title='bbox 0 0 1496 4786; x_wconf 95' lang='lat' dir='ltr'><strong> </strong></span> 
     </span>
    </p>
   </div>
  </div>
 </body>
</html>
