2994 4788
350 331 415 392 262
716 321 1019 392 THUCYDIDIS
1066 327 1076 338 '

252 506 317 558 nell.
352 515 444 562 orum
467 509 572 562 sutem
599 493 652 562 olii
667 496 795 582 quidem
820 494 1015 573 oeciderunt,
1038 492 1168 560 dueenti
1193 512 1269 558 sero
1298 501 1336 556 os
1351 491 1382 592 'ti

245 571 326 684 Ἠ
352 580 490 648 fuerunt.
534 582 733 682 Ceterorum
762 603 837 647 vero
865 579 1037 647 multitudo
1068 601 1163 645 neres
1192 513 1382 656 conscende

232 697 337 812 (tw
351 666 859 852 dopqqqupppnqepqqqppthoeipo
887 752 1023 837 septimo
1048 749 1100 816 die
1124 771 1145 814 s
1167 771 1277 851 pugne
1299 770 1383 817 mm-

253 826 282 937 ξ·
295 827 321 876 ⁰⁴
351 859 451 938 ιηιςεειΙ
458 839 589 906 Delium
604 851 764 925 reoeptum
779 837 898 938 diisset,
910 850 942 902 et
952 835 1149 913 cnduoestor‚
1161 857 1217 922 qur
1228 836 1270 901 sb
1285 834 1384 901 Athe·

257 905 324 1004 ὦ·
352 924 513 990 niensrbus
535 928 579 990 nd
592 927 715 990 Boeotes
735 935 809 990 ante
828 944 940 988 missus
960 921 1074 1000 fueret,
1097 942 1203 1023 rerum
1224 933 1384 1021 gestsrqrn

243 1020 332 1066 suune
352 1031 480 1094 prorsus
496 1009 636 1098 ignarus,
651 1012 695 1074 ad
715 1013 830 1075 eosdem
850 1030 916 1074 non
938 1007 1042 1072 multo
1062 1021 1135 1090 post
1154 1020 1268 1106 iterum
1285 1027 1384 1070 vents-

245 1095 329 1192 ¹¹¹⁰¹¹⁸J
352 1107 400 1160 set
414 1118 566 1161 eaesorum
585 1097 825 1180 recipiendorum
847 1115 951 1170 esuse,
969 1093 1076 1158 Booti
1097 1113 1146 1158 eos
1167 1090 1382 1190 reddiderunt,

256 1147 311 1195 Nos
352 1202 412 1246 nee
426 1182 561 1270 emplius
575 1182 657 1248 idem
672 1181 754 1265 quod
773 1189 847 1244 ante
867 1179 1107 1330 reppenderunt.
1152 1177 1192 1242 ln
1209 1177 1266 1242 ills
1279 1189 1382 1242 eutem

854 1287 907 1353 qur

351 1288 459 1370 pugne
473 1271 645 1369 perierunt,
661 1277 703 1329 ex'
717 1266 839 1331 Boeotis
931 1287 992 1342 em,
1003 1263 1098 1349 psulo
1108 1264 1275 1348 pauciores
1289 1284 1384 1349 quem

352 1365 537 1440 quingentt3
560 1373 600 1416 ex
615 1349 861 1417 Atheniensibus
883 1372 968 1427 vero,
984 1348 1081 1435 penio
1101 1350 1269 1434 pauciores
1290 1369 1383 1436 quem

352 1437 448 1514 mille,
464 1450 496 1503 et
512 1438 727 1522 Hippocrates
741 1458 845 1501 eorum
867 1438 1051 1521 imperator.
1072 1445 1105 1499 et
1125 1435 1263 1500 militum
1275 1434 1383 1500 leviter

351 1535 548 1588 mmstorum
577 1537 609 1588 et
639 1522 776 1586 lixarum
814 1543 949 1610 megnus
984 1541 1144 1586 numerus.
1190 1521 1268 1586 Post
1305 1521 1382 1586 hene

351 1629 505 1760 ppgpnm,
520 1609 755 1675 Demosthenes
768 1609 862 1673 etiem
877 1606 973 1693 psulo
987 1619 1060 1692 post
1068 1617 1160 1756 quum
1175 1607 1238 1691 ipsi
1254 1618 1332 1670 tune
1344 1605 1382 1670 sd

380 1714 413 1779 'P

437 1717 470 1759 ss
483 1715 542 1779 per
556 1693 768 1779 proditionem
791 1691 992 1780 occupandas
1007 1713 1067 1777 pro
1079 1705 1149 1758 ento
1164 1714 1213 1756 res
1235 1713 1303 1756 non
1318 1714 1381 1756 sno·

352 1792 492 1844 cessisset
520 1802 592 1844 curn
608 1780 813 1845 Ammonem
833 1791 864 1844 et
881 1781 1073 1866 Agreeorum
1096 1791 1129 1843 et
1142 1777 1380 1843 Atheniensium

352 1865 588 1954 quadringentis
601 1866 705 1954 gravis
719 1878 888 1931 srmsturoe
900 1864 1062 1943 militibus,
1077 1885 1156 1950 quos
1171 1862 1205 1928 in
1221 1864 1381 1928 sueclesse

351 1949 507 2050 habebnt.
515 1973 656 2039 egressus
670 1963 717 2016 est
730 1953 763 2016 in
779 1973 888 2036 egsum
901 1951 936 2016 Si
975 1951 1097 2052 quium:
1142 1948 1186 2014 Et
1200 1949 1380 2035 prinsquam

351 2057 654 2207 23333ΐῶῑὲἔέ
668 2033 1381 2209 tstt¹¹ttisttssttttztrtt⁰⁶f

352 2221 476 2284 verunt,
492 2219 524 2271 et
537 2208 577 2272 nd
594 2229 687 2271 neves
702 2229 799 2292 usque
813 2207 995 2294 persequuti
1016 2218 1112 2271 sunt:
1138 2217 1171 2270 et
1192 2227 1327 2271 eontnss
1348 2227 1380 2270 os

352 2290 480 2376 quidem
500 2291 732 2370 intersenerunt,
747 2291 825 2358 elios
845 2293 1023 2358 venerisne
1044 2303 1206 2376 ceperunt.
1254 2290 1301 2356 Et
1319 2304 1379 2355 tro-

348 2397 424 2528 pppq
442 2391 559 2528 erepto,
575 2399 673 2528 oaesps
694 2378 758 2443 suis
771 2399 862 2529 Ἦ)
872 2376 1272 2529 elequestrenreddigetrplnt.
1289 2376 1379 2529 et{nh

350 2483 636 2635 Odrqpqmqs,rqpp
648 2485 854 2615 cqsmrepessum
863 2485 1024 2614 e'ldilihidlid
1037 2474 1203 2626 insederit,
1219 2485 1379 2649 eopspmpp

350 2633 449 2698 vietus
463 2635 581 2713 suisset,
596 2635 728 2700 excessit
741 2637 816 2701 vitu.
861 2634 997 2702 Seuthes
1012 2655 1086 2698 vero
1102 2633 1379 2719 Spersdoerfflisu,

349 2718 405 2805 qui
419 2732 487 2783 erat
500 2719 599 2805 ipsius
617 2742 656 2786 ex
669 2719 766 2785 frume
781 2743 888 2808 nepos,
904 2725 935 2786 ei
952 2723 1103 2798 secessit,
1118 2741 1156 2786 ae
1169 2720 1377 2807 Odryumn,

349 2816 381 2903 et
406 2818 530 2905 meteres
551 2805 709 2885 Threcire,
734 2806 786 2871 eui
808 2819 840 2872 et
858 2806 911 2872 ille
934 2807 1143 2890 impemverst
1167 2828 1304 2894 regnum
1325 2807 1379 2872 ob-

350 2901 456 2954 tinuit.

278 3007 317 3042 ov.
395 2983 465 3042 102.
489 2975 609 3043 Eadem
630 2977 652 3043 h
674 3000 752 3056 eme,
770 2979 918 3045 Brssides
931 3001 1004 3046 eum
1027 2978 1130 3057 sociis,
1145 3001 1226 3066 quos
1249 2978 1381 3044 habebnt

350 3060 382 3124 in
397 3061 547 3140 Theseis,
565 3001 751 3150 Amphipoli
768 3066 807 3130 sd
826 3065 1028 3153 Strymonem
1042 3065 1175 3130 fluvium
1191 3065 1273 3144 sites,
1284 3063 1380 3130 Athe·

348 3147 506 3214 niensium
521 3149 666 3228 colonien,
682 3150 801 3216 beilum
814 3151 932 3216 intulit.
978 3150 1080 3216 Hun‘e
1093 3163 1199 3216 eutem
1213 3149 1332 3228 locum,
1347 3150 1380 3214 in

348 3256 412 3383 qpo
436 3257 521 3300 nunc
540 3237 618 3302 urbs
643 3250 690 3302 est
713 3238 784 3314 sits,
806 3238 944 3321 primum
970 3236 1099 3323 quidem
1124 3249 1157 3300 et
1184 3236 1381 3321 Aristsgoms

391 3319 506 3401 Aesius,
530 3343 629 3408 quum
656 3323 775 3409 Regem
800 3323 937 3387 Durium
950 3320 985 3386 fu
1027 3335 1086 3399 ret,
1109 3322 1236 3386 solonis
1250 3323 1308 3386 itus
1329 3322 1381 3386 de·

347 3403 453 3486 duem,
483 3407 620 3474 condere
647 3411 795 3474 tentavit:
833 3408 888 3474 sed
912 3408 954 3473 sb
1036 3408 1106 3472 onis
1133 3406 1287 3492 expulsus
1311 3405 1380 3472 tuit.

347 3489 474 3556 Deinde
488 3513 563 3557 vero
578 3506 610 3559 et
624 3494 834 3560 Athenienses
847 3492 973 3560 duobus
993 3505 1025 3558 et
1039 3493 1169 3580 triginta
1190 3506 1263 3578 post
1278 3493 1378 3569 annis,

347 3575 405 3638 Auo
427 3577 528 3642 missis
548 3578 658 3644 decem
682 3579 821 3644 millibus
842 3579 1029 3656 incolarum,
1055 3591 1123 3643 tum
1146 3600 1290 3656 snorum,
1313 3592 1381 3644 tum

347 3659 494 3740 eliorum,
517 3676 673 3750 quotquot
693 3665 741 3728 ire
755 3665 933 3745 noluerent,
953 3664 1007 3750 qui
1032 3664 1117 3750 spud
1139 3663 1341 3732 Dsabecm
1361 3686 1382 3729 s

349 3743 527 3812 Threcibus
542 3747 698 3814 interiecti
712 3750 852 3826 fuerunt,
868 3752 993 3814 medere
1003 3752 1097 3814 tomo
1110 3752 1318 3815 maereant
1332 3771 1382 3815 eo·

347 3834 426 3895 nati.
473 3832 596 3898 Rursus
632 3835 728 3900 etism
765 3838 857 3900 iidem
890 3833 1098 3900 Athenienses
1133 3834 1382 3901 undetricesimo

346 3937 431 3980 enno
444 3919 503 3982 huc
516 3921 643 3998 reversi,
661 3924 797 4008 Agnone
813 3919 995 4000 Nioisefilio
1008 3920 1143 3985 soloniae
1158 3919 1240 3986 duee
1253 3921 1380 3999 nisse,
1477 3997 1478 4000 Ἴ

345 4002 484 4085 expulsis
500 4002 629 4083 Edonis,
645 4004 729 4071 hunc
743 4005 855 4070 urbem
874 4005 1096 4083 condiderunt,
1110 4027 1184 4092 quse
1204 4005 1294 4090 prius
1310 4007 1382 4072 No·

345 4090 494 4153 vem-viee
511 4091 695 4156 vocabatur.
740 4089 875 4155 Eionem
889 4103 995 4156 sutem
1010 4091 1084 4156 beili
1099 4091 1207 4158 sedern
1227 4089 1382 4169 fecerent,

346 4173 429 4236 unde
443 4174 733 4258 profiniseebentur‚
750 4197 844 4262 quom
858 4177 919 4261 ipsi
933 4177 1126 4242 maritimum
1142 4197 1191 4240 em
1216 4177 1322 4242 orium
1344 4178 1382 4242 in

345 4255 430 4322 fluvii
445 4261 526 4326 ostio
540 4262 634 4330 situm
647 4261 805 4340 tenebant,
817 4263 957 4350 quinque
971 4275 1004 4330 et
1015 4262 1128 4352 viginti
1136 4197 1243 4330 endiis
1256 4263 1382 4328 distans
