2964 4786
373 258 437 318 862
744 253 1052 330 THUCYDIDIS

276 441 336 492 seu
369 451 466 518 quam
483 439 596 493 eontra
616 425 732 506 hostes,
748 427 897 511 sumptu
919 430 1092 516 quinetiam
1115 431 1276 500 interdum
1300 446 1395 524 tynu-

262 507 345 621 rstqp.
368 518 475 582 nidem
502 535 540 578 oc
562 513 706 598 iniquum
725 512 925 580 dominatum
947 520 1086 582 stistinet.
1129 521 1277 590 Quarum
1300 544 1393 588 renim

251 575 351 700 8ῗῇωέ
367 605 408 689 (si
430 601 526 667 modo
541 619 596 665 ros
618 621 722 667 meam
744 601 934 666 sententiam
954 603 1044 688 sequi
1060 603 1177 686 vetitis)
1199 629 1217 670 a
1284 609 1392 674 nullam

263 702 304 750 ot.
318 702 339 749 1.
364 709 506 790 unquam
528 698 637 751 nostra
654 697 748 750 estete
769 684 838 750 lieri
860 687 980 752 sinam:
1003 703 1138 758 restrum
1153 629 1284 778 quideom
1299 694 1395 762 multi·

262 765 294 873 ε’
305 768 333 813 ⁰·
364 775 507 842 tudinem
518 773 622 836 verbis
637 771 669 834 in
686 792 790 836 meunt
805 773 1176 854 sententiamadducens,
1186 777 1229 842 de
1244 779 1306 842 illis
1316 802 1392 858 vtro,

268 845 335 943 ἐξ
362 863 417 948 qui
444 859 520 926 talia
546 857 780 934 machinantur,
796 857 987 942 supplicium
1010 881 1148 939 sumens,
1164 884 1230 927 non
1252 865 1392 930 solumiu

360 949 431 1034 ipso
453 944 592 1012 facinore
614 942 828 1028 deprehensis,
845 943 994 1028 (arduum
1020 947 1106 1014 enirn
1125 947 1229 1026 fuerit,
1245 951 1330 1034 ipsus
1344 951 1393 1018 de·

360 1031 585 1120 prehendere,)
607 1029 663 1096 ssd
686 1029 780 1095 etiam
807 1031 850 1094 ob
876 1053 924 1110 es,
948 1053 1021 1120 quae
1043 1031 1155 1100 volunt
1183 1038 1322 1122 quidem,
1344 1037 1392 1104 sed

359 1135 548 1186 tamennon
570 1127 712 1201 possunt.
760 1115 873 1181 Hostis
895 1117 1069 1187 enimnon
1091 1119 1195 1184 solum
1222 1143 1283 1204 pro
1305 1123 1392 1188 male·

358 1205 447 1282 liciis,
472 1203 526 1270 sed
548 1204 644 1267 etiam
665 1222 726 1285 pro
748 1201 898 1282 consiliis,
912 1215 959 1268 est
980 1205 1070 1289 prius
1088 1204 1392 1292 statuendasque

358 1315 413 1357 reos
434 1292 600 1376 opprimat,
629 1289 674 1352 'si
704 1286 800 1352 modo
829 1289 900 1373 quis
925 1289 1010 1354 illius
1040 1291 1170 1359 insidias
1202 1295 1248 1358 ita
1280 1315 1392 1378 praeca·

357 1400 431 1443 vere
460 1375 568 1461 possit,
600 1386 637 1439 ut
662 1374 703 1438 ab
729 1395 769 1438 eo
803 1377 892 1458 prior
916 1396 982 1440 non
1018 1377 1229 1462 opprimatur.
1275 1379 1392 1446 Paucos

357 1485 443 1540 vero,
466 1473 588 1536 contra,
604 1458 721 1545 partlm
737 1459 877 1547 quidem,
899 1471 933 1526 ut
954 1463 1052 1528 hostes
1074 1464 1108 1527 in
1116 1465 1271 1548 ¹sarcinare
1291 1469 1392 1550 depre-

355 1551 472 1626 hensos,
496 1568 681 1634 coarguens,
705 1547 820 1630 partim
841 1569 927 1626 vero,
950 1547 1128 1626 observans,
1151 1553 1271 1634 partim
1294 1553 1391 1634 ctiam,

354 1647 389 1700 stt
403 1638 482 1702 cloes
495 1635 590 1722 ‹Jfficii
602 1634 650 1698 sul
663 1655 795 1709 moneres,
807 1656 846 1698 oc
858 1631 986 1698 docens.
1033 1633 1086 1700 Sic
1097 1635 1180 1700 enirn
1192 1637 1391 1722 potissimum

354 1722 501 1787 existimo
527 1723 607 1800 fore,
625 1729 662 1784 ut
681 1720 736 1783 hos
760 1742 780 1783 a
808 1718 965 1784 maleficio
988 1721 1173 1788 deterream.
1220 1723 1286 1787 Sed
1312 1726 1391 1812 agite

355 1807 457 1892 (quod
472 1828 558 1891 soepe
573 1826 697 1870 mecum
713 1804 781 1889 ipse
803 1805 1015 1882 consideravi)
1031 1806 1183 1892 quidnam
1199 1811 1306 1890 vultis,
1320 1811 1391 1876 ado·

353 1893 529 1960 lescentct?
551 1907 658 1956 utrum
675 1910 781 1954 rerum
798 1889 918 1975 potiri?
939 1902 973 1956 at
986 1893 1042 1956 doc
1062 1913 1127 1959 uon
1142 1906 1190 1959 cst
1204 1893 1390 1982 legitimum.

353 1979 425 2044 Lex
440 1979 524 2044 enim
541 1977 606 2042 lata
619 1978 725 2062 potius
740 1987 796 2052 est,
812 1975 900 2062 quod
915 1999 966 2042 nos
969 1976 1112 2059 juniores
1126 1983 1332 2064 magistratus
1340 2007 1390 2069 ge·

350 2087 419 2130 rere
442 2065 613 2152 nequeatis,
630 2083 724 2148 quarn
748 2071 784 2127 ut
803 2083 856 2128 vos
877 2062 1053 2150 ignominie
1073 2063 1199 2144 afficiat,
1216 2089 1320 2157 quum
1337 2092 1392 2152 per

349 2163 471 2217 etatem
487 2151 626 2235 potestis.
661 2149 714 2212 An
725 2169 800 2212 sero
811 2150 903 2212 vultis
915 2169 978 2212 non
992 2149 1143 2234 perijure
1157 2173 1230 2217 cum
1243 2153 1339 2238 plebe
1350 2155 1391 2218 vi-

350 2235 447 2302 vere?
493 2239 535 2300 At
556 2257 620 2321 quo
645 2245 739 2319 pacto
763 2233 884 2317 justum
907 2233 1010 2312 fuerit,
1031 2237 1159 2304 eosdem
1186 2259 1253 2304 non
1281 2239 1389 2306 iisdem

348 2323 464 2411 dignos
479 2319 623 2386 censeri?

393 2419 447 2476 ³9.
472 2417 493 2462 l‘
503 2409 566 2475 Sed
573 2408 716 2492 fortusse
736 2405 854 2472 dixerit
867 2408 948 2492 quis,
971 2408 1158 2492 popularem
1180 2420 1299 2478 statum
1325 2433 1388 2478 reru

346 2517 414 2561 esse
438 2516 541 2580 neque
564 2492 750 2569 consultant,
782 2513 885 2579 neque
910 2493 1117 2578 aequablletn3
1151 2496 1207 2562 scd
1235 2517 1305 2575 eoa,
1336 2499 1388 2585 qui

346 2603 496 2682 magnam
522 2581 667 2666 pecuniae
689 2581 751 2642 vim
779 2578 951 2662 possident,
978 2582 1115 2664 optimos
1136 2583 1231 2646 etiam
1256 2606 1326 2650 esse
1349 2583 1388 2649 ad

345 2683 467 2753 optime
487 2666 722 2751 imperandum.
768 2663 840 2751 Ego
854 2687 929 2728 vero
951 2667 1138 2751 respondeo,
1160 2669 1305 2754 primum
1321 2671 1388 2756 qui-

344 2752 429 2830 dem,
447 2752 576 2837 bpopuli
600 2771 715 2816 nomen
740 2751 918 2814 universam
943 2751 1172 2837 rempublicam
1194 2756 1386 2842 complecti;

342 2857 520 2924 paucorum
548 2858 622 2900 vero
645 2838 832 2920 potentiam,
858 2848 992 2920 purtem.
1037 2838 1164 2904 Deinde
1188 2863 1273 2921 uero,
1298 2841 1388 2908 loen·
1477 2889 1478 2904 t

342 2925 443 3009 plctes
472 2922 611 3010 quidem,
642 2922 846 3007 pecuniarum
877 2924 1013 3008 optimos
1043 2947 1109 2988 esse
1137 2927 1298 3004 custodes,
1331 2929 1385 2996 sed

342 3013 425 3076 uiros
448 3009 632 3094 prudentes,
655 3009 931 3093 proestantisslmos
953 3033 1019 3074 esse
1040 3011 1253 3090 consultorem
1277 3013 1386 3080 multi·

341 3097 485 3161 tudinem
503 3117 588 3172 vero,
606 3109 773 3180 postquam
795 3117 845 3160 res
861 3097 1040 3178 propositas
1061 3097 1208 3176 audierit,
1223 3102 1386 3184 optimum

340 3205 408 3248 esse
427 3182 586 3270 judicem
609 3197 705 3267 atque
726 3180 787 3245 hos
812 3182 927 3244 civium
953 3181 1092 3248 diversos
1114 3183 1243 3250 ordines
1269 3200 1304 3251 et
1329 3209 1386 3272 per

339 3283 445 3354 partes
465 3281 496 3332 et
511 3269 602 3332 simul
619 3268 780 3332 universos
796 3268 828 3332 in
850 3279 934 3332 statu
956 3265 1102 3352 populari
1116 3269 1200 3355 juris
1213 3272 1385 3358 aequalrili·

338 3370 404 3420 tate
417 3356 491 3420 frui.
537 3354 599 3418 Sed
616 3375 789 3439 paucorum
801 3351 984 3419 dominatus
997 3354 1140 3439 pericula
1150 3356 1283 3443 quidem
1300 3359 1383 3424 rnul-

338 3441 468 3507 titudini
483 3441 639 3524 impertit;
663 3439 903 3504 commodorum
927 3461 1003 3504 vero
1021 3463 1085 3509 non
1104 3441 1208 3507 solum
1224 3446 1382 3530 majorem

336 3544 460 3612 partem
483 3526 591 3606 habet,
607 3549 716 3590 verum
739 3527 833 3590 etiarn
856 3526 1014 3603 universa,
1033 3548 1090 3592 tuo
1099 3530 1247 3610 portione
1260 3533 1383 3596 caeterae
1476 3585 1477 3590 ,

335 3627 455 3699 erepta,
471 3613 593 3678 retinet.
638 3612 730 3689 Quas
746 3635 795 3678 res
810 3611 869 3693 illi,
883 3613 940 3697 qui
954 3612 1107 3678 intervos
1121 3629 1197 3680 sunt
1211 3629 1243 3682 et
1266 3631 1381 3701 poten
1476 3625 1477 3688 ὲ

337 3715 383 3764 tes
397 3714 430 3764 et
438 3700 580 3783 juvenes,
594 3699 738 3764 obtinere
752 3697 897 3774 student,
920 3709 1113 3785 quartones
1128 3699 1161 3765 in
1176 3702 1288 3786 ampla
1303 3704 1380 3768 civi·
1476 3763 1477 3770 ,

335 3799 400 3852 tete
414 3807 479 3850 non
493 3797 655 3870 poterunt.
702 3785 766 3851 Sed
781 3788 977 3851 nuncetiam
1000 3787 1142 3850 omnium
1165 3787 1242 3852 estis
1257 3789 1379 3854 stultis

364 4050 376 4078 ¹
388 4045 453 4093 llum
465 4043 512 4091 nid
522 4045 568 4091 sibi
578 4043 633 4104 quir
645 4045 786 4103 preuverd
796 4043 871 4103 prior,
876 4043 1050 4091 fflnmeutm
1058 4041 1168 4104 nuptae
1189 4044 1265 4092 Vnda.
1288 4046 1377 4094 Hou-

363 4110 376 4147 δ
389 4110 501 4171 l’opularl
516 4117 595 4156 statua
606 4109 705 4154 nomine
713 4107 816 4168 intelligi
827 4120 927 4154 omnem
937 4108 1076 4154 eivlutems
1095 4119 1229 4167 [numm
1242 4123 1312 4168 reo,
1322 4121 1375 4169 per·

331 4183 382 4222 tern
394 4176 506 4222 civitatis.
528 4173 601 4222 Velle.
630 4174 751 4232 Populum
767 4172 917 4232 appellatum
928 4173 1003 4222 tuisse
1014 4171 1156 4220 unitatum
1166 4187 1251 4236 eorpus
1260 4173 1375 4226 W·

331 4240 487 4299 otigamltlsm
500 4253 565 4294 vcro,
577 4244 678 4299 purtem.
696 4237 777 4298 Supl.
811 4237 893 4286 locu·
