<?xml version="1.0" encoding="UTF-8"?>
<!DOCTYPE html PUBLIC "-//W3C//DTD XHTML 1.0 Transitional//EN"
    "http://www.w3.org/TR/xhtml1/DTD/xhtml1-transitional.dtd">
<html xmlns="http://www.w3.org/1999/xhtml" xml:lang="en" lang="en">
 <head>
  <title>
</title>
<meta http-equiv="Content-Type" content="text/html;charset=utf-8" />
  <meta name='ocr-system' content='tesseract 3.04.00' />
  <meta name='ocr-capabilities' content='ocr_page ocr_carea ocr_par ocr_line ocrx_word'/>
</head>
<body>
  <div class='ocr_page' id='page_1' title='image "./thucydidisdebel00wassgoog_0237.png"; bbox 0 0 2994 4788; ppageno 0'>
   <div class='ocr_carea' id='block_1_1' title="bbox 426 269 1184 362">
    <p class='ocr_par' dir='ltr' id='par_1_1' title="bbox 426 269 1184 362">
     <span class='ocr_line' id='line_1_1' title="bbox 426 269 1184 362; baseline 0 -1"><span class='ocrx_word' id='word_1_1' title='bbox 426 291 675 362; x_wconf 77' lang='lat' dir='ltr'>fflsromra</span> <span class='ocrx_word' id='word_1_2' title='bbox 699 291 787 358; x_wconf 77' lang='lat' dir='ltr'>um.</span> <span class='ocrx_word' id='word_1_3' title='bbox 810 269 872 358; x_wconf 78' lang='lat' dir='ltr'>1v:</span> <span class='ocrx_word' id='word_1_4' title='bbox 1117 303 1184 362; x_wconf 77' lang='lat' dir='ltr'>ees</span> 
     </span>
    </p>
   </div>
   <div class='ocr_carea' id='block_1_2' title="bbox 1 462 1298 4371">
    <p class='ocr_par' dir='ltr' id='par_1_2' title="bbox 132 462 1298 815">
     <span class='ocr_line' id='line_1_2' title="bbox 179 462 1275 556; baseline 0 -20"><span class='ocrx_word' id='word_1_5' title='bbox 179 481 237 536; x_wconf 75' lang='lat'>40.</span> <span class='ocrx_word' id='word_1_6' title='bbox 262 467 340 534; x_wconf 86' lang='lat' dir='ltr'>Hoc</span> <span class='ocrx_word' id='word_1_7' title='bbox 355 479 461 532; x_wconf 85' lang='lat' dir='ltr'>autem</span> <span class='ocrx_word' id='word_1_8' title='bbox 476 467 632 544; x_wconf 88' lang='lat' dir='ltr'>omnium,</span> <span class='ocrx_word' id='word_1_9' title='bbox 649 489 723 553; x_wconf 80' lang='lat' dir='ltr'>quoe</span> <span class='ocrx_word' id='word_1_10' title='bbox 743 466 778 530; x_wconf 90' lang='lat' dir='ltr'>in</span> <span class='ocrx_word' id='word_1_11' title='bbox 792 465 854 531; x_wconf 90' lang='lat' dir='ltr'>hoc</span> <span class='ocrx_word' id='word_1_12' title='bbox 870 462 953 530; x_wconf 90' lang='lat' dir='ltr'>bello</span> <span class='ocrx_word' id='word_1_13' title='bbox 968 467 1180 556; x_wconf 74' lang='lat' dir='ltr'>configerent,</span> <span class='ocrx_word' id='word_1_14' title='bbox 1213 473 1275 538; x_wconf 81' lang='lat' dir='ltr'>sed</span> 
     </span>
     <span class='ocr_line' id='line_1_3' title="bbox 135 551 1291 643; baseline -0.005 -21"><span class='ocrx_word' id='word_1_15' title='bbox 135 559 279 622; x_wconf 78' lang='lat' dir='ltr'>maxime</span> <span class='ocrx_word' id='word_1_16' title='bbox 292 569 410 643; x_wconf 76' lang='lat' dir='ltr'>praeter</span> <span class='ocrx_word' id='word_1_17' title='bbox 428 554 613 638; x_wconf 82' lang='lat' dir='ltr'>opinionem</span> <span class='ocrx_word' id='word_1_18' title='bbox 629 553 753 619; x_wconf 81' lang='lat' dir='ltr'>Graecis</span> <span class='ocrx_word' id='word_1_19' title='bbox 775 551 900 619; x_wconf 86' lang='lat' dir='ltr'>accidit.</span> <span class='ocrx_word' id='word_1_20' title='bbox 947 551 1183 621; x_wconf 83' lang='lat' dir='ltr'>Existimabam</span> <span class='ocrx_word' id='word_1_21' title='bbox 1207 555 1291 616; x_wconf 64' lang='lat' dir='ltr'>P⁰¹⁰e</span> 
     </span>
     <span class='ocr_line' id='line_1_4' title="bbox 132 621 1291 733; baseline -0.002 -25"><span class='ocrx_word' id='word_1_22' title='bbox 132 645 235 721; x_wconf 85' lang='lat' dir='ltr'>euim,</span> <span class='ocrx_word' id='word_1_23' title='bbox 252 641 516 708; x_wconf 83' lang='lat' dir='ltr'>Luoedaemonios</span> <span class='ocrx_word' id='word_1_24' title='bbox 534 663 594 704; x_wconf 89' lang='lat' dir='ltr'>nec</span> <span class='ocrx_word' id='word_1_25' title='bbox 613 638 706 718; x_wconf 87' lang='lat' dir='ltr'>fame,</span> <span class='ocrx_word' id='word_1_26' title='bbox 722 660 783 705; x_wconf 88' lang='lat' dir='ltr'>nec</span> <span class='ocrx_word' id='word_1_27' title='bbox 804 639 871 705; x_wconf 87' lang='lat' dir='ltr'>ulla</span> <span class='ocrx_word' id='word_1_28' title='bbox 891 641 1075 706; x_wconf 75' lang='lat' dir='ltr'>necessitate</span> <span class='ocrx_word' id='word_1_29' title='bbox 1094 621 1291 733; x_wconf 56' lang='lat' dir='ltr'>com-0⁸1⁰g‘·</span> 
     </span>
     <span class='ocr_line' id='line_1_5' title="bbox 133 699 1298 815; baseline 0.004 -21"><span class='ocrx_word' id='word_1_30' title='bbox 133 730 255 815; x_wconf 87' lang='lat' dir='ltr'>pulsos,</span> <span class='ocrx_word' id='word_1_31' title='bbox 271 751 361 795; x_wconf 85' lang='lat' dir='ltr'>armo</span> <span class='ocrx_word' id='word_1_32' title='bbox 375 726 567 792; x_wconf 76' lang='lat' dir='ltr'>traditurosz</span> <span class='ocrx_word' id='word_1_33' title='bbox 590 739 624 792; x_wconf 88' lang='lat' dir='ltr'>ot</span> <span class='ocrx_word' id='word_1_34' title='bbox 647 727 717 792; x_wconf 77' lang='lat' dir='ltr'>haec</span> <span class='ocrx_word' id='word_1_35' title='bbox 736 727 921 807; x_wconf 83' lang='lat' dir='ltr'>retinentes,</span> <span class='ocrx_word' id='word_1_36' title='bbox 940 741 972 790; x_wconf 91' lang='lat' dir='ltr'>et</span> <span class='ocrx_word' id='word_1_37' title='bbox 985 727 1093 814; x_wconf 90' lang='lat' dir='ltr'>quoad</span> <span class='ocrx_word' id='word_1_38' title='bbox 1109 751 1193 814; x_wconf 89' lang='lat' dir='ltr'>pos--</span> <span class='ocrx_word' id='word_1_39' title='bbox 1208 701 1248 799; x_wconf 73' lang='lat' dir='ltr'>eti</span> <span class='ocrx_word' id='word_1_40' title='bbox 1260 699 1298 798; x_wconf 44' lang='grc' dir='ltr'>ιδ’</span> 
     </span>
    </p>

    <p class='ocr_par' dir='ltr' id='par_1_3' title="bbox 1 813 1287 1163">
     <span class='ocr_line' id='line_1_6' title="bbox 1 813 1287 900; baseline -0.002 -18"><span class='ocrx_word' id='word_1_41' title='bbox 1 870 3 882; x_wconf 77' lang='grc'>,</span> <span class='ocrx_word' id='word_1_42' title='bbox 97 833 100 838; x_wconf 87' lang='grc'><strong><em>·</em></strong></span> <span class='ocrx_word' id='word_1_43' title='bbox 134 829 208 881; x_wconf 89' lang='lat' dir='ltr'>sent</span> <span class='ocrx_word' id='word_1_44' title='bbox 222 816 421 893; x_wconf 87' lang='lat' dir='ltr'>dimicantes,</span> <span class='ocrx_word' id='word_1_45' title='bbox 433 827 570 878; x_wconf 87' lang='lat' dir='ltr'>mortem</span> <span class='ocrx_word' id='word_1_46' title='bbox 583 813 877 897; x_wconf 86' lang='lat' dir='ltr'>oppetituros..nec</span> <span class='ocrx_word' id='word_1_47' title='bbox 891 813 1008 878; x_wconf 81' lang='lat' dir='ltr'><strong>adduci</strong></span> <span class='ocrx_word' id='word_1_48' title='bbox 1022 827 1181 900; x_wconf 87' lang='lat' dir='ltr'>poterant,</span> <span class='ocrx_word' id='word_1_49' title='bbox 1210 817 1241 865; x_wconf 69' lang='grc' dir='ltr'>ὓ·</span> <span class='ocrx_word' id='word_1_50' title='bbox 1258 819 1287 868; x_wconf 88' lang='lat' dir='ltr'>c·</span> 
     </span>
     <span class='ocr_line' id='line_1_7' title="bbox 134 884 1284 998; baseline 0 -30"><span class='ocrx_word' id='word_1_51' title='bbox 134 916 173 968; x_wconf 91' lang='lat' dir='ltr'>ut</span> <span class='ocrx_word' id='word_1_52' title='bbox 192 903 370 980; x_wconf 80' lang='lat' dir='ltr'>crederent,</span> <span class='ocrx_word' id='word_1_53' title='bbox 398 901 478 978; x_wconf 89' lang='lat' dir='ltr'>illos,</span> <span class='ocrx_word' id='word_1_54' title='bbox 494 900 550 986; x_wconf 93' lang='lat' dir='ltr'>qui</span> <span class='ocrx_word' id='word_1_55' title='bbox 574 899 791 978; x_wconf 79' lang='lat' dir='ltr'>tradidissent,</span> <span class='ocrx_word' id='word_1_56' title='bbox 807 899 869 964; x_wconf 92' lang='lat' dir='ltr'>illis</span> <span class='ocrx_word' id='word_1_57' title='bbox 892 921 959 964; x_wconf 87' lang='lat' dir='ltr'>esse</span> <span class='ocrx_word' id='word_1_58' title='bbox 980 901 1108 980; x_wconf 86' lang='lat' dir='ltr'>similes,</span> <span class='ocrx_word' id='word_1_59' title='bbox 1127 905 1182 989; x_wconf 92' lang='lat' dir='ltr'>qui</span> <span class='ocrx_word' id='word_1_60' title='bbox 1210 884 1284 998; x_wconf 51' lang='lat' dir='ltr'>gg·</span> 
     </span>
     <span class='ocr_line' id='line_1_8' title="bbox 133 981 1276 1073; baseline -0.001 -17"><span class='ocrx_word' id='word_1_61' title='bbox 133 989 333 1056; x_wconf 83' lang='lat' dir='ltr'>cecidissent.</span> <span class='ocrx_word' id='word_1_62' title='bbox 380 988 497 1053; x_wconf 87' lang='lat' dir='ltr'>Postea</span> <span class='ocrx_word' id='word_1_63' title='bbox 518 1008 604 1063; x_wconf 84' lang='lat' dir='ltr'>vero,</span> <span class='ocrx_word' id='word_1_64' title='bbox 620 1008 693 1051; x_wconf 88' lang='lat' dir='ltr'>cum</span> <span class='ocrx_word' id='word_1_65' title='bbox 714 985 845 1073; x_wconf 87' lang='lat' dir='ltr'>quidam</span> <span class='ocrx_word' id='word_1_66' title='bbox 863 985 1107 1052; x_wconf 83' lang='lat' dir='ltr'>Atheniensium</span> <span class='ocrx_word' id='word_1_67' title='bbox 1129 1013 1182 1055; x_wconf 92' lang='lat' dir='ltr'>so-</span> <span class='ocrx_word' id='word_1_68' title='bbox 1268 981 1276 995; x_wconf 66' lang='lat'><em>⁶</em></span> 
     </span>
     <span class='ocr_line' id='line_1_9' title="bbox 133 1072 1181 1163; baseline -0.002 -21"><span class='ocrx_word' id='word_1_69' title='bbox 133 1077 204 1142; x_wconf 83' lang='lat' dir='ltr'>eius</span> <span class='ocrx_word' id='word_1_70' title='bbox 224 1075 384 1163; x_wconf 87' lang='lat' dir='ltr'>quendam</span> <span class='ocrx_word' id='word_1_71' title='bbox 406 1097 445 1140; x_wconf 87' lang='lat' dir='ltr'>ex</span> <span class='ocrx_word' id='word_1_72' title='bbox 466 1072 600 1159; x_wconf 83' lang='lat' dir='ltr'>captivis</span> <span class='ocrx_word' id='word_1_73' title='bbox 622 1094 662 1136; x_wconf 87' lang='lat' dir='ltr'>ex</span> <span class='ocrx_word' id='word_1_74' title='bbox 684 1073 787 1138; x_wconf 83' lang='lat' dir='ltr'>insula</span> <span class='ocrx_word' id='word_1_75' title='bbox 803 1073 942 1138; x_wconf 79' lang='lat' dir='ltr'>Atherms</span> <span class='ocrx_word' id='word_1_76' title='bbox 956 1076 1079 1153; x_wconf 83' lang='lat' dir='ltr'>delatis,</span> <span class='ocrx_word' id='word_1_77' title='bbox 1095 1089 1132 1141; x_wconf 92' lang='lat' dir='ltr'>ut</span> <span class='ocrx_word' id='word_1_78' title='bbox 1152 1078 1181 1142; x_wconf 89' lang='lat' dir='ltr'>ei</span> 
     </span>
    </p>

    <p class='ocr_par' dir='ltr' id='par_1_4' title="bbox 88 1159 1183 1674">
     <span class='ocr_line' id='line_1_10' title="bbox 88 1159 1182 1248; baseline -0.001 -20"><span class='ocrx_word' id='word_1_79' title='bbox 88 1213 92 1217; x_wconf 86' lang='lat'>-</span> <span class='ocrx_word' id='word_1_80' title='bbox 134 1185 211 1228; x_wconf 88' lang='lat' dir='ltr'>cum</span> <span class='ocrx_word' id='word_1_81' title='bbox 226 1162 432 1247; x_wconf 82' lang='lat' dir='ltr'>insultatione¹</span> <span class='ocrx_word' id='word_1_82' title='bbox 452 1159 595 1225; x_wconf 91' lang='lat' dir='ltr'>dolorem</span> <span class='ocrx_word' id='word_1_83' title='bbox 614 1159 766 1236; x_wconf 87' lang='lat' dir='ltr'>inureret,</span> <span class='ocrx_word' id='word_1_84' title='bbox 782 1159 1017 1246; x_wconf 79' lang='lat' dir='ltr'>interrogasset,</span> <span class='ocrx_word' id='word_1_85' title='bbox 1034 1163 1182 1248; x_wconf 89' lang='lat' dir='ltr'>nunquid</span> 
     </span>
     <span class='ocr_line' id='line_1_11' title="bbox 132 1245 1183 1335; baseline 0 -21"><span class='ocrx_word' id='word_1_86' title='bbox 132 1249 193 1328; x_wconf 85' lang='lat' dir='ltr'>illi,</span> <span class='ocrx_word' id='word_1_87' title='bbox 216 1251 335 1335; x_wconf 85' lang='lat' dir='ltr'>quiex</span> <span class='ocrx_word' id='word_1_88' title='bbox 362 1247 439 1334; x_wconf 89' lang='lat' dir='ltr'>ipsis</span> <span class='ocrx_word' id='word_1_89' title='bbox 460 1259 595 1312; x_wconf 90' lang='lat' dir='ltr'>mortem</span> <span class='ocrx_word' id='word_1_90' title='bbox 621 1247 839 1331; x_wconf 89' lang='lat' dir='ltr'>oppetiissent‚</span> <span class='ocrx_word' id='word_1_91' title='bbox 862 1245 998 1325; x_wconf 89' lang='lat' dir='ltr'>honesti,</span> <span class='ocrx_word' id='word_1_92' title='bbox 1022 1249 1183 1335; x_wconf 87' lang='lat' dir='ltr'>fortesque</span> 
     </span>
     <span class='ocr_line' id='line_1_12' title="bbox 134 1332 1181 1436; baseline 0.002 -37"><span class='ocrx_word' id='word_1_93' title='bbox 134 1337 196 1402; x_wconf 86' lang='lat' dir='ltr'>riri</span> <span class='ocrx_word' id='word_1_94' title='bbox 209 1335 360 1402; x_wconf 75' lang='lat' dir='ltr'>hrissentz</span> <span class='ocrx_word' id='word_1_95' title='bbox 381 1335 433 1399; x_wconf 81' lang='lat' dir='ltr'>hic</span> <span class='ocrx_word' id='word_1_96' title='bbox 453 1333 514 1420; x_wconf 92' lang='lat' dir='ltr'>ipsi</span> <span class='ocrx_word' id='word_1_97' title='bbox 529 1333 703 1418; x_wconf 83' lang='lat' dir='ltr'>respondit,</span> <span class='ocrx_word' id='word_1_98' title='bbox 720 1336 829 1436; x_wconf 73' lang='lat' dir='ltr'>magni</span> <span class='ocrx_word' id='word_1_99' title='bbox 844 1332 986 1420; x_wconf 86' lang='lat' dir='ltr'>profecto</span> <span class='ocrx_word' id='word_1_100' title='bbox 1001 1332 1181 1402; x_wconf 82' lang='lat' dir='ltr'>faciendum</span> 
     </span>
     <span class='ocr_line' id='line_1_13' title="bbox 134 1419 1183 1508; baseline -0.001 -19"><span class='ocrx_word' id='word_1_101' title='bbox 134 1446 205 1489; x_wconf 88' lang='lat' dir='ltr'>esse</span> <span class='ocrx_word' id='word_1_102' title='bbox 218 1435 362 1488; x_wconf 89' lang='lat' dir='ltr'>atraoton</span> <span class='ocrx_word' id='word_1_103' title='bbox 375 1425 423 1506; x_wconf 89' lang='lat' dir='ltr'>(sa</span> <span class='ocrx_word' id='word_1_104' title='bbox 446 1421 535 1485; x_wconf 88' lang='lat' dir='ltr'>ittam</span> <span class='ocrx_word' id='word_1_105' title='bbox 551 1420 744 1508; x_wconf 84' lang='lat' dir='ltr'>intelligens)¹</span> <span class='ocrx_word' id='word_1_106' title='bbox 759 1443 785 1484; x_wconf 79' lang='grc' dir='ltr'>ει</span> <span class='ocrx_word' id='word_1_107' title='bbox 801 1419 883 1484; x_wconf 87' lang='lat' dir='ltr'>viros</span> <span class='ocrx_word' id='word_1_108' title='bbox 895 1419 990 1486; x_wconf 87' lang='lat' dir='ltr'>fortes</span> <span class='ocrx_word' id='word_1_109' title='bbox 1004 1423 1045 1485; x_wconf 88' lang='lat' dir='ltr'>ob</span> <span class='ocrx_word' id='word_1_110' title='bbox 1059 1423 1183 1508; x_wconf 77' lang='lat' dir='ltr'>ignauis</span> 
     </span>
     <span class='ocr_line' id='line_1_14' title="bbox 132 1444 1183 1599; baseline 0.002 -25"><span class='ocrx_word' id='word_1_111' title='bbox 132 1510 356 1599; x_wconf 83' lang='lat' dir='ltr'>dignosceret:</span> <span class='ocrx_word' id='word_1_112' title='bbox 380 1444 535 1585; x_wconf 84' lang='lat' dir='ltr'>indicans,</span> <span class='ocrx_word' id='word_1_113' title='bbox 551 1529 615 1586; x_wconf 87' lang='lat' dir='ltr'>eos,</span> <span class='ocrx_word' id='word_1_114' title='bbox 630 1507 734 1595; x_wconf 88' lang='lat' dir='ltr'>quiin</span> <span class='ocrx_word' id='word_1_115' title='bbox 756 1505 879 1595; x_wconf 86' lang='lat' dir='ltr'>lapides</span> <span class='ocrx_word' id='word_1_116' title='bbox 900 1529 938 1573; x_wconf 90' lang='lat' dir='ltr'>ac</span> <span class='ocrx_word' id='word_1_117' title='bbox 957 1510 1087 1597; x_wconf 85' lang='lat' dir='ltr'>sagittas</span> <span class='ocrx_word' id='word_1_118' title='bbox 1101 1510 1183 1595; x_wconf 86' lang='lat' dir='ltr'>inci·</span> 
     </span>
     <span class='ocr_line' id='line_1_15' title="bbox 132 1595 480 1674; baseline -0.006 -12"><span class='ocrx_word' id='word_1_119' title='bbox 132 1597 269 1674; x_wconf 88' lang='lat' dir='ltr'>dissent,</span> <span class='ocrx_word' id='word_1_120' title='bbox 285 1595 480 1662; x_wconf 84' lang='lat' dir='ltr'>occubuisse.</span> 
     </span>
    </p>

    <p class='ocr_par' dir='ltr' id='par_1_5' title="bbox 131 1683 1256 3330">
     <span class='ocr_line' id='line_1_16' title="bbox 180 1683 1183 1768; baseline 0.003 -20"><span class='ocrx_word' id='word_1_121' title='bbox 180 1693 236 1749; x_wconf 79' lang='lat'>41.</span> <span class='ocrx_word' id='word_1_122' title='bbox 261 1683 344 1748; x_wconf 87' lang='lat' dir='ltr'>Cum</span> <span class='ocrx_word' id='word_1_123' title='bbox 364 1696 471 1748; x_wconf 84' lang='lat' dir='ltr'>autem</span> <span class='ocrx_word' id='word_1_124' title='bbox 495 1683 612 1768; x_wconf 86' lang='lat' dir='ltr'>captivi</span> <span class='ocrx_word' id='word_1_125' title='bbox 635 1685 773 1748; x_wconf 81' lang='lat' dir='ltr'>Athenas</span> <span class='ocrx_word' id='word_1_126' title='bbox 797 1683 890 1750; x_wconf 91' lang='lat' dir='ltr'>delati</span> <span class='ocrx_word' id='word_1_127' title='bbox 913 1685 1057 1763; x_wconf 85' lang='lat' dir='ltr'>fuissent,</span> <span class='ocrx_word' id='word_1_128' title='bbox 1081 1685 1183 1752; x_wconf 89' lang='lat' dir='ltr'>Athe·</span> 
     </span>
     <span class='ocr_line' id='line_1_17' title="bbox 133 1769 1256 1860; baseline 0.001 -24"><span class='ocrx_word' id='word_1_129' title='bbox 133 1771 263 1836; x_wconf 86' lang='lat' dir='ltr'>nienses</span> <span class='ocrx_word' id='word_1_130' title='bbox 277 1771 372 1834; x_wconf 91' lang='lat' dir='ltr'>eosin</span> <span class='ocrx_word' id='word_1_131' title='bbox 383 1769 516 1834; x_wconf 83' lang='lat' dir='ltr'>uinculis</span> <span class='ocrx_word' id='word_1_132' title='bbox 527 1791 686 1834; x_wconf 79' lang='lat' dir='ltr'>asservare</span> <span class='ocrx_word' id='word_1_133' title='bbox 697 1769 916 1850; x_wconf 87' lang='lat' dir='ltr'>decreverunt,</span> <span class='ocrx_word' id='word_1_134' title='bbox 927 1771 1029 1837; x_wconf 90' lang='lat' dir='ltr'>donec</span> <span class='ocrx_word' id='word_1_135' title='bbox 1043 1771 1182 1860; x_wconf 88' lang='lat' dir='ltr'>aliquam</span> <span class='ocrx_word' id='word_1_136' title='bbox 1252 1785 1256 1790; x_wconf 88' lang='lat'>&#39;</span> 
     </span>
     <span class='ocr_line' id='line_1_18' title="bbox 134 1855 1183 1945; baseline 0 -23"><span class='ocrx_word' id='word_1_137' title='bbox 134 1856 400 1942; x_wconf 82' lang='lat' dir='ltr'>compositionem</span> <span class='ocrx_word' id='word_1_138' title='bbox 421 1855 580 1922; x_wconf 81' lang='lat' dir='ltr'>facerent:</span> <span class='ocrx_word' id='word_1_139' title='bbox 601 1856 656 1921; x_wconf 89' lang='lat' dir='ltr'>sed</span> <span class='ocrx_word' id='word_1_140' title='bbox 670 1856 698 1920; x_wconf 91' lang='lat' dir='ltr'>si</span> <span class='ocrx_word' id='word_1_141' title='bbox 714 1856 935 1942; x_wconf 88' lang='lat' dir='ltr'>Peloponnesii</span> <span class='ocrx_word' id='word_1_142' title='bbox 957 1881 1069 1945; x_wconf 84' lang='lat' dir='ltr'>agrum</span> <span class='ocrx_word' id='word_1_143' title='bbox 1092 1860 1183 1944; x_wconf 89' lang='lat' dir='ltr'>prius</span> 
     </span>
     <span class='ocr_line' id='line_1_19' title="bbox 131 1942 1182 2030; baseline 0 -22"><span class='ocrx_word' id='word_1_144' title='bbox 131 1945 339 2028; x_wconf 85' lang='lat' dir='ltr'>irrupissent,</span> <span class='ocrx_word' id='word_1_145' title='bbox 355 1965 409 2008; x_wconf 87' lang='lat' dir='ltr'>eos</span> <span class='ocrx_word' id='word_1_146' title='bbox 431 1942 564 2008; x_wconf 89' lang='lat' dir='ltr'>eductos</span> <span class='ocrx_word' id='word_1_147' title='bbox 586 1942 741 2006; x_wconf 85' lang='lat' dir='ltr'>occidere.</span> <span class='ocrx_word' id='word_1_148' title='bbox 786 1943 827 2007; x_wconf 91' lang='lat' dir='ltr'>lu</span> <span class='ocrx_word' id='word_1_149' title='bbox 844 1943 926 2030; x_wconf 81' lang='lat' dir='ltr'>Pylo</span> <span class='ocrx_word' id='word_1_150' title='bbox 941 1958 1048 2008; x_wconf 88' lang='lat' dir='ltr'>autem</span> <span class='ocrx_word' id='word_1_151' title='bbox 1071 1946 1182 2030; x_wconf 76' lang='lat' dir='ltr'>praesi-</span> 
     </span>
     <span class='ocr_line' id='line_1_20' title="bbox 134 2027 1181 2116; baseline -0.001 -20"><span class='ocrx_word' id='word_1_152' title='bbox 134 2031 229 2096; x_wconf 89' lang='lat' dir='ltr'>dium</span> <span class='ocrx_word' id='word_1_153' title='bbox 245 2029 453 2096; x_wconf 83' lang='lat' dir='ltr'>collocarunt.</span> <span class='ocrx_word' id='word_1_154' title='bbox 497 2028 541 2094; x_wconf 90' lang='lat' dir='ltr'>Et</span> <span class='ocrx_word' id='word_1_155' title='bbox 565 2027 727 2106; x_wconf 89' lang='lat' dir='ltr'>Messenii,</span> <span class='ocrx_word' id='word_1_156' title='bbox 744 2029 799 2116; x_wconf 91' lang='lat' dir='ltr'>qui</span> <span class='ocrx_word' id='word_1_157' title='bbox 816 2029 974 2114; x_wconf 82' lang='lat' dir='ltr'>Naupacti</span> <span class='ocrx_word' id='word_1_158' title='bbox 990 2043 1090 2108; x_wconf 86' lang='lat' dir='ltr'>erant,</span> <span class='ocrx_word' id='word_1_159' title='bbox 1106 2031 1181 2110; x_wconf 90' lang='lat' dir='ltr'>huc,</span> 
     </span>
     <span class='ocr_line' id='line_1_21' title="bbox 136 2115 1182 2204; baseline 0 -22"><span class='ocrx_word' id='word_1_160' title='bbox 136 2129 173 2182; x_wconf 91' lang='lat' dir='ltr'>ut</span> <span class='ocrx_word' id='word_1_161' title='bbox 188 2119 221 2182; x_wconf 92' lang='lat' dir='ltr'>in</span> <span class='ocrx_word' id='word_1_162' title='bbox 237 2119 374 2200; x_wconf 83' lang='lat' dir='ltr'>petriam</span> <span class='ocrx_word' id='word_1_163' title='bbox 388 2137 478 2182; x_wconf 89' lang='lat' dir='ltr'>suam</span> <span class='ocrx_word' id='word_1_164' title='bbox 494 2115 608 2201; x_wconf 86' lang='lat' dir='ltr'>(Pylur</span> <span class='ocrx_word' id='word_1_165' title='bbox 623 2116 707 2180; x_wconf 92' lang='lat' dir='ltr'>enim</span> <span class='ocrx_word' id='word_1_166' title='bbox 731 2128 778 2180; x_wconf 90' lang='lat' dir='ltr'>est</span> <span class='ocrx_word' id='word_1_167' title='bbox 799 2115 833 2180; x_wconf 92' lang='lat' dir='ltr'>in</span> <span class='ocrx_word' id='word_1_168' title='bbox 848 2136 991 2204; x_wconf 81' lang='lat' dir='ltr'>euagre,</span> <span class='ocrx_word' id='word_1_169' title='bbox 1009 2120 1063 2204; x_wconf 94' lang='lat' dir='ltr'>qui</span> <span class='ocrx_word' id='word_1_170' title='bbox 1079 2140 1182 2204; x_wconf 93' lang='lat' dir='ltr'>quou-</span> 
     </span>
     <span class='ocr_line' id='line_1_22' title="bbox 134 2200 1181 2287; baseline 0 -19"><span class='ocrx_word' id='word_1_171' title='bbox 134 2204 214 2268; x_wconf 86' lang='lat' dir='ltr'>dam</span> <span class='ocrx_word' id='word_1_172' title='bbox 231 2203 468 2287; x_wconf 81' lang='lat' dir='ltr'>Messeniorum</span> <span class='ocrx_word' id='word_1_173' title='bbox 482 2200 557 2284; x_wconf 91' lang='lat' dir='ltr'>fuit)</span> <span class='ocrx_word' id='word_1_174' title='bbox 572 2223 614 2267; x_wconf 85' lang='lat' dir='ltr'>ex</span> <span class='ocrx_word' id='word_1_175' title='bbox 628 2222 757 2267; x_wconf 84' lang='lat' dir='ltr'>suorum</span> <span class='ocrx_word' id='word_1_176' title='bbox 779 2201 896 2266; x_wconf 87' lang='lat' dir='ltr'>civium</span> <span class='ocrx_word' id='word_1_177' title='bbox 917 2223 1054 2268; x_wconf 88' lang='lat' dir='ltr'>numero</span> <span class='ocrx_word' id='word_1_178' title='bbox 1068 2205 1181 2282; x_wconf 86' lang='lat' dir='ltr'>missis,</span> 
     </span>
     <span class='ocr_line' id='line_1_23' title="bbox 135 2288 1182 2377; baseline -0.001 -22"><span class='ocrx_word' id='word_1_179' title='bbox 135 2291 194 2377; x_wconf 89' lang='lat' dir='ltr'>qui</span> <span class='ocrx_word' id='word_1_180' title='bbox 210 2293 329 2355; x_wconf 83' lang='lat' dir='ltr'>adrem</span> <span class='ocrx_word' id='word_1_181' title='bbox 340 2292 507 2376; x_wconf 84' lang='lat' dir='ltr'>gerendam</span> <span class='ocrx_word' id='word_1_182' title='bbox 522 2290 663 2353; x_wconf 84' lang='lat' dir='ltr'>maxime</span> <span class='ocrx_word' id='word_1_183' title='bbox 677 2288 784 2354; x_wconf 90' lang='lat' dir='ltr'>idonei</span> <span class='ocrx_word' id='word_1_184' title='bbox 798 2302 899 2368; x_wconf 87' lang='lat' dir='ltr'>erant,</span> <span class='ocrx_word' id='word_1_185' title='bbox 915 2313 932 2355; x_wconf 90' lang='lat' dir='ltr'>a</span> <span class='ocrx_word' id='word_1_186' title='bbox 958 2311 1027 2354; x_wconf 88' lang='lat' dir='ltr'>rum</span> <span class='ocrx_word' id='word_1_187' title='bbox 1044 2290 1182 2356; x_wconf 87' lang='lat' dir='ltr'>Laconi-</span> 
     </span>
     <span class='ocr_line' id='line_1_24' title="bbox 135 2313 1182 2464; baseline 0 -22"><span class='ocrx_word' id='word_1_188' title='bbox 135 2399 213 2442; x_wconf 91' lang='lat' dir='ltr'>oum</span> <span class='ocrx_word' id='word_1_189' title='bbox 236 2376 409 2442; x_wconf 89' lang='lat' dir='ltr'>latrociniis</span> <span class='ocrx_word' id='word_1_190' title='bbox 430 2374 632 2454; x_wconf 76' lang='lat' dir='ltr'>infestabant,</span> <span class='ocrx_word' id='word_1_191' title='bbox 652 2376 863 2464; x_wconf 74' lang='lat' dir='ltr'>maximisque</span> <span class='ocrx_word' id='word_1_192' title='bbox 884 2313 1048 2442; x_wconf 73' lang='lat' dir='ltr'>maleficiis</span> <span class='ocrx_word' id='word_1_193' title='bbox 1065 2378 1182 2443; x_wconf 88' lang='lat' dir='ltr'>afficie-</span> 
     </span>
     <span class='ocr_line' id='line_1_25' title="bbox 134 2461 1182 2550; baseline 0.002 -22"><span class='ocrx_word' id='word_1_194' title='bbox 134 2463 332 2550; x_wconf 78' lang='lat' dir='ltr'>bant,&#39;quod</span> <span class='ocrx_word' id='word_1_195' title='bbox 353 2461 464 2528; x_wconf 87' lang='lat' dir='ltr'>eadem</span> <span class='ocrx_word' id='word_1_196' title='bbox 486 2461 597 2549; x_wconf 80' lang='lat' dir='ltr'>lingue</span> <span class='ocrx_word' id='word_1_197' title='bbox 618 2473 794 2528; x_wconf 85' lang='lat' dir='ltr'>uterentur.</span> <span class='ocrx_word' id='word_1_198' title='bbox 839 2463 1080 2528; x_wconf 73' lang='lat' dir='ltr'>Lacedaemonii</span> <span class='ocrx_word' id='word_1_199' title='bbox 1095 2487 1182 2548; x_wconf 87' lang='lat' dir='ltr'>vero,</span> 
     </span>
     <span class='ocr_line' id='line_1_26' title="bbox 135 2547 1184 2638; baseline 0 -22"><span class='ocrx_word' id='word_1_200' title='bbox 135 2553 224 2638; x_wconf 90' lang='lat' dir='ltr'>quod</span> <span class='ocrx_word' id='word_1_201' title='bbox 244 2549 408 2635; x_wconf 90' lang='lat' dir='ltr'>superiore</span> <span class='ocrx_word' id='word_1_202' title='bbox 429 2561 575 2634; x_wconf 90' lang='lat' dir='ltr'>tempore</span> <span class='ocrx_word' id='word_1_203' title='bbox 598 2547 838 2613; x_wconf 86' lang='lat' dir='ltr'>latrociniorum</span> <span class='ocrx_word' id='word_1_204' title='bbox 865 2550 1129 2629; x_wconf 85' lang='lat' dir='ltr'>exercendorum,</span> <span class='ocrx_word' id='word_1_205' title='bbox 1152 2566 1184 2616; x_wconf 91' lang='lat' dir='ltr'>et</span> 
     </span>
     <span class='ocr_line' id='line_1_27' title="bbox 136 2634 1183 2725; baseline 0 -23"><span class='ocrx_word' id='word_1_206' title='bbox 136 2635 320 2725; x_wconf 88' lang='lat' dir='ltr'>hujusmodi</span> <span class='ocrx_word' id='word_1_207' title='bbox 335 2635 412 2700; x_wconf 89' lang='lat' dir='ltr'>belli</span> <span class='ocrx_word' id='word_1_208' title='bbox 425 2635 564 2720; x_wconf 89' lang='lat' dir='ltr'>imperiti</span> <span class='ocrx_word' id='word_1_209' title='bbox 578 2648 691 2711; x_wconf 79' lang='lat' dir='ltr'>essent,</span> <span class='ocrx_word' id='word_1_210' title='bbox 707 2634 802 2700; x_wconf 92' lang='lat' dir='ltr'>simul</span> <span class='ocrx_word' id='word_1_211' title='bbox 816 2636 911 2700; x_wconf 87' lang='lat' dir='ltr'>etiam</span> <span class='ocrx_word' id='word_1_212' title='bbox 935 2635 1021 2724; x_wconf 93' lang='lat' dir='ltr'>quod</span> <span class='ocrx_word' id='word_1_213' title='bbox 1037 2637 1085 2703; x_wconf 93' lang='lat' dir='ltr'>sui</span> <span class='ocrx_word' id='word_1_214' title='bbox 1100 2637 1183 2702; x_wconf 81' lang='lat' dir='ltr'>servi</span> 
     </span>
     <span class='ocr_line' id='line_1_28' title="bbox 136 2719 1183 2810; baseline -0.001 -21"><span class='ocrx_word' id='word_1_215' title='bbox 136 2725 179 2790; x_wconf 81' lang='lat' dir='ltr'>ad</span> <span class='ocrx_word' id='word_1_216' title='bbox 203 2723 328 2788; x_wconf 84' lang='lat' dir='ltr'>hostem</span> <span class='ocrx_word' id='word_1_217' title='bbox 349 2719 595 2808; x_wconf 81' lang='lat' dir='ltr'>transfugerent,</span> <span class='ocrx_word' id='word_1_218' title='bbox 609 2721 712 2801; x_wconf 83' lang='lat' dir='ltr'>ueriti,</span> <span class='ocrx_word' id='word_1_219' title='bbox 734 2744 775 2786; x_wconf 89' lang='lat' dir='ltr'>ne</span> <span class='ocrx_word' id='word_1_220' title='bbox 796 2723 925 2809; x_wconf 85' lang='lat' dir='ltr'>gravior</span> <span class='ocrx_word' id='word_1_221' title='bbox 946 2719 1053 2810; x_wconf 82' lang='lat' dir='ltr'>aliqua</span> <span class='ocrx_word' id='word_1_222' title='bbox 1074 2745 1183 2790; x_wconf 88' lang='lat' dir='ltr'>rerum</span> 
     </span>
     <span class='ocr_line' id='line_1_29' title="bbox 136 2808 1184 2894; baseline 0 -18"><span class='ocrx_word' id='word_1_223' title='bbox 136 2833 296 2876; x_wconf 85' lang='lat' dir='ltr'>novarum</span> <span class='ocrx_word' id='word_1_224' title='bbox 312 2808 435 2876; x_wconf 90' lang='lat' dir='ltr'>molitio</span> <span class='ocrx_word' id='word_1_225' title='bbox 449 2821 562 2873; x_wconf 86' lang='lat' dir='ltr'>contra</span> <span class='ocrx_word' id='word_1_226' title='bbox 572 2808 646 2873; x_wconf 91' lang='lat' dir='ltr'>sein</span> <span class='ocrx_word' id='word_1_227' title='bbox 662 2830 809 2894; x_wconf 83' lang='lat' dir='ltr'>suoagro</span> <span class='ocrx_word' id='word_1_228' title='bbox 819 2808 920 2887; x_wconf 89' lang='lat' dir='ltr'>fieret,</span> <span class='ocrx_word' id='word_1_229' title='bbox 933 2812 998 2875; x_wconf 77' lang='lat' dir='ltr'>haec</span> <span class='ocrx_word' id='word_1_230' title='bbox 1012 2832 1077 2876; x_wconf 89' lang='lat' dir='ltr'>non</span> <span class='ocrx_word' id='word_1_231' title='bbox 1094 2811 1184 2877; x_wconf 87' lang='lat' dir='ltr'>facile</span> 
     </span>
     <span class='ocr_line' id='line_1_30' title="bbox 136 2893 1184 2983; baseline -0.003 -19"><span class='ocrx_word' id='word_1_232' title='bbox 136 2897 304 2974; x_wconf 85' lang='lat' dir='ltr'>ferebsut3</span> <span class='ocrx_word' id='word_1_233' title='bbox 327 2895 393 2974; x_wconf 91' lang='lat' dir='ltr'>sed,</span> <span class='ocrx_word' id='word_1_234' title='bbox 408 2895 552 2983; x_wconf 85' lang='lat' dir='ltr'>quamvis</span> <span class='ocrx_word' id='word_1_235' title='bbox 574 2893 823 2961; x_wconf 82' lang='lat' dir='ltr'>Atheniensibus</span> <span class='ocrx_word' id='word_1_236' title='bbox 843 2896 1002 2962; x_wconf 83' lang='lat' dir='ltr'>manifesti</span> <span class='ocrx_word' id='word_1_237' title='bbox 1025 2921 1091 2962; x_wconf 89' lang='lat' dir='ltr'>esse</span> <span class='ocrx_word' id='word_1_238' title='bbox 1114 2899 1184 2961; x_wconf 88' lang='lat' dir='ltr'>nol-</span> 
     </span>
     <span class='ocr_line' id='line_1_31' title="bbox 137 2981 1184 3072; baseline -0.001 -22"><span class='ocrx_word' id='word_1_239' title='bbox 137 2984 217 3060; x_wconf 85' lang='lat' dir='ltr'>lent,</span> <span class='ocrx_word' id='word_1_240' title='bbox 233 2993 336 3049; x_wconf 85' lang='lat' dir='ltr'>tamen</span> <span class='ocrx_word' id='word_1_241' title='bbox 349 2981 473 3070; x_wconf 79' lang='lat' dir='ltr'>legatos</span> <span class='ocrx_word' id='word_1_242' title='bbox 488 2982 529 3047; x_wconf 91' lang='lat' dir='ltr'>ad</span> <span class='ocrx_word' id='word_1_243' title='bbox 545 3003 598 3046; x_wconf 91' lang='lat' dir='ltr'>eos</span> <span class='ocrx_word' id='word_1_244' title='bbox 619 2981 798 3060; x_wconf 80' lang='lat' dir='ltr'>mittebant,</span> <span class='ocrx_word' id='word_1_245' title='bbox 815 2993 848 3046; x_wconf 89' lang='lat' dir='ltr'>et</span> <span class='ocrx_word' id='word_1_246' title='bbox 862 2983 979 3072; x_wconf 84' lang='lat' dir='ltr'>Pylum</span> <span class='ocrx_word' id='word_1_247' title='bbox 995 2998 1026 3048; x_wconf 92' lang='lat' dir='ltr'>et</span> <span class='ocrx_word' id='word_1_248' title='bbox 1041 2986 1184 3069; x_wconf 84' lang='lat' dir='ltr'>captivos</span> 
     </span>
     <span class='ocr_line' id='line_1_32' title="bbox 136 3065 1183 3155; baseline -0.003 -18"><span class='ocrx_word' id='word_1_249' title='bbox 136 3069 282 3152; x_wconf 84' lang='lat' dir='ltr'>recipere</span> <span class='ocrx_word' id='word_1_250' title='bbox 303 3073 510 3134; x_wconf 85' lang='lat' dir='ltr'>conabantur.</span> <span class='ocrx_word' id='word_1_251' title='bbox 555 3071 598 3132; x_wconf 85' lang='lat' dir='ltr'>At</span> <span class='ocrx_word' id='word_1_252' title='bbox 619 3065 665 3132; x_wconf 95' lang='lat' dir='ltr'>illi</span> <span class='ocrx_word' id='word_1_253' title='bbox 687 3070 809 3155; x_wconf 87' lang='lat' dir='ltr'>majora</span> <span class='ocrx_word' id='word_1_254' title='bbox 829 3068 1033 3147; x_wconf 86' lang='lat' dir='ltr'>affectabant,</span> <span class='ocrx_word' id='word_1_255' title='bbox 1056 3084 1088 3135; x_wconf 90' lang='lat' dir='ltr'>et</span> <span class='ocrx_word' id='word_1_256' title='bbox 1109 3091 1183 3135; x_wconf 90' lang='lat' dir='ltr'>eum</span> 
     </span>
     <span class='ocr_line' id='line_1_33' title="bbox 136 3155 1183 3242; baseline 0 -20"><span class='ocrx_word' id='word_1_257' title='bbox 136 3158 256 3242; x_wconf 82' lang='lat' dir='ltr'>saepius</span> <span class='ocrx_word' id='word_1_258' title='bbox 270 3159 316 3220; x_wconf 85' lang='lat' dir='ltr'>ad</span> <span class='ocrx_word' id='word_1_259' title='bbox 327 3178 376 3222; x_wconf 84' lang='lat' dir='ltr'>eos</span> <span class='ocrx_word' id='word_1_260' title='bbox 390 3155 678 3241; x_wconf 86' lang='lat' dir='ltr'>proficiscerentur,</span> <span class='ocrx_word' id='word_1_261' title='bbox 690 3155 776 3239; x_wconf 89' lang='lat' dir='ltr'>ipsos</span> <span class='ocrx_word' id='word_1_262' title='bbox 789 3177 825 3218; x_wconf 88' lang='lat' dir='ltr'>re</span> <span class='ocrx_word' id='word_1_263' title='bbox 840 3155 956 3221; x_wconf 86' lang='lat' dir='ltr'>infecta</span> <span class='ocrx_word' id='word_1_264' title='bbox 970 3156 1183 3222; x_wconf 85' lang='lat' dir='ltr'>remittebant.</span> 
     </span>
     <span class='ocr_line' id='line_1_34' title="bbox 137 3241 909 3330; baseline -0.003 -21"><span class='ocrx_word' id='word_1_265' title='bbox 137 3244 249 3330; x_wconf 86' lang='lat' dir='ltr'>Atque</span> <span class='ocrx_word' id='word_1_266' title='bbox 264 3242 334 3308; x_wconf 79' lang='lat' dir='ltr'>hec</span> <span class='ocrx_word' id='word_1_267' title='bbox 347 3242 477 3329; x_wconf 91' lang='lat' dir='ltr'>quidem</span> <span class='ocrx_word' id='word_1_268' title='bbox 493 3243 578 3307; x_wconf 88' lang='lat' dir='ltr'>circa</span> <span class='ocrx_word' id='word_1_269' title='bbox 593 3241 708 3328; x_wconf 90' lang='lat' dir='ltr'>Pylum</span> <span class='ocrx_word' id='word_1_270' title='bbox 723 3255 813 3328; x_wconf 82' lang='lat' dir='ltr'>gesta</span> <span class='ocrx_word' id='word_1_271' title='bbox 825 3255 909 3308; x_wconf 89' lang='lat' dir='ltr'>sunt.</span> 
     </span>
    </p>

    <p class='ocr_par' dir='ltr' id='par_1_6' title="bbox 136 3326 1294 3675">
     <span class='ocr_line' id='line_1_35' title="bbox 183 3326 1279 3420; baseline 0 -24"><span class='ocrx_word' id='word_1_272' title='bbox 183 3341 239 3396; x_wconf 68' lang='lat'>4⁶2.</span> <span class='ocrx_word' id='word_1_273' title='bbox 263 3326 384 3394; x_wconf 85' lang='lat' dir='ltr'>Eadem</span> <span class='ocrx_word' id='word_1_274' title='bbox 415 3339 535 3406; x_wconf 71' lang='lat' dir='ltr'>mutate,</span> <span class='ocrx_word' id='word_1_275' title='bbox 562 3330 669 3392; x_wconf 90' lang='lat' dir='ltr'>statim</span> <span class='ocrx_word' id='word_1_276' title='bbox 698 3339 771 3412; x_wconf 90' lang='lat' dir='ltr'>post</span> <span class='ocrx_word' id='word_1_277' title='bbox 799 3327 882 3410; x_wconf 83' lang='lat' dir='ltr'>lraec,</span> <span class='ocrx_word' id='word_1_278' title='bbox 907 3329 1119 3396; x_wconf 84' lang='lat' dir='ltr'>Athenienses</span> <span class='ocrx_word' id='word_1_279' title='bbox 1149 3333 1183 3396; x_wconf 93' lang='lat' dir='ltr'>in</span> <span class='ocrx_word' id='word_1_280' title='bbox 1213 3363 1279 3420; x_wconf 78' lang='lat' dir='ltr'>sug.</span> 
     </span>
     <span class='ocr_line' id='line_1_36' title="bbox 137 3413 1294 3506; baseline 0.003 -26"><span class='ocrx_word' id='word_1_281' title='bbox 137 3439 254 3506; x_wconf 81' lang='lat' dir='ltr'>agrum</span> <span class='ocrx_word' id='word_1_282' title='bbox 278 3415 482 3480; x_wconf 87' lang='lat' dir='ltr'>Corinthium</span> <span class='ocrx_word' id='word_1_283' title='bbox 504 3413 639 3500; x_wconf 72' lang='lat' dir='ltr'>profesti</span> <span class='ocrx_word' id='word_1_284' title='bbox 658 3425 741 3492; x_wconf 85' lang='lat' dir='ltr'>sunt,</span> <span class='ocrx_word' id='word_1_285' title='bbox 758 3435 831 3480; x_wconf 90' lang='lat' dir='ltr'>oum</span> <span class='ocrx_word' id='word_1_286' title='bbox 853 3418 1018 3505; x_wconf 82' lang='lat' dir='ltr'>octoginta¹</span> <span class='ocrx_word' id='word_1_287' title='bbox 1036 3418 1182 3497; x_wconf 86' lang='lat' dir='ltr'>naribus,</span> <span class='ocrx_word' id='word_1_288' title='bbox 1199 3425 1294 3471; x_wconf 68' lang='lat' dir='ltr'>areae</span> 
     </span>
     <span class='ocr_line' id='line_1_37' title="bbox 136 3501 1184 3589; baseline 0 -19"><span class='ocrx_word' id='word_1_289' title='bbox 136 3521 173 3570; x_wconf 90' lang='lat' dir='ltr'>et</span> <span class='ocrx_word' id='word_1_290' title='bbox 186 3503 314 3569; x_wconf 84' lang='lat' dir='ltr'>duobus</span> <span class='ocrx_word' id='word_1_291' title='bbox 325 3501 465 3568; x_wconf 92' lang='lat' dir='ltr'>millibus</span> <span class='ocrx_word' id='word_1_292' title='bbox 472 3501 580 3588; x_wconf 83' lang='lat' dir='ltr'>gravis</span> <span class='ocrx_word' id='word_1_293' title='bbox 592 3513 763 3565; x_wconf 76' lang='lat' dir='ltr'>armaturae</span> <span class='ocrx_word' id='word_1_294' title='bbox 774 3502 912 3572; x_wconf 88' lang='lat' dir='ltr'>militum</span> <span class='ocrx_word' id='word_1_295' title='bbox 923 3505 1061 3569; x_wconf 88' lang='lat' dir='ltr'>nominis</span> <span class='ocrx_word' id='word_1_296' title='bbox 1071 3505 1184 3589; x_wconf 84' lang='lat' dir='ltr'>Attici,</span> 
     </span>
     <span class='ocr_line' id='line_1_38' title="bbox 137 3586 1184 3675; baseline 0.002 -19"><span class='ocrx_word' id='word_1_297' title='bbox 137 3604 261 3656; x_wconf 89' lang='lat' dir='ltr'>etcum</span> <span class='ocrx_word' id='word_1_298' title='bbox 276 3589 421 3654; x_wconf 86' lang='lat' dir='ltr'>ducentis</span> <span class='ocrx_word' id='word_1_299' title='bbox 435 3611 453 3652; x_wconf 90' lang='lat' dir='ltr'>e</span> <span class='ocrx_word' id='word_1_300' title='bbox 476 3587 608 3670; x_wconf 91' lang='lat' dir='ltr'>uitibus‚</span> <span class='ocrx_word' id='word_1_301' title='bbox 621 3588 676 3674; x_wconf 94' lang='lat' dir='ltr'>qui</span> <span class='ocrx_word' id='word_1_302' title='bbox 690 3586 724 3651; x_wconf 90' lang='lat' dir='ltr'>ia</span> <span class='ocrx_word' id='word_1_303' title='bbox 741 3587 966 3675; x_wconf 81' lang='lat' dir='ltr'>hippaginibus</span> <span class='ocrx_word' id='word_1_304' title='bbox 976 3589 1184 3658; x_wconf 82' lang='lat' dir='ltr'>vehebantur.</span> 
     </span>
    </p>

    <p class='ocr_par' dir='ltr' id='par_1_7' title="bbox 138 3610 1186 3760">
     <span class='ocr_line' id='line_1_39' title="bbox 138 3610 1186 3760; baseline 0.003 -16"><span class='ocrx_word' id='word_1_305' title='bbox 138 3673 210 3744; x_wconf 86' lang='lat' dir='ltr'>Eos</span> <span class='ocrx_word' id='word_1_306' title='bbox 224 3691 331 3742; x_wconf 86' lang='lat' dir='ltr'>autem</span> <span class='ocrx_word' id='word_1_307' title='bbox 346 3610 582 3741; x_wconf 74' lang='lat' dir='ltr'>comitabantur</span> <span class='ocrx_word' id='word_1_308' title='bbox 603 3695 644 3738; x_wconf 86' lang='lat' dir='ltr'>ex</span> <span class='ocrx_word' id='word_1_309' title='bbox 664 3674 758 3739; x_wconf 88' lang='lat' dir='ltr'>sociis</span> <span class='ocrx_word' id='word_1_310' title='bbox 781 3674 911 3754; x_wconf 89' lang='lat' dir='ltr'>Milesii,</span> <span class='ocrx_word' id='word_1_311' title='bbox 929 3677 1059 3760; x_wconf 83' lang='lat' dir='ltr'>Andrii,</span> <span class='ocrx_word' id='word_1_312' title='bbox 1074 3693 1106 3746; x_wconf 89' lang='lat' dir='ltr'>et</span> <span class='ocrx_word' id='word_1_313' title='bbox 1122 3681 1186 3746; x_wconf 87' lang='lat' dir='ltr'>Ca·</span> 
     </span>
    </p>

    <p class='ocr_par' dir='ltr' id='par_1_8' title="bbox 137 3758 1186 3852">
     <span class='ocr_line' id='line_1_40' title="bbox 137 3758 1186 3852; baseline 0.004 -23"><span class='ocrx_word' id='word_1_314' title='bbox 137 3765 242 3852; x_wconf 82' lang='lat' dir='ltr'>rystii.</span> <span class='ocrx_word' id='word_1_315' title='bbox 288 3761 353 3827; x_wconf 88' lang='lat' dir='ltr'>His</span> <span class='ocrx_word' id='word_1_316' title='bbox 368 3775 472 3827; x_wconf 85' lang='lat' dir='ltr'>autem</span> <span class='ocrx_word' id='word_1_317' title='bbox 486 3773 622 3846; x_wconf 82' lang='lat' dir='ltr'>praeerat</span> <span class='ocrx_word' id='word_1_318' title='bbox 638 3758 747 3825; x_wconf 83' lang='lat' dir='ltr'>Nicias</span> <span class='ocrx_word' id='word_1_319' title='bbox 758 3759 1005 3845; x_wconf 74' lang='lat' dir='ltr'>Niceratifflim,</span> <span class='ocrx_word' id='word_1_320' title='bbox 1016 3789 1089 3832; x_wconf 89' lang='lat' dir='ltr'>cum</span> <span class='ocrx_word' id='word_1_321' title='bbox 1104 3768 1186 3833; x_wconf 93' lang='lat' dir='ltr'>duo-</span> 
     </span>
    </p>

    <p class='ocr_par' dir='ltr' id='par_1_9' title="bbox 139 3846 1185 3939">
     <span class='ocr_line' id='line_1_41' title="bbox 139 3846 1185 3939; baseline 0.001 -22"><span class='ocrx_word' id='word_1_322' title='bbox 139 3851 199 3917; x_wconf 80' lang='lat' dir='ltr'>bus</span> <span class='ocrx_word' id='word_1_323' title='bbox 211 3848 352 3938; x_wconf 84' lang='lat' dir='ltr'>collegis.</span> <span class='ocrx_word' id='word_1_324' title='bbox 398 3847 509 3913; x_wconf 89' lang='lat' dir='ltr'>Primo</span> <span class='ocrx_word' id='word_1_325' title='bbox 520 3860 626 3912; x_wconf 87' lang='lat' dir='ltr'>autern</span> <span class='ocrx_word' id='word_1_326' title='bbox 634 3846 777 3912; x_wconf 90' lang='lat' dir='ltr'>diluculo</span> <span class='ocrx_word' id='word_1_327' title='bbox 789 3850 974 3939; x_wconf 81' lang='lat' dir='ltr'>navigantes</span> <span class='ocrx_word' id='word_1_328' title='bbox 985 3855 1067 3917; x_wconf 88' lang='lat' dir='ltr'>inter</span> <span class='ocrx_word' id='word_1_329' title='bbox 1084 3852 1185 3918; x_wconf 88' lang='lat' dir='ltr'>Cher·</span> 
     </span>
    </p>

    <p class='ocr_par' dir='ltr' id='par_1_10' title="bbox 138 3933 1185 4024">
     <span class='ocr_line' id='line_1_42' title="bbox 138 3933 1185 4024; baseline 0.003 -21"><span class='ocrx_word' id='word_1_330' title='bbox 138 3958 292 4005; x_wconf 90' lang='lat' dir='ltr'>ronesum</span> <span class='ocrx_word' id='word_1_331' title='bbox 305 3949 337 4000; x_wconf 87' lang='lat' dir='ltr'>et</span> <span class='ocrx_word' id='word_1_332' title='bbox 353 3935 505 4003; x_wconf 84' lang='lat' dir='ltr'>Rheitum</span> <span class='ocrx_word' id='word_1_333' title='bbox 520 3933 713 4020; x_wconf 84' lang='lat' dir='ltr'>appulerunt</span> <span class='ocrx_word' id='word_1_334' title='bbox 727 3934 769 3999; x_wconf 84' lang='lat' dir='ltr'>ad</span> <span class='ocrx_word' id='word_1_335' title='bbox 787 3933 876 4001; x_wconf 91' lang='lat' dir='ltr'>littus</span> <span class='ocrx_word' id='word_1_336' title='bbox 891 3937 964 4016; x_wconf 90' lang='lat' dir='ltr'>loci,</span> <span class='ocrx_word' id='word_1_337' title='bbox 980 3960 1076 4024; x_wconf 89' lang='lat' dir='ltr'>super</span> <span class='ocrx_word' id='word_1_338' title='bbox 1114 3961 1185 4006; x_wconf 87' lang='lat' dir='ltr'>uem</span> 
     </span>
    </p>

    <p class='ocr_par' dir='ltr' id='par_1_11' title="bbox 138 3962 1187 4280">
     <span class='ocr_line' id='line_1_43' title="bbox 138 3962 1185 4110; baseline 0.002 -22"><span class='ocrx_word' id='word_1_339' title='bbox 138 4025 218 4090; x_wconf 81' lang='lat' dir='ltr'>ritus</span> <span class='ocrx_word' id='word_1_340' title='bbox 233 4035 282 4090; x_wconf 89' lang='lat' dir='ltr'>est</span> <span class='ocrx_word' id='word_1_341' title='bbox 302 4021 450 4110; x_wconf 83' lang='lat' dir='ltr'>Solygins</span> <span class='ocrx_word' id='word_1_342' title='bbox 473 4019 574 4085; x_wconf 86' lang='lat' dir='ltr'>collis.</span> <span class='ocrx_word' id='word_1_343' title='bbox 619 4019 659 4084; x_wconf 92' lang='lat' dir='ltr'>ln</span> <span class='ocrx_word' id='word_1_344' title='bbox 680 4042 745 4107; x_wconf 91' lang='lat' dir='ltr'>quo</span> <span class='ocrx_word' id='word_1_345' title='bbox 767 4021 941 4089; x_wconf 87' lang='lat' dir='ltr'>Dorienses</span> <span class='ocrx_word' id='word_1_346' title='bbox 963 4024 1041 4088; x_wconf 89' lang='lat' dir='ltr'>olim</span> <span class='ocrx_word' id='word_1_347' title='bbox 1056 3962 1185 4090; x_wconf 75' lang='lat' dir='ltr'>sedibus</span> 
     </span>
     <span class='ocr_line' id='line_1_44' title="bbox 199 4105 1186 4212; baseline 0.001 -37"><span class='ocrx_word' id='word_1_348' title='bbox 199 4111 263 4188; x_wconf 89' lang='lat' dir='ltr'>itis,</span> <span class='ocrx_word' id='word_1_349' title='bbox 282 4107 402 4174; x_wconf 91' lang='lat' dir='ltr'>bellum</span> <span class='ocrx_word' id='word_1_350' title='bbox 425 4107 585 4173; x_wconf 83' lang='lat' dir='ltr'>faciebant</span> <span class='ocrx_word' id='word_1_351' title='bbox 607 4105 795 4185; x_wconf 90' lang='lat' dir='ltr'>Corinthiis,</span> <span class='ocrx_word' id='word_1_352' title='bbox 819 4109 874 4212; x_wconf 92' lang='lat' dir='ltr'>qui</span> <span class='ocrx_word' id='word_1_353' title='bbox 899 4110 932 4174; x_wconf 92' lang='lat' dir='ltr'>in</span> <span class='ocrx_word' id='word_1_354' title='bbox 957 4109 1036 4175; x_wconf 89' lang='lat' dir='ltr'>urbe</span> <span class='ocrx_word' id='word_1_355' title='bbox 1061 4109 1186 4176; x_wconf 88' lang='lat' dir='ltr'>habita-</span> 
     </span>
     <span class='ocr_line' id='line_1_45' title="bbox 184 4191 1187 4280; baseline 0.002 -17"><span class='ocrx_word' id='word_1_356' title='bbox 184 4210 221 4263; x_wconf 89' lang='lat' dir='ltr'>nt</span> <span class='ocrx_word' id='word_1_357' title='bbox 246 4209 279 4262; x_wconf 88' lang='lat' dir='ltr'>et</span> <span class='ocrx_word' id='word_1_358' title='bbox 310 4193 475 4262; x_wconf 81' lang='lat' dir='ltr'>AEolenses</span> <span class='ocrx_word' id='word_1_359' title='bbox 499 4206 599 4258; x_wconf 81' lang='lat' dir='ltr'>erant.</span> <span class='ocrx_word' id='word_1_360' title='bbox 644 4191 689 4258; x_wconf 88' lang='lat' dir='ltr'>Et</span> <span class='ocrx_word' id='word_1_361' title='bbox 712 4215 807 4279; x_wconf 90' lang='lat' dir='ltr'>super</span> <span class='ocrx_word' id='word_1_362' title='bbox 832 4217 934 4280; x_wconf 90' lang='lat' dir='ltr'>1psum</span> <span class='ocrx_word' id='word_1_363' title='bbox 965 4217 1052 4262; x_wconf 89' lang='lat' dir='ltr'>nunc</span> <span class='ocrx_word' id='word_1_364' title='bbox 1080 4211 1187 4266; x_wconf 86' lang='lat' dir='ltr'>exstat</span> 
     </span>
    </p>

    <p class='ocr_par' dir='ltr' id='par_1_12' title="bbox 141 4277 1187 4371">
     <span class='ocr_line' id='line_1_46' title="bbox 141 4277 1187 4371; baseline -0.004 -16"><span class='ocrx_word' id='word_1_365' title='bbox 141 4283 319 4361; x_wconf 76' lang='lat' dir='ltr'>castellum,</span> <span class='ocrx_word' id='word_1_366' title='bbox 334 4283 465 4350; x_wconf 85' lang='lat' dir='ltr'>nomine</span> <span class='ocrx_word' id='word_1_367' title='bbox 479 4280 620 4370; x_wconf 83' lang='lat' dir='ltr'>Solygia.</span> <span class='ocrx_word' id='word_1_368' title='bbox 644 4279 685 4344; x_wconf 89' lang='lat' dir='ltr'>ab</span> <span class='ocrx_word' id='word_1_369' title='bbox 707 4279 769 4346; x_wconf 88' lang='lat' dir='ltr'>hoc</span> <span class='ocrx_word' id='word_1_370' title='bbox 790 4294 896 4350; x_wconf 89' lang='lat' dir='ltr'>autem</span> <span class='ocrx_word' id='word_1_371' title='bbox 909 4277 1027 4360; x_wconf 81' lang='lat' dir='ltr'>littore,</span> <span class='ocrx_word' id='word_1_372' title='bbox 1041 4285 1082 4364; x_wconf 82' lang='lat' dir='ltr'>ad</span> <span class='ocrx_word' id='word_1_373' title='bbox 1098 4283 1187 4371; x_wconf 92' lang='lat' dir='ltr'>quod</span> 
     </span>
    </p>
   </div>
   <div class='ocr_carea' id='block_1_3' title="bbox 644 4376 701 4454">
    <p class='ocr_par' dir='ltr' id='par_1_13' title="bbox 644 4376 701 4454">
     <span class='ocr_line' id='line_1_47' title="bbox 644 4376 701 4454; baseline 0 -22"><span class='ocrx_word' id='word_1_374' title='bbox 644 4376 701 4454; x_wconf 70' lang='lat'>523</span> 
     </span>
    </p>
   </div>
   <div class='ocr_carea' id='block_1_4' title="bbox 0 0 1507 4788">
    <p class='ocr_par' dir='ltr' id='par_1_14' title="bbox 0 0 1507 4788">
     <span class='ocr_line' id='line_1_48' title="bbox 0 0 1507 4788; baseline 0 0"><span class='ocrx_word' id='word_1_375' title='bbox 0 0 1507 4788; x_wconf 95' lang='lat' dir='ltr'> </span> 
     </span>
    </p>
   </div>
  </div>
 </body>
</html>
