2964 4786
386 263 629 332 HISTORIAE
652 264 742 332 Lllls
764 266 837 332 vl(
1061 277 1125 337 ³99

102 431 452 519 illinereJeotifusrunt3
476 437 583 526 ibique
597 437 742 504 nonnulli
752 437 862 526 Argivi
877 449 910 504 et
918 437 1125 508 Athenienses
1158 463 1219 510 aut

100 537 160 582 uon
179 520 268 585 multi
290 523 386 588 occisi
405 522 544 589 fuerunt.
589 524 758 590 Universae
773 538 879 590 autem
895 526 1126 593 Atheniensium
1149 529 1231 602 ¹²⁸3¹⁰1²

101 604 195 690 copim
204 607 293 672 illiers
302 611 708 688 reversoe,etmunitionem
720 611 936 676 substructam
948 612 1125 706 diruerunt,
1136 591 1240 718 5¹1¹}ssss

100 701 130 753 et
148 690 263 758 vallum
288 695 502 774 revulserunt3
526 711 558 762 et
579 697 678 761 vallos
696 697 782 784 apud
805 720 838 762 se
859 710 1126 784 transporterunt,
1152 721 1191 769 or.
1205 717 1229 782 ς.

101 797 136 840 ac
148 789 302 864 tropaeum
317 796 498 847 erexerunt.
1123 855 1126 864 ,
1156 785 1185 832 ⁰·
1199 785 1229 832 ⁰·

141 870 210 930 101.
233 866 391 932 Postridie
403 889 478 934 vero
492 871 562 955 ejus
573 868 635 934 diei
648 867 858 934 Athenienses
871 892 891 934 a
905 873 986 935 mari
995 872 1128 950 ambitu,
1157 849 1230 953 Vqr.

100 969 178 1032 quem
192 949 262 1036 jam
276 953 479 1033 chimaeram,
494 977 606 1041 rupem
629 953 739 1041 paludi
764 955 981 1021 imminentem
1004 961 1130 1025 munire
1159 928 1225 1007 ³⁴1'·

100 1051 272 1120 coepernnt,
285 1061 358 1126 quse
371 1041 414 1106 ab
427 1040 490 1107 hac
502 1041 712 1127 Epipolarum
728 1055 819 1127 parte
833 1063 984 1129 magnum
999 1057 1131 1128 portum

99 1141 202 1188 versus
214 1125 327 1214 vergit,
339 1138 372 1191 et
385 1149 450 1214 qua
462 1129 545 1212 ipsis,
558 1149 617 1214 per
630 1131 726 1192 mcum
740 1127 872 1214 planum
887 1140 920 1192 et
933 1127 1083 1212 paludem
1095 1131 1131 1196 in

98 1223 221 1292 portum
244 1209 516 1292 descendentibus,
532 1215 734 1280 brevissimus
749 1215 832 1278 muri
846 1213 983 1279 ambitus
997 1230 1066 1281 enat
1080 1216 1131 1281 lu·

99 1305 195 1360 turus.
240 1300 364 1364 Interea
377 1321 454 1364 vero
469 1301 660 1387 Syracusani
675 1301 804 1387 egressi,
820 1322 930 1366 rursus
944 1313 976 1366 et
991 1301 1051 1386 ipsi
1066 1302 1132 1366 vals

97 1377 161 1444 lum
177 1392 381 1451 ncruuersum
394 1384 512 1452 ducere
525 1398 701 1472 caeperunt,
716 1386 899 1452 inchoatum
915 1387 957 1452 ab
971 1389 1061 1464 urbe,
1076 1409 1134 1474 per

98 1467 234 1533 mediam
248 1469 409 1556 paludem.
455 1473 558 1538 Simul
572 1473 666 1538 etiem
678 1471 793 1538 fossam
808 1494 910 1558 prope
924 1475 1037 1540 nullum
1051 1474 1134 1543 dux·

98 1567 199 1633 erunt,
215 1578 258 1621 ne
275 1556 519 1624 Atheniensibus
534 1579 662 1625 murum
681 1558 723 1624 ad
739 1580 826 1623 mare
842 1581 942 1646 usque
956 1559 1135 1646 producere

96 1635 215 1707 liceret.
258 1642 311 1708 llli
333 1667 420 1726 vero,
443 1657 611 1731 postquam
637 1645 847 1710 munitionem
870 1647 904 1709 in
926 1648 1135 1730 Fpspolam

97 1744 176 1810 rupe
190 1741 329 1814 coeptam
344 1730 557 1810 absolverunt,
572 1733 844 1819 Syracusanorum
858 1731 986 1808 vallum,
1003 1736 1135 1798 fossam-

97 1831 159 1898 que
174 1835 285 1880 rursus
309 1815 442 1906 aggredi
465 1829 662 1893 statuerunt3
683 1817 784 1883 classe
803 1816 931 1903 quidem
947 1839 987 1882 ex
1003 1817 1136 1904 Thapso

97 1897 130 1960 in
159 1921 315 1988 magnum
346 1907 619 1990 Syracusanorum
650 1917 778 1988 portum
809 1902 1005 1968 circumvehi
1037 1907 1137 1990 jussa.

96 1982 161 2070 lpsi
177 2008 258 2052 sero
270 1988 329 2054 sub
344 2011 505 2068 auroram,
518 2013 590 2055 cum
605 1989 647 2055 ab
658 1988 803 2075 Epipolis
813 1989 845 2052 in
861 1987 992 2073 planum
1003 1989 1137 2056 descen·

96 2069 228 2154 dissent,
239 2087 272 2138 et
282 2096 341 2160 per
350 2075 499 2161 paludem
512 2081 590 2162 (qua
604 2097 733 2140 coenose
747 2087 779 2140 et
793 2076 932 2140 maxime
943 2073 1044 2141 solida
1054 2078 1136 2158 erat)

97 2177 195 2242 supra
218 2157 302 2226 fores
326 2182 508 2249 asseresque
533 2162 708 2228 substratos
733 2163 930 2244 transissent,
945 2161 1005 2227 sub
1030 2162 1137 2247 ipsum

96 2241 279 2310 diluculum
301 2249 434 2334 capiunt
454 2262 487 2313 et
500 2247 630 2326 vallism,
645 2258 765 2334 praeter
786 2248 934 2334 exiguam
981 2259 1091 2326 artem,
1106 2260 1139 2314 et

96 2326 226 2408 fossum
242 2335 296 2398 sed
310 2338 409 2416 paulo
429 2345 502 2418 post
516 2346 549 2399 et
562 2333 648 2399 illam
671 2345 808 2418 partem,
823 2356 897 2420 quoe
919 2357 936 2397 r
965 2335 1041 2421 iqua
1059 2347 1138 2412 erat,

94 2430 266 2502 ceperunt.
310 2417 355 2484 Et
368 2421 414 2486 ibi
426 2419 579 2507 proelium
589 2418 793 2486 commissum
808 2433 864 2498 est,
880 2431 912 2485 et
927 2419 1141 2486 Athenienses

96 2500 131 2566 in
155 2526 196 2568 eo
219 2505 356 2571 victores
379 2507 578 2572 exstiterunt
624 2505 668 2571 Et
685 2506 885 2593 Syracusani,
908 2506 964 2593 qui
985 2505 1139 2571 dextrum

94 2607 202 2655 cornu
226 2591 387 2672 tenebant,
403 2593 445 2657 ad
466 2592 578 2657 urbem
592 2591 744 2680 fugerunt
753 2616 762 2670 ς
785 2592 841 2678 qui
856 2613 932 2657 vero
947 2592 982 2656 in
997 2591 1137 2668 sinistro,

96 2675 136 2739 ad
152 2676 300 2744 fluvium.
347 2678 431 2744 Cum
447 2691 551 2744 sutem
567 2678 701 2744 trecenti
716 2677 762 2742 illi
773 2678 1014 2744 Atheniensium
1026 2676 1140 2744 delecti

95 2761 220 2828 milites
250 2764 417 2830 transitum
447 2765 523 2849 ipsis
551 2763 762 2830 intercludere
784 2765 910 2842 vellent,
940 2766 979 2830 ad
1008 2780 1141 2849 pontem

95 2869 196 2913 cursu
209 2850 455 2917 contenderunt.
501 2850 599 2927 Quod
611 2851 703 2916 veriti
716 2851 917 2936 Syracusani,
930 2850 996 2935 (hic
1008 2851 1095 2915 enim
1110 2866 1142 2917 et

95 2933 249 3020 plerique
262 2938 383 3023 equites
406 2937 483 3022 ipsis
508 2935 673 3019 aderant3)
695 2957 767 3000 cum
790 2937 842 3001 his
864 2937 1011 3002 trecentis
1030 2957 1143 3002 manus

94 3034 288 3101 conserunt,
304 3045 422 3110 eosque
442 3023 476 3088 in
501 3022 607 3108 fugam
630 3033 769 3100 vertunt,
792 3035 824 3087 et
845 3021 1084 3108 impressionem
1107 3022 1143 3088 in

96 3105 260 3173 dextrum
274 3108 515 3174 Atheniensium
527 3130 628 3174 cornu
643 3107 771 3172 faciunt
818 3107 903 3173 Cum
918 3120 1026 3172 autem
1040 3107 1092 3170 isti
1108 3110 1143 3172 in

93 3193 202 3260 hostes
218 3195 373 3280 impetum
388 3194 543 3273 fecissent,
558 3207 592 3260 et
606 3194 710 3279 prime
726 3193 810 3258 illius
825 3215 926 3258 cornu
941 3191 1056 3258 cohors
1071 3215 1144 3276 per·

93 3280 217 3345 territa
242 3293 299 3346 eat.
344 3280 526 3348 Lamachus
548 3302 633 3360 vero,
651 3301 726 3345 cum
748 3282 805 3345 hoc
828 3278 1108 3356 animadvertisset,
1123 3302 1146 3348 a

93 3387 157 3431 suo
166 3367 302 3431 sinistro
313 3387 413 3432 cornu
425 3390 498 3433 cum
507 3389 571 3432 non
581 3365 689 3432 multis
700 3366 879 3455 sagittariis,
889 3365 1035 3430 assumtis
1047 3365 1143 3430 etiam

95 3453 249 3541 Argivis,
265 3453 306 3518 ed
320 3475 414 3538 opem
424 3458 487 3520 suis
497 3453 659 3519 ferendam
670 3453 819 3518 accurrit.
864 3451 1031 3517 Etlossam
1042 3472 1144 3538 quan·

93 3539 177 3606 dam
195 3553 423 3627 transgressus,
438 3553 556 3606 etcum
579 3541 688 3627 paucis
703 3560 767 3603 una
779 3538 983 3627 transgressis
1002 3537 1146 3604 desertus

94 3625 316 3703 occubuitet
328 3647 404 3692 cum
418 3649 457 3691 eo
471 3627 612 3716 quinque
629 3637 685 3692 aut
705 3647 772 3690 sex.
817 3625 891 3690 Hos
916 3637 1022 3690 autem
1048 3624 1146 3709 Syra-

94 3714 232 3790 cusani,
247 3714 391 3778 maxima
403 3714 563 3779 celeritate
576 3711 739 3778 confestim
751 3724 904 3796 arreptos,
916 3709 1148 3777 transfluvium

94 3811 179 3865 aute
193 3801 389 3883 reliquarum
402 3801 559 3886 copiarum
572 3801 735 3866 aduentam
748 3799 782 3862 in
797 3797 916 3862 locum‘
926 3809 1030 3863 tutum
1046 3809 1150 3862 uana·

93 3897 298 3973 portarunt:
321 3885 386 3963 sed,
402 3908 476 3954 cum
492 3886 560 3971 jsm
581 3897 614 3950 et
635 3885 775 3971 reliquus
789 3883 1033 3950 Atheniensium
1055 3903 1148 3948 erer-

93 3977 188 4042 citus
200 3967 357 4039 adversus
371 3973 455 4061 ipsos
469 3971 600 4051 veniret,
612 3972 768 4038 abierunt
1045 4026 1047 4034 ,
1134 3984 1138 3993 ·

148 4069 236 4127 102.
256 4057 385 4127 Interea
395 4081 470 4126 vero
482 4060 526 4124 illi
541 4057 582 4124 de
592 4057 808 4146 Syracusanis,
819 4056 973 4144 quiinitio
984 4053 1025 4118 ad
1036 4051 1149 4118 urbem

92 4145 207 4214 confu
253 4163 335 4228 rant,
348 4169 421 4214 cum
434 4147 506 4213 haec
520 4146 589 4212 fieri
603 4146 757 4220 riderent,
768 4154 800 4208 et
813 4142 885 4228 ipsi,
901 4140 1010 4206 sumtis
1024 4138 1147 4216 animis,

94 4238 141 4300 ab
159 4167 252 4302 urbi
272 4257 381 4302 rursus
402 4235 499 4302 aciem
523 4233 671 4300 adversus
686 4229 893 4298 Athenienses
906 4226 970 4294 sibi
985 4226 1150 4313 oppositus
