2994 4788
363 301 429 360 250
732 286 1037 360 THUCYDIDIS

256 487 340 614 dit
359 459 1398 636 ttmttltth't‘tl,ttt‘ttt‘lh‘lttithtthtt

133 629 140 640 ’
245 617 342 744 θ’,ᾞ
360 636 559 702 Thessaliam
576 657 692 711 versus,
708 647 755 700 est
769 635 876 699 situm.

255 697 333 796 adul.
402 732 455 794 79.
480 723 556 787 Hoc
577 723 675 809 igitur
696 721 793 786 modo
817 720 967 787 Braaidas
987 719 1186 786 Thessaliam
1208 743 1304 786 cursu
1318 723 1395 788 cele·

260 811 328 862 u·⁰·
357 811 434 874 riter
459 810 613 886 transivit,
639 819 808 894 antequam
834 807 917 872 ullus
938 807 980 871 ad
1005 806 1243 891 impediendum
1269 821 1394 893 paratus

256 877 326 991 Q·
356 908 444 961 esset
467 909 500 960 et
513 897 552 960 ad
566 895 761 970 Perdiccam,
772 907 803 959 et
814 895 846 958 in
859 915 971 981 agrum
988 892 1231 958 Chalcidensem
1245 895 1393 978 pervenit.

358 983 442 1048 Nam
457 983 513 1068 qui
530 983 563 1047 in
580 981 721 1046 Thracia
740 983 781 1044 ab
798 979 1045 1045 Atheniensibus
1064 978 1255 1058 defecerant,
1271 993 1304 1046 et
1320 981 1393 1046 Per-

355 1068 472 1145 diccas,
488 1068 639 1154 quoniam
657 1089 705 1132 res
721 1066 963 1132 Atheniensium
978 1067 1126 1130 secundae
1140 1078 1242 1145 erant,
1258 1067 1319 1132 sibi
1332 1089 1392 1132 me·

355 1166 488 1232 tuentes,
504 1156 679 1220 exercitum
699 1175 740 1217 ex
764 1153 986 1237 Peloponneso
1005 1153 1192 1217 eduxerant.
1238 1152 1283 1218 Et
1299 1153 1392 1218 Chal·

354 1241 497 1307 cidenses
511 1243 638 1327 quidem
653 1241 892 1322 Peloponnesios
911 1241 956 1302 cd
975 1261 1060 1322 open
1080 1240 1315 1323 sidifrrrendarn
1328 1263 1392 1306 eoo·

354 1337 510 1404 comant,
523 1325 609 1412 quod
619 1325 825 1390 Athenienses
840 1325 979 1409 primum
995 1338 1108 1390 contra
1117 1347 1150 1390 se
1164 1337 1317 1390 venturos
1330 1350 1390 1392 sus-

354 1415 545 1498 picarentur.
592 1411 695 1477 Simul
716 1424 822 1475 autem
846 1422 878 1475 et
900 1411 1045 1476 finitimae
1071 1411 1211 1496 ipsorum
1237 1413 1389 1491 civitates,

353 1521 427 1586 quae
441 1519 506 1562 non
522 1496 712 1574 defecerant,
729 1497 930 1563 Athenienses
948 1499 1093 1563 adversm
1107 1501 1190 1581 ipsos
1211 1495 1296 1562 clam
1318 1521 1390 1564 con·

352 1586 500 1650 citabant
548 1583 716 1648 Perdiccas
732 1605 807 1648 vero
817 1585 923 1666 copias
936 1607 975 1648 rr
982 1586 1191 1666 Peloponneso
1203 1597 1388 1663 evocaverat

352 1661 417 1735 hon
440 1669 527 1757 quod
548 1683 655 1755 aperte
677 1671 905 1734 Atheniensium
928 1669 1028 1733 hostis
1052 1681 1148 1734 esset:
1173 1689 1283 1735 verum
1307 1672 1388 1758 quod

352 1771 384 1822 et
396 1758 463 1841 ipse
474 1756 621 1842 pristinas
631 1777 703 1821 cum
713 1755 962 1821 Atheniensibus
970 1755 1143 1821 discordias
1154 1755 1372 1823 reformidaret
1379 1783 1388 1838 ς

350 1844 513 1929 precipue
534 1863 619 1919 vero,
636 1841 723 1928 quod
742 1842 947 1907 Arrhiboeum
972 1841 1202 1929 Lyncestarum
1223 1841 1387 1931 Regomin

353 1952 441 1994 suam
457 1941 643 2016 potestatem
661 1929 803 2016 redigere
825 1941 964 2014 cuperet.
1012 1931 1155 1994 Praesens
1168 1941 1276 1992 autem
1293 1929 1388 1995 Lsoe·

351 2015 582 2080 daemoniorum
606 2013 768 2080 calamitas
791 2015 867 2098 ipsis
889 2029 1072 2100 opportune
1090 2014 1205 2080 cecidit
1229 2014 1272 2080 ad
1299 2037 1387 2081 exer·

351 2101 450 2167 citum
465 2123 506 2166 ex
523 2101 744 2186 Peloponneso
758 2099 880 2166 facilius
896 2101 1106 2167 educendum.

395 2199 447 2256 80.
471 2187 571 2264 Quod
585 2187 670 2250 enim
690 2187 898 2252 Athenienses
912 2209 986 2252 cum
1008 2201 1133 2252 caeterae
1157 2186 1385 2272 Peloponneso,

349 2286 418 2338 tum
428 2295 502 2338 vero
513 2273 712 2357 potissimum
722 2273 861 2359 ipsorum
874 2275 1173 2338 Locedoernonionun
1185 2295 1265 2360 agro
1274 2297 1387 2358 semper

349 2360 561 2439 imminerent,
580 2360 807 2423 Lacedaemonii
819 2360 989 2444 sperabant
1010 2359 1086 2436 fore,
1103 2373 1138 2425 ut
1160 2361 1323 2445 praecipue
1335 2363 1386 2425 hoc

346 2449 433 2510 modo
448 2446 532 2532 ipsos
547 2469 567 2509 a
582 2467 638 2510 sun
659 2448 784 2531 regione
804 2448 984 2531 iry‘esranda
1004 2459 1192 2527 averterent,
1208 2446 1235 2510 si
1250 2447 1385 2512 vicissim

345 2531 538 2609 infestarent,
562 2532 661 2618 copiis
688 2533 726 2595 ad
752 2534 893 2617 ipsorum
919 2531 1020 2597 socios
1048 2533 1158 2598 missis.
1205 2532 1384 2599 Praesertim

344 2641 410 2683 cans
424 2623 590 2684 Perdiccas
607 2629 638 2683 rt
661 2619 873 2684 Chalcidenses
886 2619 991 2704 parati
1014 2632 1116 2684 essent
1137 2617 1179 2683 sd
1200 2620 1282 2683 hane
1302 2641 1384 2684 ecer-

344 2707 436 2768 citam
458 2705 616 2777 alendum,
632 2704 779 2790 ipsosque
793 2705 1043 2770 Lacedaemonios
1061 2704 1102 2770 ad
1123 2703 1334 2771 defectionem
1348 2705 1385 2770 ad

345 2789 581 2854 Atheniensibus
598 2788 775 2855 faciendam
797 2803 1002 2856 accerserent.
1049 2791 1151 2857 Simul
1175 2791 1271 2856 etiam
1287 2793 1384 2856 Lace·

344 2877 490 2940 daeinonii
508 2897 649 2960 magnoin
673 2874 832 2941 Helotum
847 2889 981 2960 portem,
996 2899 1055 2962 per
1076 2878 1249 2963 speciosam
1272 2881 1385 2942 emilii

344 2962 485 3026 mittendi
504 2983 630 3026 causam
654 2985 692 3026 ee
711 2985 789 3048 agro
806 2963 960 3028 laconico
983 2963 1127 3028 emittere
1149 2964 1331 3049 cupiebant,
1346 2985 1384 3028 ne

343 3061 476 3133 propter
499 3061 688 3134 presentem
709 3069 815 3114 rerum
838 3057 967 3130 statu'm,
985 3049 1065 3136 Pylo
1088 3051 1128 3113 ab
1149 3051 1384 3116 Atheniensibus

342 3134 740 3308 ‘’tftt‘tthl‘iti
754 3134 1384 3307 ,ttlltttttftththttitt

341 3307 507 3386 midantes,
524 3313 662 3393 (semper
681 3309 766 3371 enim
789 3308 876 3392 apud
899 3307 1160 3372 Lacedaemonios
1177 3308 1281 3374 mults
1293 3321 1383 3374 eraut

340 3393 496 3474 instituta,
513 3408 549 3460 ut
562 3395 622 3460 sibi
644 3393 686 3458 ab
711 3393 866 3459 Helotum
890 3393 1011 3460 insidiis
1033 3396 1194 3476 caverent)
1209 3395 1287 3478 ipsis
1303 3417 1382 3482 pra·

340 3494 502 3565 ceperunt,
518 3493 563 3557 ut,
580 3493 738 3568 quotquot
752 3501 792 3544 ex
808 3480 883 3565 ipsis
905 3503 939 3545 se
959 3479 1127 3545 fortissime
1149 3493 1263 3546 contra
1279 3482 1382 3547 hostes

541 3587 704 3632 ersuasum
728 3565 892 3644 haberent,
907 3567 930 3631 ii
953 3579 1200 3644 secernerentur,
1217 3569 1307 3654 quod
1330 3591 1382 3634 eos

338 3587 497 3716 liligllhlhe
513 3589 638 3717 donare
666 3653 866 3730 statuissent3
890 3655 946 3718 hoc
970 3655 1059 3718 modo
1082 3665 1221 3718 mentem
1252 3653 1379 3719 illorum

337 3736 549 3822 explorantes,
564 3750 596 3802 et
610 3737 836 3840 existimantes·
850 3755 947 3824 prout
967 3740 1183 3826 unusquisque
1205 3739 1330 3825 primus
1349 3763 1381 3805 se
1480 3801 1481 3806 ,

337 3821 481 3887 libertate
495 3823 628 3910 dignum
644 3847 710 3889 esse
731 3837 910 3902 consuisset,
927 3827 971 3889 sic
993 3827 1087 3890 etiam
1102 3823 1162 3891 hos
1178 3826 1264 3910 ipsos
1324 3827 1379 3891 tis·
1480 3901 1481 3906 η

336 3909 463 3988 simum,
478 3910 1220 3996 praesnimielatione‚impetuminsefaeturos
1267 3849 1379 3990 &are
1479 3915 1481 3950 ³

335 4018 409 4061 oum
425 3996 465 4060 ad
481 3997 548 4060 duo
562 3996 662 4060 millia
676 3999 866 4081 delegissent,
883 4007 913 4062 et
931 3999 1049 4062 certeris
1066 3997 1230 4064 Helotr'dus
1244 4013 1377 4084 antepo-

336 4085 479 4160 adissent,
491 4082 525 4146 hi
537 4082 666 4169 quidem
676 4082 796 4164 templa
806 4084 950 4148 coronati
964 4083 1221 4160 circumiverunt,
1232 4098 1268 4150 ut
1280 4083 1376 4149 liber·
1478 4097 1480 4174 j

335 4180 400 4232 tate
414 4169 532 4233 donati.
579 4167 630 4233 llli
646 4189 722 4232 vcro
743 4189 807 4232 non
831 4169 932 4234 multo
956 4181 1035 4253 post,
1051 4170 1138 4256 ipsos
1151 4193 1192 4234 ex
1207 4170 1374 4236 hominum
1478 4177 1480 4210 ²

336 4268 505 4337 conspectu
527 4254 734 4332 sustulerunt,
756 4253 892 4319 necdum
916 4258 1080 4342 quisquam
1107 4257 1205 4336 novit,
1232 4277 1372 4344 quonam
