3004 4768
380 319 444 377 aas
747 303 1055 377 rnucrurms
1151 287 1156 294 '

284 497 347 549 herl.
379 477 433 546 hic
447 479 575 568 quidem
587 475 709 542 Lesbiis
720 498 852 563 operam
867 477 975 545 dabat.
1002 475 1077 544 Chii
1093 480 1232 550 etiamet
1244 479 1424 568 Erythraei,

273 562 358 626 Perap.
378 589 452 632 cum
467 580 500 632 et
521 566 579 652 ipsi
603 564 642 630 ad
663 562 871 628 deiectionem
898 564 1075 630 faciendam
1099 578 1202 630 essent
1225 570 1342 653 parati,
1359 593 1425 636 non

262 629 364 754 ὅῗὶὲζ·
378 654 420 718 ad
447 652 542 740 Agin,
569 651 625 717 sed
649 649 691 715 ud
713 651 815 736 ipsam
842 648 1161 716 Lacedaemoniorum
1187 652 1367 736 civitatem,
1390 679 1424 722 ae

273 757 350 806 snt.
378 749 613 806 converterunt.
648 735 751 800 ‘Cum
774 735 850 821 ipsis
869 737 963 802 etiam
985 737 1060 801 illuc
1082 737 1140 803 ivit
1162 737 1299 826 legatus,
1316 745 1425 808 missar

277 821 308 870 'J-
320 824 350 870 ⁰·
377 846 397 888 a
411 823 636 910 Tissapherne,
652 823 707 909 qui
721 822 807 910 regis
822 821 927 898 Darii,
944 822 1131 887 Artaxerxis
1131 825 1216 905 flii,
1257 838 1360 890 raetor
1374 829 1423 892 iu·

277 887 347 998 {ff
376 907 498 976 ferioris
510 909 687 995 provinciae
702 921 779 972 erat.
826 907 909 972 Nam
925 920 957 974 et
971 907 1004 972 T
1005 907 1201 993 iasaphernes
1246 911 1424 996 elopoone-

281 1015 341 1063 ron
376 995 438 1060 sios
452 996 615 1074 incitabat,
631 1005 663 1059 et
688 993 907 1080 pollicebatur,
924 1015 958 1058 se
979 994 1171 1078 stipendium
1192 999 1421 1080 praebiturum.

261 1077 357 1128 '¹¹²³‘
377 1081 491 1168 Nuper
512 1082 598 1146 enim
614 1104 635 1147 a
652 1101 727 1168 rege
748 1081 792 1144 im
816 1092 973 1144 enaverat
995 1079 1116 1144 tributa
1138 1103 1204 1144 suae
1225 1085 1419 1166 provincie,

261 1151 359 1274 ὦ
374 1189 448 1256 quae
462 1171 535 1254 regi
543 1167 707 1244 debuerat,
718 1188 761 1253 qu
818 1187 865 1245 ea,
882 1176 1014 1252 propter
1027 1166 1248 1248 Athenienses,
1259 1191 1281 1232 a
1293 1169 1420 1236 Graecu

372 1254 555 1318 civitatibus
576 1253 704 1342 exigere
727 1274 790 1317 non
813 1252 975 1337 potuisset.
1020 1250 1234 1318 Exiatiurahat
1257 1255 1371 1340 igitur,
1387 1279 1419 1322 ae

370 1337 494 1404 facilius
519 1342 554 1404 iu
577 1350 735 1423 posterum
763 1337 883 1403 tributa
913 1351 1126 1424 recepturum,
1153 1340 1178 1402 si
1205 1339 1419 1408 Atheniense

325 1485 334 1510 ,
370 1425 449 1490 bello
470 1437 631 1501 vexasset3
654 1421 748 1488 simul
770 1425 866 1490 etiam
889 1447 922 1488 se
940 1423 1258 1489 lacedemoniorum
1283 1428 1417 1493 maea-

367 1523 434 1576 tem
461 1511 529 1600 regi
556 1511 812 1587 conciliaturum,
838 1523 870 1575 et
896 1514 1071 1596 Amorgeu,
1100 1509 1283 1576 Pissuthuae
1313 1513 1416 1580 filium

368 1595 515 1672 nothum,
540 1597 595 1683 qui
623 1595 831 1661 deiectionem
862 1617 883 1658 a
908 1617 980 1682 rege
1008 1595 1093 1660 cirea
1122 1594 1252 1660 Cariam
1282 1596 1414 1678 fecerat,

367 1682 638 1770 quemadmodum
660 1679 725 1766 ipsi
745 1703 802 1748 rex
822 1681 1042 1766 imperaverat,
1058 1692 1114 1746 aut
1129 1680 1234 1746 virum
1251 1684 1415 1752 adductu-

367 1791 450 1846 rum,
463 1782 519 1835 aut
532 1767 783 1834 interfecturum.
829 1767 903 1832 Chii
920 1767 1019 1854 igitur
1032 1779 1064 1831 et
1076 1765 1310 1853 Tissaphernes
1326 1792 1415 1838 com·

367 1855 456 1920 muni
472 1854 533 1920 hac
547 1855 581 1919 in
596 1877 631 1920 na
645 1854 778 1919 consilio
792 1855 938 1938 agebant.

274 1965 335 2016 aar,
411 1950 443 2006 6.
468 1940 536 2007 Sub
551 1940 635 2006 idern
651 1951 758 2005 autem
776 1952 839 2005 tem
865 1961 901 2004 us
918 1939 1093 2027 Calligetus
1106 1939 1320 2025 Laophontis,
1337 1943 1414 2010 Me-

259 2033 344 2144 reolp.
367 2028 519 2116 parensis,
534 2039 565 2092 et
583 2026 783 2114 Timagoras,
800 1961 1020 2129 Atllenagorae
1031 2027 1134 2110 filisu,
1149 2026 1339 2112 Cyzicenus,
1355 2054 1415 2096 sua

363 2111 1247 2283 sustentantibus.suthtune
1262 2114 1413 2267 Am

260 2289 292 2336 U·
308 2290 335 2337 (ὲ
363 2283 443 2350 bauo
458 2286 555 2365 missi,
572 2298 606 2349 ut
627 2307 723 2354 nares
739 2285 772 2350 in
791 2283 1035 2369 Hellespontum
1059 2297 1318 2367 transportarent
1325 2311 1335 2363 ς
1358 2305 1413 2354 ut·

262 2355 333 2468 {22¹¹
363 2393 425 2458 que
446 2371 514 2457 ipse
536 2393 671 2460 quoque,
688 2371 721 2445 ei,
736 2382 852 2457 posset,
868 2373 972 2435 eadem
994 2371 1183 2454 impetraret,
1199 2392 1274 2457 quae
1299 2375 1413 2440 Tissa-

318 2451 327 2467 '
361 2455 498 2542 phernes
520 2458 743 2535 contendebat,
759 2469 791 2521 et
804 2457 944 2521 civitates
959 2457 991 2520 in
1012 2477 1071 2520 sua
1087 2455 1253 2541 provincia
1267 2458 1346 2524 sitae
1369 2462 1412 2526 ab

360 2543 609 2609 Atheniensibus
658 2565 693 2608 er
711 2542 920 2608 defectionem
943 2542 1096 2607 alienaret
1116 2555 1252 2628 propter
1273 2545 1410 2626 tributa,

359 2629 521 2718 operaque
543 2653 599 2696 suo
624 2567 941 2695 [lacedaemoniorum
963 2628 1144 2692 societatem
1168 2629 1237 2715 regi
1260 2630 1411 2699 celeriter

359 2717 554 2782 conciliaret.
600 2715 683 2781 Cum
706 2730 811 2780 autem
833 2714 959 2801 utrique
980 2714 1147 2799 separatim
1172 2714 1243 2780 haee
1258 2733 1407 2802 agerent,

358 2801 413 2887 qui
428 2825 448 2866 a
466 2801 683 2879 Pharnabazo,
699 2816 730 2867 et
766 2801 798 2866 ui
821 2823 841 2865 a
856 2799 1069 2885 Tissapherne
1089 2799 1176 2865 missi
1198 2799 1341 2882 litarent,
1355 2807 1408 2870 iu·

357 2909 435 2973 gens
450 2889 643 2954 concertatio
657 2889 741 2952 inter
786 2887 1016 2952 acedoemonios
1032 2885 1169 2952 exstitit:
1194 2887 1244 2950 his
1258 2889 1407 2974 quidem,

358 2975 449 3039 utin
472 2975 594 3039 lonium
619 2988 651 3039 et
675 2973 808 3051 Chium3
832 2971 892 3036 illis
919 2994 1005 3052 vero,
1029 2985 1064 3037 ut
1088 2971 1120 3035 in
1147 2971 1405 3059 Hellespontum

356 3058 463 3126 classis
477 3075 509 3126 rt
524 3061 678 3126 exercitus
698 3061 787 3146 priua
801 3059 989 3135 mitteretur,
1047 3058 1196 3122 rsuadere
1210 3061 1405 3130 nitentibus.

356 3144 592 3214 Lacedaemonii
617 3159 724 3212 tamen
750 3145 906 3211 Chiorum
931 3157 964 3210 et
1022 3142 1211 3227 issaphernis
1237 3150 1405 3231 postulat.

356 3233 458 3299 multo
478 3232 640 3298 lubentius
662 3232 867 3297 admiserunt.
911 3233 995 3296 Nam
1015 3243 1047 3295 et
1062 3229 1243 3295 Alcibiades
1265 3255 1326 3300 eoa
1348 3237 1404 3302 ad.

349 3319 492 3406 juvabat,
508 3320 561 3408 qui
579 3319 696 3395 Endio,
713 3329 785 3383 tunc
801 3318 921 3404 Ephori
943 3317 1162 3404 magistratum
1177 3321 1319 3404 gerenti,
1335 3336 1406 3388 erar

354 3408 529 3472 arctissimo
544 3405 707 3490 hospitalis
722 3404 871 3469 amicitiae
886 3402 1012 3468 vinculo
1024 3405 1166 3488 junctus,
1183 3425 1258 3489 quae
1273 3429 1296 3470 a
1311 3421 1404 3494 patre

354 3507 516 3578 creperet:
541 3491 626 3557 unde
647 3505 777 3578 propter
793 3490 976 3575 hospitium,
993 3490 1120 3553 illorirm
1135 3489 1259 3554 familia
1279 3513 1402 3560 nomeu

352 3579 447 3644 etiam
464 3579 660 3644 Laconicum
680 3576 828 3643 obtinuit.
855 3575 997 3677 'Eudios
1017 3576 1102 3640 enirn
1117 3575 1297 3676 Alcibiadis
1308 3581 1402 3661 filius

351 3660 1400 3834 htlllhh,intituli..hit..l¹¹l¹t¹lf‚1.ltl.l‚¹?.

350 3847 382 3901 et
395 3859 491 3901 naves
505 3850 553 3901 tot
567 3837 643 3918 ipsis
658 3850 770 3914 essent,
784 3849 862 3922 quot
876 3832 1034 3914 dicebant,
1044 3846 1077 3899 et
1091 3855 1131 3898 an
1143 3845 1280 3900 caeteras
1296 3837 1399 3904 facul·

350 3935 430 3988 tates
456 3923 531 3987 urhe
557 3924 678 3986 illorum
704 3921 842 4000 haberet,
858 3942 936 4006 quas
961 3919 1046 3985 fama
1070 3933 1137 3986 erat
1161 3941 1233 3984 eam
1261 3920 1397 3990 habere.

349 4009 433 4074 Cum
457 4024 564 4074 autem
577 4008 633 4072 ille
647 4008 722 4094 ipsis
741 4007 956 4084 renuntiasset,
973 4006 1043 4071 haec
1064 4027 1138 4070 vera
1151 4027 1230 4084 esse,
1247 4030 1324 4094 quae
1339 4033 1399 4077 au·

379 4185 391 4214 ⁸
408 4183 447 4230 lta
457 4183 611 4244 distinmnt
621 4183 769 4243 interpreter.
793 4183 821 4231 ln
831 4181 980 4230 Editr'orrtiar
989 4182 1087 4242 quidem
1098 4180 1248 4241 Stephani&
1258 4183 1330 4230 nulla
1340 4191 1397 4243 pest

346 4243 500 4308 had-lpas·
509 4248 607 4308 ponitur
621 4247 782 4295 distinctionis
798 4254 866 4308 uota,
876 4261 961 4296 varum
979 4247 1097 4308 potiorem
1108 4244 1179 4294 cort
1191 4244 1273 4294 MSS·
1285 4251 1397 4296 maut-

348 4317 422 4357 utem
435 4311 531 4372 sequuti
542 4323 638 4359 numus.
668 4311 758 4360 liunt.
