2964 4786
352 308 416 376 898
707 305 1010 376 THUCYDIDIS

257 493 319 542 seru
350 480 435 546 muri
452 479 586 546 Boream
602 500 710 546 sersus
723 480 894 566 spectantis
908 479 1124 554 exstruebant:
1140 476 1195 544 aiii
1207 499 1295 556 sero,
1307 477 1388 564 iapi-

248 555 334 670 ῨἪ
351 566 407 632 dec
417 581 449 632 et
473 567 480 580 '
527 568 810 652 acomportabnnt,
824 578 858 632 et
871 567 904 631 in
920 569 1001 645 ioco,
1013 567 1068 654 qui
1079 565 1233 652 Trogiius
1243 579 1388 645 vocatur,

238 635 337 748 dim,
350 673 473 740 temper
506 653 911 756 eponehaut3quaparte3a
1016 650 1388 754 opopturoqucsdaitq

246 747 325 862 Ἠ
349 760 528 818 rummare,
539 759 622 804 murs
633 673 1164 823 wihmuorpuseffhiemma
1196 739 1389 825 Syracusani

251 879 274 926 ν

273 891 314 926 m
349 847 437 908 vero,
452 826 649 912 potissimum
666 823 887 892 Hermocratis
909 823 999 926 ducis
1019 846 1123 900 suasu,
1140 845 1213 888 cum
1236 823 1388 924 omnibus

257 911 321 1024 κ’
348 914 447 980 totius
461 912 572 998 populi
592 911 711 978 viribus
725 931 798 976 cum
814 911 1060 978 Atheniensibus
1074 931 1229 996 pugnare,
1244 909 1385 996 beihque

347 997 507 1065 fortunam
522 997 693 1084 periclitari
707 996 842 1082 amplius
851 997 1019 1062 nolebant:
1043 997 1099 1062 sed
1113 997 1213 1062 risum
1224 1007 1275 1060 est
1288 999 1388 1062 setina

346 1107 415 1150 esse
433 1106 561 1150 murum
583 1083 774 1162 substruere,
791 1105 855 1170 qus
868 1096 960 1170 parte
973 1082 1019 1148 ilii
1033 1105 1125 1148 suum
1139 1094 1231 1148 erant
1245 1081 1387 1162 ducturi,

346 1185 389 1250 et,
405 1173 431 1236 si
445 1173 557 1236 houton
571 1172 821 1245 antevertissent,
836 1180 929 1255 atque
948 1191 1033 1235 surra
1055 1189 1170 1234 samson
1192 1179 1267 1234 aare
1288 1171 1388 1252 rpsius

345 1261 508 1324 adventum
518 1257 761 1332 aestuemus,
775 1257 874 1338 r'psum
887 1278 909 1320 a
923 1278 955 1322 se
964 1253 1136 1320 disclusum
1146 1255 1197 1335 iri,
1205 1255 1386 1338 mahat.

347 1343 452 1410 Simul
481 1343 588 1420 etiarn,
614 1341 642 1406 si
668 1343 799 1418 interes,
823 1343 894 1406 dura
917 1363 993 1425 opus
1008 1342 1157 1426 scicerent
1170 1341 1384 1420 Athenienses,

346 1442 460 1496 contre
480 1428 648 1507 venissent,
664 1449 697 1494 se
711 1427 861 1493 adversus
883 1430 974 1511 ipsos,
989 1440 1112 1512 partem
1135 1427 1294 1494 exercitus
1309 1427 1387 1492 mis·

346 1537 448 1592 suros,
471 1526 503 1580 et
524 1513 630 1579 aditus
652 1526 776 1579 mature
797 1525 1088 1597 praeoccupaturos,
1104 1512 1253 1598 vallisque
1276 1515 1386 1580 muni·

345 1613 445 1666 turos.
490 1600 589 1678 Quod
604 1602 631 1666 si
644 1598 751 1666 hostes
771 1621 843 1665 suas
864 1621 974 1664 omnes
995 1601 1104 1684 copias
1126 1611 1239 1664 contra
1252 1621 1288 1664 se
1306 1621 1385 1664 oon-

345 1689 521 1764 rertissent,
542 1688 599 1752 hoc
617 1688 705 1752 modo
720 1685 878 1770 putabant
899 1685 970 1750 iilos
984 1707 1064 1770 opus
1078 1685 1181 1752 facere
1194 1699 1385 1752 cessaturos.

345 1771 477 1858 Egressi
502 1773 610 1858 igitur,
633 1793 762 1838 murum
787 1770 946 1836 aedificare
970 1793 1020 1836 coe
1043 1785 1146 1849 erunt,
1162 1791 1271 1872 quem,
1287 1773 1384 1838 initio

343 1858 385 1924 ab
401 1859 480 1926 urbe
493 1881 552 1926 sua
564 1858 658 1936 facto,
675 1857 734 1924 sub
753 1857 874 1924 embitu
898 1858 981 1922 muri
1003 1793 1044 1924 ah
1059 1856 1309 1923 Atheniensibus
1322 1880 1384 1924 ex·

343 1950 466 2024 structi,
481 1959 693 2010 transversum
716 1944 887 2020 duxerunt,
902 1943 1017 2008 excisis
1031 1943 1108 2010 oleis
1123 1943 1201 2024 feni,
1214 1958 1245 2008 et
1267 1943 1384 2032 ligneis

343 2032 485 2099 turribus
500 2035 534 2096 in
548 2032 717 2096 coercetis
762 2029 1003 2094 Atheniensium
1019 2029 1103 2094 enim
1119 2029 1226 2096 classis
1240 2028 1275 2094 in
1291 2052 1383 2119 mag·

342 2137 420 2182 num
436 2129 566 2203 portum
580 2139 621 2182 ex
636 2115 768 2201 Thapso
782 2116 993 2182 circumvecta
1014 2114 1157 2181 nondum
1172 2133 1380 2199 pervenerat:

343 2202 397 2268 sed
411 2203 600 2290 Syracusani
613 2202 707 2266 meris
718 2202 890 2286 imperium
906 2204 940 2266 in
953 2204 1028 2268 Iocis
1041 2202 1113 2266 urbi
1122 2223 1184 2267 suae
1194 2204 1307 2268 vicinis
1321 2203 1382 2268 ad·

343 2286 408 2354 huc
429 2289 627 2354 obtinebant.
672 2286 882 2354 Athenienses
899 2309 975 2354 vero
990 2309 1039 2354 res
1052 2287 1241 2354 necessarias
1265 2289 1383 2355 itinere

344 2375 484 2440 terrestri
500 2395 542 2440 ex
554 2373 687 2460 Thapso
701 2377 735 2438 r'n
749 2384 923 2440 marasim
937 2373 1119 2440 afferebant.
1478 2371 1480 2444 ἶ

388 2470 460 2528 100.
484 2459 569 2526 Cum
583 2473 689 2526 autem
706 2461 729 2526 S
768 2460 912 2526 acusanis
927 2459 1044 2526 vallum
1059 2461 1205 2547 murique
1216 2460 1383 2528 substruo-

342 2548 388 2612 tic
402 2549 477 2614 satis
491 2547 584 2612 firma
603 2567 670 2612 esse
684 2548 713 2612 vi
738 2559 878 2624 crentur,
893 2568 952 2612 nec
968 2545 1178 2612 Athenienses
1192 2545 1232 2612 ad
1247 2567 1304 2613 eos
1319 2549 1383 2614 irn-

341 2633 515 2718 pediendos
530 2634 699 2714 venissent,
713 2632 817 2712 veriti,
834 2653 874 2698 ne
888 2633 1075 2718 Syracusani
1088 2656 1122 2700 se
1135 2630 1282 2698 bifariam
1296 2634 1383 2699 divi·
1476 2673 1477 2676 =

342 2741 394 2784 sos
416 2719 538 2786 facilius
560 2731 793 2807 oppugnarent,
813 2717 907 2784 simul
928 2721 1024 2784 etiam
1046 2741 1136 2784 suam
1157 2719 1383 2786 circumvalla·
1475 2721 1476 2748 ³

341 2805 462 2870 tionem
477 2817 704 2890 properantes:
730 2805 918 2893 Syracusani
940 2803 1082 2892 quidem,
1102 2826 1167 2870 uns
1187 2803 1324 2874 cohorte
1337 2808 1380 2874 sd
1474 2843 1475 2850 κ

340 2894 391 2991 sui
403 2891 532 2956 oedificii
551 2891 728 2957 custodiam
750 2891 870 2968 relicta,
885 2891 920 2954 in
936 2891 1047 2958 urbem
1062 2891 1235 2958 redierunt.
1275 2894 1381 2959 Athe-

339 2999 465 3130 2525:
485 2999 562 3130 ht?
580 2975 1197 3150 ttffltz'trtthittzihhdit
1206 3000 1380 3132 trith
1471 3045 1472 3076 ³

339 3163 423 3216 runt.
501 3165 606 3215 tcum
630 3153 848 3214 observassent
866 3151 1091 3237 Syracusanos,
1107 3149 1224 3235 partim
1246 3152 1379 3237 quidem
1470 3229 1471 3234 γ

338 3236 518 3302 meridianis
532 3235 620 3302 boris
639 3235 723 3300 intra
746 3235 881 3301 tentoria
895 3257 928 3302 se
941 3236 1150 3314 continentes,
1209 3237 1286 3302 rtim
1303 3261 1378 3304 sero

337 3323 432 3388 etiam
447 3324 480 3388 in
496 3323 608 3389 urbem
623 3343 776 3398 reversos,
797 3336 829 3386 et
854 3321 935 3398 ilios,
957 3321 1013 3407 qui
1035 3321 1120 3387 intra
1133 3258 1254 3386 vaiium
1277 3339 1377 3400 crant,
1468 3317 1470 3356 ¹

336 3429 359 3472 n
401 3410 533 3495 ligente'r
549 3411 584 3474 id
597 3407 816 3482 custodientes,
828 3419 985 3474 trecentos
995 3429 1035 3474 ex
1049 3408 1114 3474 suis
1123 3407 1241 3484 electos
1252 3424 1287 3475 et
1298 3433 1377 3476 non-

336 3515 381 3558 nu
395 3494 442 3558 los
456 3517 497 3560 ex
511 3495 572 3559 levi
593 3509 756 3560 armatura
776 3493 913 3558 deiectos
929 3507 962 3560 et
975 3508 1113 3561 armatos
1134 3497 1376 3580 praemiserunt,

336 3581 451 3665 quibus
475 3582 681 3667 imperarunt,
699 3593 734 3646 ut
748 3582 788 3646 od
810 3581 983 3665 subjectam
1006 3582 1135 3646 hostium
1162 3583 1376 3648 munitionem

335 3686 429 3732 cursu
442 3680 571 3752 reponte
585 3681 759 3732 currerent.
799 3666 953 3753 Reliquus
964 3687 1039 3732 vero
1053 3666 1213 3732 exercitus
1227 3667 1375 3734 bifariam

335 3755 519 3828 estdioisur,
534 3753 655 3838 ejusque
669 3775 734 3819 una
748 3753 876 3841 quidem
898 3775 974 3838 pars
997 3774 1071 3818 cum
1097 3753 1202 3819 altero
1227 3753 1312 3822 duce
1333 3755 1376 3821 ad

335 3836 446 3902 urbem
461 3839 636 3917 contendit,
652 3840 677 3904 si
685 3841 779 3924 sorte
791 3841 979 3926 Syracusani
1000 3852 1112 3904 contra
1131 3843 1216 3924 r'psm
1230 3844 1278 3906 ad
1289 3863 1377 3926 open

332 3942 396 3990 stra
423 3927 588 3990 munitioni
607 3927 777 4010 ferendam
800 3937 1020 4002 accurrerent;
1053 3923 1153 3991 altera
1182 3949 1273 4006 vero,
1299 3949 1375 3993 cunr

332 4009 857 4076 alteroducecontenditadvallum
869 4012 1167 4097 portuiaevicinum.
1204 4012 1254 4077 Hi
1266 4027 1376 4080 autern

332 4097 467 4162 trecenti
478 4096 596 4162 salium
611 4099 748 4186 aggressi
759 4099 899 4183 capiunt,
915 4112 948 4164 et
961 4099 1120 4176 custodes,
1131 4119 1173 4164 eo
1187 4098 1327 4180 deserto,
1341 4101 1376 4164 in

332 4183 521 4247 exteriorem
536 4184 621 4247 urbis
639 4184 862 4265 munitionem,
877 4207 950 4270 quae
964 4197 1033 4249 erat
1046 4185 1080 4248 in
1095 4183 1277 4262 Temenite,
1293 4208 1375 4252 oon·

290 4333 294 4339 ,
333 4265 469 4350 fugiunt.
514 4267 622 4356 thui
638 4272 718 4353 ipsos
732 4271 1012 4356 persequebantur,
1028 4292 1180 4336 unacum
1204 4273 1282 4357 ipsis
1295 4275 1375 4337 r'llur

334 4349 531 4438 irruperunt;
556 4356 685 4442 jamque
711 4357 784 4422 illuc
807 4357 949 4444 ingressi,
971 4378 1030 4443 per
1045 4358 1110 4426 rim
1125 4379 1145 4426 a
1160 4357 1373 4450 Syracusanis
