3004 4768
408 247 656 368 maronia
679 301 769 368 mn
793 302 872 371 vn.
1100 315 1165 373 sss

128 467 235 534 animis
250 470 344 536 etiam
366 471 467 538 multo
486 473 589 560 magis
607 471 846 560 frangebantur,
862 495 958 561 quam
973 475 1075 562 quiin
1090 477 1163 564 ipso
1191 493 1253 554 nell.

127 555 239 634 proelio
252 559 463 624 verenhanmr.
509 559 694 635 Quinetiam
706 560 769 638 alii,
788 561 841 626 ubi
851 560 961 626 oculos
974 562 1007 625 in
1021 563 1160 650 aliquam
1184 555 1267 668 Puqa

125 652 243 720 partem
272 646 508 724 convertissent,
532 646 565 708 in
590 667 653 731 qua
674 646 805 728 ancipiti
821 646 930 712 Marte
951 663 1159 735 pugnaretur,
1175 635 1221 736 δῖ’·
1262 653 1270 668 “

124 727 266 811 (prepter
287 729 433 814 permixti
460 729 645 818 confusique
667 731 847 798 certaminis
872 735 1158 818 continuationem)
1184 700 1274 800 nalt

122 809 192 893 ipsis
207 814 303 879 etiam
317 816 515 902 corporibus,
532 828 631 901 prout
651 817 759 881 animo
778 829 872 883 erant
886 818 1000 898 affecti,
1016 841 1088 885 cum
1106 845 1158 886 ve·
1189 817 1219 865 ⁰·
1230 817 1259 864 ⁰·

122 893 257 964 hementi
272 913 359 967 metu
374 902 469 966 simul
483 914 644 982 nutantes,
659 903 694 966 in
714 903 856 968 maxima
879 903 976 968 animi
997 907 1158 974 anxietate
1186 884 1256 998 'gs'

120 985 333 1052 versabantur.
372 987 507 1073 Semper
522 988 606 1053 enim
622 1009 735 1074 parum
752 988 871 1066 aberat,
885 990 962 1075 quin
977 991 1157 1078 eraderent,
1238 980 1245 994 ’

119 1082 173 1133 ant
193 1072 342 1156 perirent.
388 1073 427 1144 In
454 1073 566 1140 eodem
596 1086 702 1139 autem
729 1073 972 1140 Atheniensium
1002 1079 1156 1159 exercitu,
1216 1125 1241 1162 „q

119 1157 268 1240 quamdiu
282 1161 378 1224 classe
393 1181 487 1246 aequo
503 1159 611 1225 Marte
624 1172 822 1246 pugnarunt,
837 1159 953 1226 licebat
969 1163 1034 1226 lraec
1047 1167 1157 1231 omnia

118 1241 208 1306 simul
231 1244 351 1321 audire,
367 1243 518 1322 lamenta,
534 1245 700 1323 clamores,
720 1245 892 1323 vincentes,
909 1247 1017 1326 victos,
1033 1259 1064 1312 et
1080 1250 1154 1330 alia,

115 1347 312 1416 quaecunque
326 1352 461 1415 maguus
476 1332 633 1396 exercitus
647 1332 681 1395 in
697 1353 816 1419 magno
834 1331 1018 1398 discrimine
1032 1338 1155 1418 positas

115 1413 315 1480 multifariam
330 1416 474 1501 proferre
487 1417 621 1505 cogitur.
667 1416 800 1482 Illorum
814 1419 910 1484 etiam
922 1418 1084 1502 militibus,
1097 1425 1153 1509 qui

113 1499 147 1563 in
162 1495 292 1568 naribus
306 1513 408 1580 erant,
419 1502 514 1582 idem,
531 1501 619 1590 quod
628 1501 688 1580 his,
700 1503 880 1570 accidebat:
904 1505 1007 1569 donec
1019 1507 1150 1573 tandem

114 1585 302 1672 Syracusani
317 1589 459 1674 sociique
476 1593 562 1674 (cum
578 1588 689 1654 navale
703 1589 852 1672 proelium
864 1589 904 1655 ad
917 1591 1053 1656 multum
1063 1593 1148 1659 diem

111 1673 259 1759 utrinque
281 1674 486 1758 pertinaciter
508 1675 709 1740 commissum
734 1675 857 1758 inisset)
883 1675 1093 1743 Athenienses
1114 1679 1147 1744 in

109 1756 218 1845 sugam
233 1771 415 1838 verterunt3
437 1773 469 1825 et
490 1761 621 1824 minime
645 1760 743 1825 dubie
755 1761 956 1846 firgr'entibns
981 1763 1146 1842 instantes,

109 1864 226 1932 magno
245 1847 384 1911 clamore
399 1859 431 1913 et
450 1845 672 1912 cohortatione
693 1858 826 1924 utentes,
844 1859 960 1912 terram
976 1871 1083 1914 versus
1097 1873 1148 1918 cor

108 1931 253 2018 persequi
268 1945 444 2018 coeperunt.
483 1931 578 1997 Tunc
590 1953 664 1996 vero
680 1932 824 1997 nauticus
834 1924 964 2020 quidem
977 1936 1145 2014 exercitus,

106 2015 186 2082 alius
200 2017 272 2097 alio,
289 2031 447 2105 quotquot
460 2017 493 2082 in
508 2017 574 2083 alto
589 2018 674 2104 capti
688 2039 754 2082 non
766 2017 901 2097 fuerant,
913 2021 947 2083 in
961 2029 1077 2085 terram
1091 2023 1146 2088 de·

105 2100 173 2183 lati,
186 2103 218 2166 in
233 2125 290 2168 erto
305 2118 409 2170 castra
418 2116 594 2169 evaserunt.
630 2103 815 2170 ‘Pedicatus
828 2125 915 2182 vero,
926 2125 994 2172 non
1008 2107 1144 2192 amplius

103 2187 260 2256 diversam
282 2190 436 2256 rationem
452 2213 598 2277 sequens,
613 2191 661 2253 ita
674 2200 708 2255 ut
723 2192 784 2255 atis·
796 2191 861 2268 hoc,
877 2192 939 2254 alii
957 2193 1037 2256 illud
1044 2195 1143 2279 firce-

102 2283 182 2352 rent,
197 2275 251 2340 sed
268 2276 403 2341 universi
419 2299 485 2340 nno
506 2277 628 2361 impetu
642 2297 714 2340 cum
731 2275 858 2360 ploratu
871 2276 1056 2364 gemituque
1068 2301 1144 2368 gra·

102 2361 184 2425 riter
198 2383 235 2426 ac
247 2363 377 2448 indigue
390 2360 525 2427 ferentes
535 2385 582 2439 ea,
599 2383 671 2447 quea
686 2361 815 2440 fiebant,
825 2363 942 2447 partim
954 2363 1084 2449 quidem
1101 2366 1143 2431 ad

100 2467 198 2532 opem
213 2447 348 2512 navibus
368 2447 531 2512 ferendam
556 2447 774 2526 accurrebant,
788 2450 906 2533 partim
922 2470 998 2513 vero
1012 2450 1054 2514 nd
1069 2452 1143 2516 reli·

99 2555 198 2619 quem
218 2535 431 2599 munitionum
445 2545 580 2618 partem,
596 2547 631 2598 ut
652 2553 721 2597 eam
744 2546 934 2599 tutarentur.
980 2534 1046 2600 Alii
1065 2557 1142 2602 vero

98 2623 190 2706 (quse
204 2620 342 2686 maxima
356 2633 425 2685 eret
446 2618 567 2704 portio)
589 2641 623 2684 se
642 2619 727 2704 ipsos
743 2619 812 2704 jam
831 2619 1146 2706 circumspiciebant·
1251 2649 1253 2656 ·

94 2718 131 2771 et
146 2727 210 2792 qun
225 2706 285 2770 sibi
299 2707 432 2770 salutem
447 2715 613 2789 parerent:
639 2718 671 2770 et
685 2718 763 2771 tnnc
778 2707 812 2769 in
823 2705 1055 2771 Atheniensium
1069 2729 1137 2772 cae

92 2793 160 2857 tris
180 2805 287 2857 tantus
307 2793 427 2858 exstitit
449 2813 560 2876 pavor,
579 2803 616 2856 ut
640 2790 748 2856 nullus
770 2811 811 2856 ex
836 2791 1052 2876 superioribus
1075 2791 1139 2861 hnc

92 2879 201 2963 major
214 2878 380 2944 exstiterit.
426 2877 468 2942 Et
490 2876 613 2942 cladem
635 2875 681 2941 illi
707 2877 844 2941 similem
864 2879 916 2942 hic
936 2894 1137 2966 acceperunt,

119 2985 194 3029 uam
209 2964 268 3050 ipsi
283 2966 528 3030 Lacedaemoniis
542 2963 583 3028 ad
597 2962 713 3048 Pylum
725 2961 907 3028 attulerunt.
952 2965 1036 3030 Cum
1049 2966 1136 3031 enim

127 3049 416 3116 acedoemoniorum
439 3049 546 3114 classis
568 3051 635 3113 illic
657 3049 824 3134 profligata
842 3047 961 3127 firisset,
981 3063 1136 3134 praeterea

89 3137 239 3222 ipsorum
263 3157 392 3224 quoque
413 3135 506 3212 cives,
529 3135 640 3220 quiin
663 3133 798 3197 insulam
820 3136 1019 3221 trajecerant,
1041 3135 1073 3200 in
1097 3160 1135 3203 ea

77 3225 232 3310 plerique
252 3223 425 3308 perierunt.
469 3218 687 3298 Quamobrem
709 3218 917 3284 Athenienses
938 3221 1050 3286 itinere
1072 3233 1134 3288 ter·

84 3311 188 3375 restri
205 3309 278 3394 (nisi
301 3309 378 3396 quid
398 3309 598 3394 inopinatum
615 3304 786 3388 accideret)
801 3318 1009 3374 asservatum
1024 3307 1133 3374 iride·

131 3395 275 3461 erebant·

82 3417 193 3552 ‘pv-'-
217 3481 295 3548 Post
308 3482 456 3566 praelium
477 3493 582 3546 autem
608 3479 731 3561 navale,
753 3478 840 3567 quod
866 3479 1018 3545 acerrime
1042 3503 1131 3546 com-

82 3569 225 3634 missum
248 3567 318 3647 fuit,
332 3569 367 3632 in
390 3588 455 3670 quo
477 3566 586 3632 multae
607 3588 703 3632 naves
722 3566 877 3654 multique
895 3565 1044 3632 mortales
1099 3589 1132 3632 r-

77 3655 210 3732 ierunt,
227 3656 416 3741 Syracusani
439 3654 578 3740 sociique
592 3653 756 3717 victoriam
771 3651 889 3736 adepti,
906 3652 1036 3718 navium
1063 3663 1144 3720 rac·'

78 3753 197 3807 tarum
210 3739 332 3807 tabulas
346 3763 384 3805 ac
399 3739 547 3824 reliquias
558 3753 589 3804 et
601 3759 757 3804 cesorum
772 3759 910 3823 corpora
923 3739 1131 3818 sustulerunt,

74 3841 117 3894 et
130 3827 167 3892 in
180 3827 290 3892 urbem
303 3826 419 3891 reversi
432 3837 591 3910 tropaeum
603 3835 791 3891 statuerunt.
835 3824 1044 3890 Athenienses
1054 3835 1144 3891 vero'

72 3935 160 4000 proe
175 3913 395 4002 magnitudine
409 3911 612 3996 praesentium
628 3910 797 3991 malorum,
808 3931 849 3974 ne
863 3911 1045 3997 cogitarunt
1059 3912 1130 3997 qui·

71 4001 163 4067 dem
178 4000 220 4065 de
234 4020 364 4066 suornm
387 3996 594 4064 cadaveribus
612 3998 804 4084 naviumque
827 3995 1013 4084 fragmentis
1039 4017 1128 4082 repe-

109 4217 122 4250 ῑ
145 4215 187 4264 tte
198 4215 320 4278 peditatus
331 4215 430 4276 quidem
447 4213 554 4274 emplius
564 4215 590 4261 ln
601 4215 717 4275 ambiguo
732 4217 780 4269 est,
798 4211 841 4257 sed
858 4209 965 4257 universi
982 4213 1028 4256 etc.
1052 4205 1127 4263 vata.

66 4284 118 4334 Ac
132 4283 273 4343 peditatus⁸
283 4291 344 4336 non,
354 4285 382 4327 nt
392 4279 585 4340 armathem
592 4279 732 4326 enimenim
743 4276 839 4333 habitu,
849 4275 892 4322 sed
903 4279 949 4322 etc.
970 4272 1078 4324 Amas.

580 4361 640 4428 ⁰8
