<?xml version="1.0" encoding="UTF-8"?>
<!DOCTYPE html PUBLIC "-//W3C//DTD XHTML 1.0 Transitional//EN"
    "http://www.w3.org/TR/xhtml1/DTD/xhtml1-transitional.dtd">
<html xmlns="http://www.w3.org/1999/xhtml" xml:lang="en" lang="en">
 <head>
  <title>
</title>
<meta http-equiv="Content-Type" content="text/html;charset=utf-8" />
  <meta name='ocr-system' content='tesseract 3.04.00' />
  <meta name='ocr-capabilities' content='ocr_page ocr_carea ocr_par ocr_line ocrx_word'/>
</head>
<body>
  <div class='ocr_page' id='page_1' title='image "./thucydidisdebel00wassgoog_0015.png"; bbox 0 0 2996 4782; ppageno 0'>
   <div class='ocr_carea' id='block_1_1' title="bbox 437 249 1164 370">
    <p class='ocr_par' dir='ltr' id='par_1_1' title="bbox 437 249 1164 370">
     <span class='ocr_line' id='line_1_1' title="bbox 437 249 1164 370; baseline 0.011 -37"><span class='ocrx_word' id='word_1_1' title='bbox 437 249 847 336; x_wconf 72' lang='lat' dir='ltr'><strong>merueramus</strong></span> <span class='ocrx_word' id='word_1_2' title='bbox 884 335 889 341; x_wconf 87' lang='lat'><strong>.</strong></span> <span class='ocrx_word' id='word_1_3' title='bbox 1089 349 1099 370; x_wconf 30' lang='lat'><strong>⁶</strong></span> <span class='ocrx_word' id='word_1_4' title='bbox 1145 273 1164 346; x_wconf 81' lang='lat' dir='ltr'><strong>r</strong></span> 
     </span>
    </p>
   </div>
   <div class='ocr_carea' id='block_1_2' title="bbox 116 437 1166 947">
    <p class='ocr_par' dir='ltr' id='par_1_2' title="bbox 116 437 1166 947">
     <span class='ocr_line' id='line_1_2' title="bbox 128 437 1165 542; baseline -0.003 -34"><span class='ocrx_word' id='word_1_5' title='bbox 128 441 305 542; x_wconf 86' lang='lat' dir='ltr'><strong>Postquam</strong></span> <span class='ocrx_word' id='word_1_6' title='bbox 318 449 424 506; x_wconf 87' lang='lat' dir='ltr'><strong>autem</strong></span> <span class='ocrx_word' id='word_1_7' title='bbox 446 442 490 504; x_wconf 91' lang='lat' dir='ltr'><strong>ud</strong></span> <span class='ocrx_word' id='word_1_8' title='bbox 509 462 618 526; x_wconf 78' lang='lat' dir='ltr'><strong>agnen</strong></span> <span class='ocrx_word' id='word_1_9' title='bbox 645 439 812 525; x_wconf 62' lang='lat' dir='ltr'><strong>limarsum</strong></span> <span class='ocrx_word' id='word_1_10' title='bbox 832 437 1034 526; x_wconf 82' lang='lat' dir='ltr'><strong>appulerunt,</strong></span> <span class='ocrx_word' id='word_1_11' title='bbox 1051 441 1165 505; x_wconf 82' lang='lat' dir='ltr'><strong>lrortenr</strong></span> 
     </span>
     <span class='ocr_line' id='line_1_3' title="bbox 126 526 1165 613; baseline -0.001 -21"><span class='ocrx_word' id='word_1_12' title='bbox 126 527 248 613; x_wconf 86' lang='lat' dir='ltr'><strong>proelro</strong></span> <span class='ocrx_word' id='word_1_13' title='bbox 262 527 416 604; x_wconf 86' lang='lat' dir='ltr'><strong>vicerunt,</strong></span> <span class='ocrx_word' id='word_1_14' title='bbox 428 526 490 591; x_wconf 91' lang='lat' dir='ltr'><strong>hoc</strong></span> <span class='ocrx_word' id='word_1_15' title='bbox 502 539 606 592; x_wconf 87' lang='lat' dir='ltr'><strong>autem</strong></span> <span class='ocrx_word' id='word_1_16' title='bbox 622 541 670 592; x_wconf 89' lang='lat' dir='ltr'><strong>eat</strong></span> <span class='ocrx_word' id='word_1_17' title='bbox 683 527 967 605; x_wconf 66' lang='lat' dir='ltr'><strong>manifestumne</strong></span> <span class='ocrx_word' id='word_1_18' title='bbox 981 528 1066 592; x_wconf 91' lang='lat' dir='ltr'><strong>enim</strong></span> <span class='ocrx_word' id='word_1_19' title='bbox 1082 526 1165 591; x_wconf 84' lang='lat' dir='ltr'><strong>vallo</strong></span> 
     </span>
     <span class='ocr_line' id='line_1_4' title="bbox 116 611 1166 699; baseline -0.003 -19"><span class='ocrx_word' id='word_1_20' title='bbox 116 616 267 699; x_wconf 68' lang='lat' dir='ltr'><strong>famaque</strong></span> <span class='ocrx_word' id='word_1_21' title='bbox 288 625 392 692; x_wconf 86' lang='lat' dir='ltr'><strong>castra</strong></span> <span class='ocrx_word' id='word_1_22' title='bbox 413 611 630 679; x_wconf 84' lang='lat' dir='ltr'><strong>munivissent.</strong></span> <span class='ocrx_word' id='word_1_23' title='bbox 675 612 862 690; x_wconf 79' lang='lat' dir='ltr'><strong>Quinetiam</strong></span> <span class='ocrx_word' id='word_1_24' title='bbox 884 635 926 678; x_wconf 89' lang='lat' dir='ltr'><strong>ne</strong></span> <span class='ocrx_word' id='word_1_25' title='bbox 954 612 1007 678; x_wconf 89' lang='lat' dir='ltr'><strong>hic</strong></span> <span class='ocrx_word' id='word_1_26' title='bbox 1036 612 1166 699; x_wconf 91' lang='lat' dir='ltr'><strong>quidem</strong></span> 
     </span>
     <span class='ocr_line' id='line_1_5' title="bbox 128 698 1166 784; baseline -0.002 -18"><span class='ocrx_word' id='word_1_27' title='bbox 128 723 181 766; x_wconf 89' lang='lat' dir='ltr'><strong>eos</strong></span> <span class='ocrx_word' id='word_1_28' title='bbox 204 699 354 765; x_wconf 86' lang='lat' dir='ltr'><strong>omnibus</strong></span> <span class='ocrx_word' id='word_1_29' title='bbox 377 698 476 784; x_wconf 87' lang='lat' dir='ltr'><strong>copiis</strong></span> <span class='ocrx_word' id='word_1_30' title='bbox 499 719 571 762; x_wconf 90' lang='lat' dir='ltr'><strong>usos</strong></span> <span class='ocrx_word' id='word_1_31' title='bbox 591 719 679 764; x_wconf 88' lang='lat' dir='ltr'><strong>esse:</strong></span> <span class='ocrx_word' id='word_1_32' title='bbox 717 700 772 765; x_wconf 92' lang='lat' dir='ltr'><strong>sed</strong></span> <span class='ocrx_word' id='word_1_33' title='bbox 794 699 837 764; x_wconf 87' lang='lat' dir='ltr'><strong>ad</strong></span> <span class='ocrx_word' id='word_1_34' title='bbox 861 698 1076 765; x_wconf 88' lang='lat' dir='ltr'><strong>Cherrbonesi</strong></span> <span class='ocrx_word' id='word_1_35' title='bbox 1099 698 1166 764; x_wconf 92' lang='lat' dir='ltr'><strong>cul·</strong></span> 
     </span>
     <span class='ocr_line' id='line_1_6' title="bbox 127 783 1165 947; baseline -0.001 -97"><span class='ocrx_word' id='word_1_36' title='bbox 127 800 231 851; x_wconf 87' lang='lat' dir='ltr'><strong>turam</strong></span> <span class='ocrx_word' id='word_1_37' title='bbox 263 797 297 850; x_wconf 90' lang='lat' dir='ltr'><strong>et</strong></span> <span class='ocrx_word' id='word_1_38' title='bbox 323 785 365 849; x_wconf 87' lang='lat' dir='ltr'><strong>ud</strong></span> <span class='ocrx_word' id='word_1_39' title='bbox 394 783 604 863; x_wconf 76' lang='lat' dir='ltr'><strong>latrocinium,</strong></span> <span class='ocrx_word' id='word_1_40' title='bbox 624 803 762 947; x_wconf 50' lang='lat' dir='ltr'><strong>propter</strong></span> <span class='ocrx_word' id='word_1_41' title='bbox 790 797 983 851; x_wconf 80' lang='lat' dir='ltr'><strong>commeatus</strong></span> <span class='ocrx_word' id='word_1_42' title='bbox 1013 785 1165 871; x_wconf 86' lang='lat' dir='ltr'><strong>inopiam,</strong></span> 
     </span>
    </p>
   </div>
   <div class='ocr_carea' id='block_1_3' title="bbox 128 871 1182 4468">
    <p class='ocr_par' dir='ltr' id='par_1_3' title="bbox 128 871 1176 2162">
     <span class='ocr_line' id='line_1_7' title="bbox 129 871 1167 958; baseline -0.002 -20"><span class='ocrx_word' id='word_1_43' title='bbox 129 893 193 938; x_wconf 88' lang='lat' dir='ltr'><strong>sese</strong></span> <span class='ocrx_word' id='word_1_44' title='bbox 222 871 416 936; x_wconf 82' lang='lat' dir='ltr'><strong>convertisse</strong></span> <span class='ocrx_word' id='word_1_45' title='bbox 444 883 578 936; x_wconf 85' lang='lat' dir='ltr'><strong>constat.</strong></span> <span class='ocrx_word' id='word_1_46' title='bbox 659 871 843 938; x_wconf 87' lang='lat' dir='ltr'><strong>uamobrem</strong></span> <span class='ocrx_word' id='word_1_47' title='bbox 872 871 968 940; x_wconf 86' lang='lat' dir='ltr'><strong>etiarn</strong></span> <span class='ocrx_word' id='word_1_48' title='bbox 997 871 1074 958; x_wconf 90' lang='lat' dir='ltr'><strong>ipsis</strong></span> <span class='ocrx_word' id='word_1_49' title='bbox 1103 871 1167 936; x_wconf 88' lang='lat' dir='ltr'><strong>dis·</strong></span> 
     </span>
     <span class='ocr_line' id='line_1_8' title="bbox 128 955 1167 1044; baseline 0 -22"><span class='ocrx_word' id='word_1_50' title='bbox 128 958 228 1040; x_wconf 80' lang='lat' dir='ltr'><strong>persi&#39;s</strong></span> <span class='ocrx_word' id='word_1_51' title='bbox 242 956 375 1042; x_wconf 82' lang='lat' dir='ltr'><strong>Trojani</strong></span> <span class='ocrx_word' id='word_1_52' title='bbox 398 978 456 1041; x_wconf 87' lang='lat' dir='ltr'><strong>per</strong></span> <span class='ocrx_word' id='word_1_53' title='bbox 477 955 587 1022; x_wconf 91' lang='lat' dir='ltr'><strong>decem</strong></span> <span class='ocrx_word' id='word_1_54' title='bbox 609 979 710 1022; x_wconf 88' lang='lat' dir='ltr'><strong>annos</strong></span> <span class='ocrx_word' id='word_1_55' title='bbox 727 955 852 1023; x_wconf 78' lang='lat' dir='ltr'><strong>facilius</strong></span> <span class='ocrx_word' id='word_1_56' title='bbox 870 959 1063 1036; x_wconf 82' lang='lat' dir='ltr'><strong>restiterunt,</strong></span> <span class='ocrx_word' id='word_1_57' title='bbox 1081 959 1167 1044; x_wconf 91' lang='lat' dir='ltr'><strong>quod</strong></span> 
     </span>
     <span class='ocr_line' id='line_1_9' title="bbox 129 1043 1168 1130; baseline -0.001 -22"><span class='ocrx_word' id='word_1_58' title='bbox 129 1044 202 1122; x_wconf 88' lang='lat' dir='ltr'><strong>illis,</strong></span> <span class='ocrx_word' id='word_1_59' title='bbox 241 1044 298 1130; x_wconf 91' lang='lat' dir='ltr'><strong>qui</strong></span> <span class='ocrx_word' id='word_1_60' title='bbox 335 1063 460 1128; x_wconf 82' lang='lat' dir='ltr'>semper</span> <span class='ocrx_word' id='word_1_61' title='bbox 492 1044 527 1106; x_wconf 84' lang='lat' dir='ltr'><strong>iu</strong></span> <span class='ocrx_word' id='word_1_62' title='bbox 562 1065 616 1108; x_wconf 83' lang='lat' dir='ltr'><strong>suo</strong></span> <span class='ocrx_word' id='word_1_63' title='bbox 651 1066 732 1130; x_wconf 84' lang='lat' dir='ltr'><strong>agro</strong></span> <span class='ocrx_word' id='word_1_64' title='bbox 768 1043 1039 1130; x_wconf 80' lang='lat' dir='ltr'><strong>relinquebantur,</strong></span> <span class='ocrx_word' id='word_1_65' title='bbox 1075 1065 1168 1130; x_wconf 85' lang='lat' dir='ltr'><strong>pares</strong></span> 
     </span>
     <span class='ocr_line' id='line_1_10' title="bbox 131 1127 1169 1218; baseline 0 -24"><span class='ocrx_word' id='word_1_66' title='bbox 131 1142 234 1194; x_wconf 89' lang='lat' dir='ltr'><strong>esseut</strong></span> <span class='ocrx_word' id='word_1_67' title='bbox 261 1128 394 1194; x_wconf 84' lang='lat' dir='ltr'><strong>viribus.</strong></span> <span class='ocrx_word' id='word_1_68' title='bbox 450 1127 514 1194; x_wconf 86' lang='lat' dir='ltr'><strong>Sed</strong></span> <span class='ocrx_word' id='word_1_69' title='bbox 540 1130 566 1192; x_wconf 88' lang='lat' dir='ltr'><strong>si</strong></span> <span class='ocrx_word' id='word_1_70' title='bbox 595 1151 667 1193; x_wconf 90' lang='lat' dir='ltr'><strong>cum</strong></span> <span class='ocrx_word' id='word_1_71' title='bbox 697 1151 815 1218; x_wconf 87' lang='lat' dir='ltr'><strong>magna</strong></span> <span class='ocrx_word' id='word_1_72' title='bbox 843 1144 1040 1196; x_wconf 89' lang='lat' dir='ltr'><strong>commeatus</strong></span> <span class='ocrx_word' id='word_1_73' title='bbox 1066 1129 1169 1195; x_wconf 86' lang='lat' dir='ltr'><strong>abun-</strong></span> 
     </span>
     <span class='ocr_line' id='line_1_11' title="bbox 132 1212 1170 1302; baseline 0 -22"><span class='ocrx_word' id='word_1_74' title='bbox 132 1213 242 1280; x_wconf 85' lang='lat' dir='ltr'><strong>dantis</strong></span> <span class='ocrx_word' id='word_1_75' title='bbox 266 1228 300 1279; x_wconf 87' lang='lat' dir='ltr'><strong>ct</strong></span> <span class='ocrx_word' id='word_1_76' title='bbox 324 1213 423 1300; x_wconf 89' lang='lat' dir='ltr'><strong>copiis</strong></span> <span class='ocrx_word' id='word_1_77' title='bbox 445 1212 671 1302; x_wconf 80' lang='lat' dir='ltr'><strong>frequentibus</strong></span> <span class='ocrx_word' id='word_1_78' title='bbox 686 1239 721 1280; x_wconf 91' lang='lat' dir='ltr'><strong>eo</strong></span> <span class='ocrx_word' id='word_1_79' title='bbox 748 1217 886 1294; x_wconf 75' lang='lat' dir='ltr'><strong>ivissent,</strong></span> <span class='ocrx_word' id='word_1_80' title='bbox 909 1217 976 1281; x_wconf 88' lang='lat' dir='ltr'><strong>sine</strong></span> <span class='ocrx_word' id='word_1_81' title='bbox 1001 1216 1170 1281; x_wconf 84' lang='lat' dir='ltr'><strong>latrocinio</strong></span> 
     </span>
     <span class='ocr_line' id='line_1_12' title="bbox 131 1299 1170 1402; baseline -0.001 -35"><span class='ocrx_word' id='word_1_82' title='bbox 131 1314 163 1368; x_wconf 90' lang='lat' dir='ltr'><strong>et</strong></span> <span class='ocrx_word' id='word_1_83' title='bbox 198 1299 397 1402; x_wconf 81' lang='lat' dir='ltr'><strong>agricultura</strong></span> <span class='ocrx_word' id='word_1_84' title='bbox 432 1299 550 1364; x_wconf 86' lang='lat' dir='ltr'><strong>bellurn</strong></span> <span class='ocrx_word' id='word_1_85' title='bbox 589 1302 809 1367; x_wconf 83' lang='lat' dir='ltr'><strong>continenter</strong></span> <span class='ocrx_word' id='word_1_86' title='bbox 827 1302 1007 1390; x_wconf 80' lang='lat' dir='ltr'><strong>gessissent,</strong></span> <span class='ocrx_word' id='word_1_87' title='bbox 1047 1301 1170 1388; x_wconf 82' lang='lat' dir='ltr'><strong>Trojum</strong></span> 
     </span>
     <span class='ocr_line' id='line_1_13' title="bbox 130 1385 1171 1476; baseline 0 -24"><span class='ocrx_word' id='word_1_88' title='bbox 130 1387 248 1474; x_wconf 86' lang='lat' dir='ltr'><strong>proelro</strong></span> <span class='ocrx_word' id='word_1_89' title='bbox 276 1386 454 1472; x_wconf 84' lang='lat' dir='ltr'><strong>superiores</strong></span> <span class='ocrx_word' id='word_1_90' title='bbox 482 1385 573 1452; x_wconf 82' lang='lat' dir='ltr'><strong>facile</strong></span> <span class='ocrx_word' id='word_1_91' title='bbox 601 1389 772 1474; x_wconf 86' lang='lat' dir='ltr'><strong>cepissent:</strong></span> <span class='ocrx_word' id='word_1_92' title='bbox 807 1387 963 1476; x_wconf 91' lang='lat' dir='ltr'><strong>siquidem</strong></span> <span class='ocrx_word' id='word_1_93' title='bbox 993 1388 1080 1454; x_wconf 87' lang='lat' dir='ltr'><strong>baud</strong></span> <span class='ocrx_word' id='word_1_94' title='bbox 1107 1387 1171 1452; x_wconf 83' lang='lat' dir='ltr'><strong>fre·</strong></span> 
     </span>
     <span class='ocr_line' id='line_1_14' title="bbox 132 1472 1172 1561; baseline -0.001 -21"><span class='ocrx_word' id='word_1_95' title='bbox 132 1473 304 1561; x_wconf 78' lang='lat' dir='ltr'><strong>questibus</strong></span> <span class='ocrx_word' id='word_1_96' title='bbox 326 1472 435 1558; x_wconf 81' lang='lat' dir='ltr'><strong>copiis,</strong></span> <span class='ocrx_word' id='word_1_97' title='bbox 458 1472 514 1538; x_wconf 87' lang='lat' dir='ltr'><strong>sed</strong></span> <span class='ocrx_word' id='word_1_98' title='bbox 535 1473 673 1558; x_wconf 86' lang='lat' dir='ltr'><strong>quadarn</strong></span> <span class='ocrx_word' id='word_1_99' title='bbox 695 1476 850 1541; x_wconf 86' lang='lat' dir='ltr'><strong>exercitus</strong></span> <span class='ocrx_word' id='word_1_100' title='bbox 871 1487 971 1561; x_wconf 90' lang='lat' dir='ltr'><strong>parte,</strong></span> <span class='ocrx_word' id='word_1_101' title='bbox 995 1495 1068 1560; x_wconf 77' lang='lat' dir='ltr'><strong>quae</strong></span> <span class='ocrx_word' id='word_1_102' title='bbox 1089 1473 1172 1539; x_wconf 86' lang='lat' dir='ltr'><strong>forte</strong></span> 
     </span>
     <span class='ocr_line' id='line_1_15' title="bbox 131 1557 1172 1647; baseline -0.003 -21"><span class='ocrx_word' id='word_1_103' title='bbox 131 1581 256 1644; x_wconf 86' lang='lat' dir='ltr'><strong>semper</strong></span> <span class='ocrx_word' id='word_1_104' title='bbox 270 1572 390 1643; x_wconf 85' lang='lat' dir='ltr'><strong>praesto</strong></span> <span class='ocrx_word' id='word_1_105' title='bbox 401 1571 478 1636; x_wconf 88' lang='lat' dir='ltr'><strong>erat,</strong></span> <span class='ocrx_word' id='word_1_106' title='bbox 495 1557 640 1643; x_wconf 69' lang='lat' dir='ltr'><strong>trojanis</strong></span> <span class='ocrx_word' id='word_1_107' title='bbox 654 1561 851 1626; x_wconf 81' lang='lat' dir='ltr'><strong>resistebant.</strong></span> <span class='ocrx_word' id='word_1_108' title='bbox 884 1560 1024 1637; x_wconf 87' lang='lat' dir='ltr'><strong>Quodsi</strong></span> <span class='ocrx_word' id='word_1_109' title='bbox 1040 1561 1172 1647; x_wconf 87' lang='lat' dir='ltr'><strong>Trojam</strong></span> 
     </span>
     <span class='ocr_line' id='line_1_16' title="bbox 130 1643 1176 1729; baseline -0.002 -17"><span class='ocrx_word' id='word_1_110' title='bbox 130 1645 258 1712; x_wconf 80' lang='lat' dir='ltr'><strong>assidua</strong></span> <span class='ocrx_word' id='word_1_111' title='bbox 279 1643 446 1710; x_wconf 84' lang='lat' dir='ltr'><strong>obsidione</strong></span> <span class='ocrx_word' id='word_1_112' title='bbox 467 1647 661 1729; x_wconf 84' lang='lat' dir='ltr'><strong>pressissent,</strong></span> <span class='ocrx_word' id='word_1_113' title='bbox 677 1659 709 1711; x_wconf 92' lang='lat' dir='ltr'><strong>et</strong></span> <span class='ocrx_word' id='word_1_114' title='bbox 731 1647 822 1712; x_wconf 89' lang='lat' dir='ltr'><strong>citius</strong></span> <span class='ocrx_word' id='word_1_115' title='bbox 844 1659 876 1712; x_wconf 90' lang='lat' dir='ltr'><strong>et</strong></span> <span class='ocrx_word' id='word_1_116' title='bbox 897 1646 1106 1711; x_wconf 82' lang='lat' dir='ltr'><strong>minoricam</strong></span> <span class='ocrx_word' id='word_1_117' title='bbox 1127 1647 1176 1710; x_wconf 87' lang='lat' dir='ltr'><strong>la-</strong></span> 
     </span>
     <span class='ocr_line' id='line_1_17' title="bbox 132 1732 1173 1818; baseline 0 -20"><span class='ocrx_word' id='word_1_118' title='bbox 132 1733 209 1798; x_wconf 90' lang='lat' dir='ltr'><strong>bore</strong></span> <span class='ocrx_word' id='word_1_119' title='bbox 234 1753 303 1796; x_wconf 85' lang='lat' dir='ltr'><strong>eam</strong></span> <span class='ocrx_word' id='word_1_120' title='bbox 328 1745 575 1818; x_wconf 66' lang='lat' dir='ltr'><strong>expugnassent.</strong></span> <span class='ocrx_word' id='word_1_121' title='bbox 622 1732 687 1797; x_wconf 88' lang='lat' dir='ltr'><strong>Sed</strong></span> <span class='ocrx_word' id='word_1_122' title='bbox 712 1747 846 1818; x_wconf 88' lang='lat' dir='ltr'><strong>propter</strong></span> <span class='ocrx_word' id='word_1_123' title='bbox 870 1734 1078 1818; x_wconf 85' lang='lat' dir='ltr'><strong>pecuniarum</strong></span> <span class='ocrx_word' id='word_1_124' title='bbox 1103 1733 1173 1798; x_wconf 92' lang='lat' dir='ltr'><strong>iuo-</strong></span> 
     </span>
     <span class='ocr_line' id='line_1_18' title="bbox 131 1815 1172 1906; baseline 0.001 -24"><span class='ocrx_word' id='word_1_125' title='bbox 131 1818 230 1903; x_wconf 89' lang='lat' dir='ltr'><strong>piam,</strong></span> <span class='ocrx_word' id='word_1_126' title='bbox 244 1830 278 1882; x_wconf 90' lang='lat' dir='ltr'><strong>et</strong></span> <span class='ocrx_word' id='word_1_127' title='bbox 290 1839 365 1902; x_wconf 82' lang='lat' dir='ltr'><strong>quoe</strong></span> <span class='ocrx_word' id='word_1_128' title='bbox 380 1831 454 1882; x_wconf 86' lang='lat' dir='ltr'><strong>ante</strong></span> <span class='ocrx_word' id='word_1_129' title='bbox 467 1815 530 1882; x_wconf 91' lang='lat' dir='ltr'><strong>hoc</strong></span> <span class='ocrx_word' id='word_1_130' title='bbox 543 1816 662 1882; x_wconf 89' lang='lat' dir='ltr'><strong>bellum</strong></span> <span class='ocrx_word' id='word_1_131' title='bbox 677 1831 767 1906; x_wconf 88' lang='lat' dir='ltr'><strong>gesta</strong></span> <span class='ocrx_word' id='word_1_132' title='bbox 780 1831 864 1896; x_wconf 90' lang='lat' dir='ltr'><strong>sunt,</strong></span> <span class='ocrx_word' id='word_1_133' title='bbox 877 1817 1018 1884; x_wconf 89' lang='lat' dir='ltr'><strong>invalida</strong></span> <span class='ocrx_word' id='word_1_134' title='bbox 1027 1820 1172 1896; x_wconf 89' lang='lat' dir='ltr'><strong>fuerunt;</strong></span> 
     </span>
     <span class='ocr_line' id='line_1_19' title="bbox 133 1903 1175 1990; baseline 0.001 -22"><span class='ocrx_word' id='word_1_135' title='bbox 133 1919 167 1968; x_wconf 90' lang='lat' dir='ltr'><strong>et</strong></span> <span class='ocrx_word' id='word_1_136' title='bbox 179 1903 252 1968; x_wconf 80' lang='lat' dir='ltr'><strong>haec</strong></span> <span class='ocrx_word' id='word_1_137' title='bbox 265 1903 345 1987; x_wconf 87' lang='lat' dir='ltr'><strong>ipsa,</strong></span> <span class='ocrx_word' id='word_1_138' title='bbox 361 1925 433 1990; x_wconf 84' lang='lat' dir='ltr'><strong>quae</strong></span> <span class='ocrx_word' id='word_1_139' title='bbox 447 1905 590 1968; x_wconf 90' lang='lat' dir='ltr'><strong>omnium</strong></span> <span class='ocrx_word' id='word_1_140' title='bbox 606 1905 804 1988; x_wconf 88' lang='lat' dir='ltr'><strong>superiorum</strong></span> <span class='ocrx_word' id='word_1_141' title='bbox 820 1918 893 1969; x_wconf 90' lang='lat' dir='ltr'><strong>suut</strong></span> <span class='ocrx_word' id='word_1_142' title='bbox 907 1904 1123 1982; x_wconf 88' lang='lat' dir='ltr'><strong>celeberrima,</strong></span> <span class='ocrx_word' id='word_1_143' title='bbox 1139 1927 1175 1969; x_wconf 87' lang='lat' dir='ltr'><strong>re</strong></span> 
     </span>
     <span class='ocr_line' id='line_1_20' title="bbox 132 1988 1173 2076; baseline 0.002 -22"><span class='ocrx_word' id='word_1_144' title='bbox 132 1990 201 2076; x_wconf 83' lang='lat' dir='ltr'><strong>ipsa</strong></span> <span class='ocrx_word' id='word_1_145' title='bbox 211 1988 453 2074; x_wconf 90' lang='lat' dir='ltr'><strong>comperiuntur</strong></span> <span class='ocrx_word' id='word_1_146' title='bbox 465 1989 614 2054; x_wconf 85' lang='lat' dir='ltr'><strong>inferiora</strong></span> <span class='ocrx_word' id='word_1_147' title='bbox 624 1988 717 2067; x_wconf 78' lang='lat' dir='ltr'><strong>fama,</strong></span> <span class='ocrx_word' id='word_1_148' title='bbox 731 2002 762 2055; x_wconf 92' lang='lat' dir='ltr'><strong>et</strong></span> <span class='ocrx_word' id='word_1_149' title='bbox 772 1992 954 2065; x_wconf 78' lang='lat' dir='ltr'><strong>rumorede</strong></span> <span class='ocrx_word' id='word_1_150' title='bbox 964 1991 1040 2074; x_wconf 91' lang='lat' dir='ltr'><strong>ipsis</strong></span> <span class='ocrx_word' id='word_1_151' title='bbox 1052 2011 1173 2076; x_wconf 87' lang='lat' dir='ltr'><strong>sparso,</strong></span> 
     </span>
     <span class='ocr_line' id='line_1_21' title="bbox 134 2074 622 2162; baseline 0.002 -23"><span class='ocrx_word' id='word_1_152' title='bbox 134 2077 186 2162; x_wconf 93' lang='lat' dir='ltr'><strong>qui</strong></span> <span class='ocrx_word' id='word_1_153' title='bbox 203 2097 265 2162; x_wconf 93' lang='lat' dir='ltr'><strong>pro</strong></span> <span class='ocrx_word' id='word_1_154' title='bbox 289 2090 338 2139; x_wconf 89' lang='lat' dir='ltr'><strong>ter</strong></span> <span class='ocrx_word' id='word_1_155' title='bbox 352 2087 462 2160; x_wconf 87' lang='lat' dir='ltr'><strong>poetas</strong></span> <span class='ocrx_word' id='word_1_156' title='bbox 477 2074 622 2141; x_wconf 88' lang='lat' dir='ltr'><strong>invaluit.</strong></span> 
     </span>
    </p>

    <p class='ocr_par' dir='ltr' id='par_1_4' title="bbox 135 2161 1177 3800">
     <span class='ocr_line' id='line_1_22' title="bbox 179 2161 1175 2252; baseline 0.001 -25"><span class='ocrx_word' id='word_1_157' title='bbox 179 2169 229 2228; x_wconf 69' lang='lat'><strong>12.</strong></span> <span class='ocrx_word' id='word_1_158' title='bbox 282 2183 334 2226; x_wconf 88' lang='lat' dir='ltr'><strong>am</strong></span> <span class='ocrx_word' id='word_1_159' title='bbox 358 2161 407 2226; x_wconf 83' lang='lat' dir='ltr'><strong>vel</strong></span> <span class='ocrx_word' id='word_1_160' title='bbox 429 2177 502 2246; x_wconf 87' lang='lat' dir='ltr'><strong>post</strong></span> <span class='ocrx_word' id='word_1_161' title='bbox 523 2183 574 2227; x_wconf 89' lang='lat' dir='ltr'><strong>res</strong></span> <span class='ocrx_word' id='word_1_162' title='bbox 596 2162 637 2228; x_wconf 93' lang='lat' dir='ltr'><strong>ad</strong></span> <span class='ocrx_word' id='word_1_163' title='bbox 661 2162 794 2250; x_wconf 85' lang='lat' dir='ltr'><strong>Trojam</strong></span> <span class='ocrx_word' id='word_1_164' title='bbox 811 2177 916 2252; x_wconf 88' lang='lat' dir='ltr'><strong>gestas</strong></span> <span class='ocrx_word' id='word_1_165' title='bbox 938 2165 1047 2230; x_wconf 78' lang='lat' dir='ltr'><strong>Graeci</strong></span> <span class='ocrx_word' id='word_1_166' title='bbox 1069 2163 1175 2229; x_wconf 90' lang='lat' dir='ltr'><strong>adbuc</strong></span> 
     </span>
     <span class='ocr_line' id='line_1_23' title="bbox 135 2247 1174 2336; baseline 0.001 -23"><span class='ocrx_word' id='word_1_167' title='bbox 135 2247 197 2313; x_wconf 86' lang='lat' dir='ltr'><strong>alio</strong></span> <span class='ocrx_word' id='word_1_168' title='bbox 216 2247 411 2336; x_wconf 88' lang='lat' dir='ltr'><strong>migrabant,</strong></span> <span class='ocrx_word' id='word_1_169' title='bbox 427 2247 579 2335; x_wconf 88' lang='lat' dir='ltr'><strong>sedesque</strong></span> <span class='ocrx_word' id='word_1_170' title='bbox 599 2271 670 2314; x_wconf 87' lang='lat' dir='ltr'><strong>suas</strong></span> <span class='ocrx_word' id='word_1_171' title='bbox 689 2249 929 2328; x_wconf 87' lang='lat' dir='ltr'><strong>transferebant,</strong></span> <span class='ocrx_word' id='word_1_172' title='bbox 946 2252 991 2315; x_wconf 88' lang='lat' dir='ltr'><strong>ita</strong></span> <span class='ocrx_word' id='word_1_173' title='bbox 1010 2261 1174 2314; x_wconf 87' lang='lat' dir='ltr'><strong>uteorum</strong></span> 
     </span>
     <span class='ocr_line' id='line_1_24' title="bbox 135 2335 1173 2420; baseline 0.002 -22"><span class='ocrx_word' id='word_1_174' title='bbox 135 2356 210 2420; x_wconf 91' lang='lat' dir='ltr'><strong>opes</strong></span> <span class='ocrx_word' id='word_1_175' title='bbox 232 2355 292 2418; x_wconf 86' lang='lat' dir='ltr'><strong>per</strong></span> <span class='ocrx_word' id='word_1_176' title='bbox 312 2335 411 2398; x_wconf 90' lang='lat' dir='ltr'><strong>otium</strong></span> <span class='ocrx_word' id='word_1_177' title='bbox 431 2355 495 2398; x_wconf 92' lang='lat' dir='ltr'><strong>uon</strong></span> <span class='ocrx_word' id='word_1_178' title='bbox 511 2335 679 2400; x_wconf 87' lang='lat' dir='ltr'><strong>creverint.</strong></span> <span class='ocrx_word' id='word_1_179' title='bbox 725 2335 809 2400; x_wconf 90' lang='lat' dir='ltr'><strong>Nam</strong></span> <span class='ocrx_word' id='word_1_180' title='bbox 823 2353 857 2416; x_wconf 75' lang='lat' dir='ltr'><strong>et</strong></span> <span class='ocrx_word' id='word_1_181' title='bbox 871 2360 959 2402; x_wconf 89' lang='lat' dir='ltr'><strong>serus</strong></span> <span class='ocrx_word' id='word_1_182' title='bbox 982 2338 1173 2403; x_wconf 76' lang='lat' dir='ltr'><strong>Graecorum</strong></span> 
     </span>
     <span class='ocr_line' id='line_1_25' title="bbox 135 2419 1176 2508; baseline 0.002 -24"><span class='ocrx_word' id='word_1_183' title='bbox 135 2419 255 2486; x_wconf 86' lang='lat' dir='ltr'><strong>reditus</strong></span> <span class='ocrx_word' id='word_1_184' title='bbox 278 2420 320 2484; x_wconf 86' lang='lat' dir='ltr'><strong>ab</strong></span> <span class='ocrx_word' id='word_1_185' title='bbox 340 2419 401 2484; x_wconf 89' lang='lat' dir='ltr'><strong>Ilio</strong></span> <span class='ocrx_word' id='word_1_186' title='bbox 425 2441 474 2484; x_wconf 89' lang='lat' dir='ltr'><strong>res</strong></span> <span class='ocrx_word' id='word_1_187' title='bbox 496 2420 611 2484; x_wconf 89' lang='lat' dir='ltr'><strong>multas</strong></span> <span class='ocrx_word' id='word_1_188' title='bbox 630 2421 802 2497; x_wconf 84' lang='lat' dir='ltr'><strong>innovavit,</strong></span> <span class='ocrx_word' id='word_1_189' title='bbox 818 2435 851 2487; x_wconf 88' lang='lat' dir='ltr'><strong>et</strong></span> <span class='ocrx_word' id='word_1_190' title='bbox 870 2425 940 2487; x_wconf 83' lang='lat' dir='ltr'><strong>ideo</strong></span> <span class='ocrx_word' id='word_1_191' title='bbox 961 2423 994 2486; x_wconf 90' lang='lat' dir='ltr'><strong>in</strong></span> <span class='ocrx_word' id='word_1_192' title='bbox 1016 2423 1176 2508; x_wconf 90' lang='lat' dir='ltr'><strong>plerisque</strong></span> 
     </span>
     <span class='ocr_line' id='line_1_26' title="bbox 135 2505 1175 2594; baseline 0.001 -24"><span class='ocrx_word' id='word_1_193' title='bbox 135 2505 317 2572; x_wconf 84' lang='lat' dir='ltr'><strong>ciuitatibus</strong></span> <span class='ocrx_word' id='word_1_194' title='bbox 331 2515 455 2570; x_wconf 81' lang='lat' dir='ltr'><strong>exortae</strong></span> <span class='ocrx_word' id='word_1_195' title='bbox 470 2519 544 2570; x_wconf 91' lang='lat' dir='ltr'><strong>sunt</strong></span> <span class='ocrx_word' id='word_1_196' title='bbox 563 2507 741 2585; x_wconf 87' lang='lat' dir='ltr'><strong>seditiones,</strong></span> <span class='ocrx_word' id='word_1_197' title='bbox 756 2507 799 2574; x_wconf 92' lang='lat' dir='ltr'><strong>ob</strong></span> <span class='ocrx_word' id='word_1_198' title='bbox 814 2531 892 2594; x_wconf 88' lang='lat' dir='ltr'><strong>quas</strong></span> <span class='ocrx_word' id='word_1_199' title='bbox 906 2508 975 2585; x_wconf 84' lang='lat' dir='ltr'><strong>illi,</strong></span> <span class='ocrx_word' id='word_1_200' title='bbox 1000 2510 1033 2572; x_wconf 92' lang='lat' dir='ltr'><strong>ui</strong></span> <span class='ocrx_word' id='word_1_201' title='bbox 1048 2509 1112 2572; x_wconf 91' lang='lat' dir='ltr'><strong>suis</strong></span> <span class='ocrx_word' id='word_1_202' title='bbox 1127 2530 1175 2572; x_wconf 93' lang='lat' dir='ltr'><strong>se·</strong></span> 
     </span>
     <span class='ocr_line' id='line_1_27' title="bbox 136 2591 1175 2678; baseline 0.002 -22"><span class='ocrx_word' id='word_1_203' title='bbox 136 2591 228 2657; x_wconf 85' lang='lat' dir='ltr'><strong>dibus</strong></span> <span class='ocrx_word' id='word_1_204' title='bbox 242 2591 457 2677; x_wconf 83' lang='lat' dir='ltr'><strong>pellebantur,</strong></span> <span class='ocrx_word' id='word_1_205' title='bbox 473 2592 568 2658; x_wconf 86' lang='lat' dir='ltr'><strong>urbes</strong></span> <span class='ocrx_word' id='word_1_206' title='bbox 584 2593 776 2658; x_wconf 82' lang='lat' dir='ltr'><strong>condebant.</strong></span> <span class='ocrx_word' id='word_1_207' title='bbox 822 2594 905 2659; x_wconf 87' lang='lat' dir='ltr'><strong>Nam</strong></span> <span class='ocrx_word' id='word_1_208' title='bbox 925 2606 958 2658; x_wconf 89' lang='lat' dir='ltr'><strong>et</strong></span> <span class='ocrx_word' id='word_1_209' title='bbox 1036 2594 1104 2674; x_wconf 90' lang='lat' dir='ltr'><strong>otii,</strong></span> <span class='ocrx_word' id='word_1_210' title='bbox 1120 2595 1175 2678; x_wconf 93' lang='lat' dir='ltr'><strong>qui</strong></span> 
     </span>
     <span class='ocr_line' id='line_1_28' title="bbox 136 2677 1173 2767; baseline 0.001 -25"><span class='ocrx_word' id='word_1_211' title='bbox 136 2677 443 2764; x_wconf 86' lang='lat' dir='ltr'><strong>nuncnppellantur,</strong></span> <span class='ocrx_word' id='word_1_212' title='bbox 455 2677 649 2763; x_wconf 86' lang='lat' dir='ltr'><strong>sexagesimo</strong></span> <span class='ocrx_word' id='word_1_213' title='bbox 658 2691 730 2764; x_wconf 90' lang='lat' dir='ltr'><strong>post</strong></span> <span class='ocrx_word' id='word_1_214' title='bbox 739 2679 791 2744; x_wconf 92' lang='lat' dir='ltr'><strong>llii</strong></span> <span class='ocrx_word' id='word_1_215' title='bbox 799 2680 1068 2767; x_wconf 87' lang='lat' dir='ltr'><strong>expugnationem</strong></span> <span class='ocrx_word' id='word_1_216' title='bbox 1078 2701 1173 2758; x_wconf 87' lang='lat' dir='ltr'><strong>anno,</strong></span> 
     </span>
     <span class='ocr_line' id='line_1_29' title="bbox 137 2763 1176 2853; baseline 0.002 -24"><span class='ocrx_word' id='word_1_217' title='bbox 137 2765 224 2830; x_wconf 86' lang='lat' dir='ltr'><strong>Arne</strong></span> <span class='ocrx_word' id='word_1_218' title='bbox 253 2787 274 2828; x_wconf 87' lang='lat' dir='ltr'><strong>a</strong></span> <span class='ocrx_word' id='word_1_219' title='bbox 298 2763 459 2846; x_wconf 86' lang='lat' dir='ltr'><strong>Thessalis</strong></span> <span class='ocrx_word' id='word_1_220' title='bbox 483 2763 578 2850; x_wconf 89' lang='lat' dir='ltr'><strong>pulsi,</strong></span> <span class='ocrx_word' id='word_1_221' title='bbox 605 2787 678 2830; x_wconf 89' lang='lat' dir='ltr'><strong>eum</strong></span> <span class='ocrx_word' id='word_1_222' title='bbox 702 2788 718 2828; x_wconf 86' lang='lat' dir='ltr'><strong>a</strong></span> <span class='ocrx_word' id='word_1_223' title='bbox 743 2787 826 2844; x_wconf 85' lang='lat' dir='ltr'><strong>rum,</strong></span> <span class='ocrx_word' id='word_1_224' title='bbox 852 2769 905 2852; x_wconf 92' lang='lat' dir='ltr'><strong>qui</strong></span> <span class='ocrx_word' id='word_1_225' title='bbox 934 2788 1020 2831; x_wconf 91' lang='lat' dir='ltr'><strong>nunc</strong></span> <span class='ocrx_word' id='word_1_226' title='bbox 1045 2766 1176 2853; x_wconf 89' lang='lat' dir='ltr'><strong>quidem</strong></span> 
     </span>
     <span class='ocr_line' id='line_1_30' title="bbox 139 2788 1175 2937; baseline 0 -21"><span class='ocrx_word' id='word_1_227' title='bbox 139 2849 283 2916; x_wconf 81' lang='lat' dir='ltr'><strong>Boeouus</strong></span> <span class='ocrx_word' id='word_1_228' title='bbox 309 2863 453 2930; x_wconf 86' lang='lat' dir='ltr'><strong>vocatur,</strong></span> <span class='ocrx_word' id='word_1_229' title='bbox 474 2861 548 2916; x_wconf 86' lang='lat' dir='ltr'><strong>aute</strong></span> <span class='ocrx_word' id='word_1_230' title='bbox 570 2872 645 2915; x_wconf 86' lang='lat' dir='ltr'><strong>vero</strong></span> <span class='ocrx_word' id='word_1_231' title='bbox 669 2788 841 2930; x_wconf 65' lang='lat' dir='ltr'><strong>Cadmeas,</strong></span> <span class='ocrx_word' id='word_1_232' title='bbox 865 2852 1075 2918; x_wconf 88' lang='lat' dir='ltr'><strong>incoluerunt.</strong></span> <span class='ocrx_word' id='word_1_233' title='bbox 1121 2853 1175 2937; x_wconf 91' lang='lat' dir='ltr'><strong>(ln</strong></span> 
     </span>
     <span class='ocr_line' id='line_1_31' title="bbox 138 2935 1175 3026; baseline 0.002 -26"><span class='ocrx_word' id='word_1_234' title='bbox 138 2937 197 3001; x_wconf 90' lang='lat' dir='ltr'><strong>boc</strong></span> <span class='ocrx_word' id='word_1_235' title='bbox 212 2949 322 3002; x_wconf 88' lang='lat' dir='ltr'><strong>autem</strong></span> <span class='ocrx_word' id='word_1_236' title='bbox 333 2957 413 3024; x_wconf 85' lang='lat' dir='ltr'><strong>agro</strong></span> <span class='ocrx_word' id='word_1_237' title='bbox 434 2935 510 3000; x_wconf 90' lang='lat' dir='ltr'><strong>olim</strong></span> <span class='ocrx_word' id='word_1_238' title='bbox 524 2949 594 3000; x_wconf 83' lang='lat' dir='ltr'><strong>erat</strong></span> <span class='ocrx_word' id='word_1_239' title='bbox 614 2949 647 3001; x_wconf 95' lang='lat' dir='ltr'><strong>et</strong></span> <span class='ocrx_word' id='word_1_240' title='bbox 667 2937 813 3024; x_wconf 85' lang='lat' dir='ltr'><strong>quaedam</strong></span> <span class='ocrx_word' id='word_1_241' title='bbox 828 2941 933 3026; x_wconf 87' lang='lat' dir='ltr'><strong>gentis</strong></span> <span class='ocrx_word' id='word_1_242' title='bbox 948 2938 1087 3004; x_wconf 84' lang='lat' dir='ltr'><strong>Boeotiss</strong></span> <span class='ocrx_word' id='word_1_243' title='bbox 1101 2961 1175 3024; x_wconf 86' lang='lat' dir='ltr'><strong>por·</strong></span> 
     </span>
     <span class='ocr_line' id='line_1_32' title="bbox 139 3021 1174 3110; baseline -0.002 -22"><span class='ocrx_word' id='word_1_244' title='bbox 139 3023 193 3101; x_wconf 87' lang='lat' dir='ltr'><strong>tio,</strong></span> <span class='ocrx_word' id='word_1_245' title='bbox 222 3021 313 3088; x_wconf 83' lang='lat' dir='ltr'><strong>unde</strong></span> <span class='ocrx_word' id='word_1_246' title='bbox 340 3021 504 3088; x_wconf 82' lang='lat' dir='ltr'><strong>etiamad</strong></span> <span class='ocrx_word' id='word_1_247' title='bbox 527 3021 622 3087; x_wconf 90' lang='lat' dir='ltr'><strong>llium</strong></span> <span class='ocrx_word' id='word_1_248' title='bbox 645 3045 718 3088; x_wconf 89' lang='lat' dir='ltr'><strong>cum</strong></span> <span class='ocrx_word' id='word_1_249' title='bbox 742 3026 882 3090; x_wconf 86' lang='lat' dir='ltr'><strong>exercitu</strong></span> <span class='ocrx_word' id='word_1_250' title='bbox 913 3039 987 3090; x_wconf 90' lang='lat' dir='ltr'><strong>suut</strong></span> <span class='ocrx_word' id='word_1_251' title='bbox 1016 3024 1174 3110; x_wconf 84' lang='lat' dir='ltr'><strong>profecti).</strong></span> 
     </span>
     <span class='ocr_line' id='line_1_33' title="bbox 140 3107 1175 3194; baseline 0.002 -22"><span class='ocrx_word' id='word_1_252' title='bbox 140 3107 182 3173; x_wconf 88' lang='lat' dir='ltr'><strong>Et</strong></span> <span class='ocrx_word' id='word_1_253' title='bbox 196 3109 372 3174; x_wconf 88' lang='lat' dir='ltr'><strong>Dorienses</strong></span> <span class='ocrx_word' id='word_1_254' title='bbox 394 3110 590 3194; x_wconf 88' lang='lat' dir='ltr'><strong>octogesimo</strong></span> <span class='ocrx_word' id='word_1_255' title='bbox 605 3119 680 3192; x_wconf 83' lang='lat' dir='ltr'><strong>post</strong></span> <span class='ocrx_word' id='word_1_256' title='bbox 701 3108 823 3194; x_wconf 77' lang='lat' dir='ltr'><strong>Trq‘cm</strong></span> <span class='ocrx_word' id='word_1_257' title='bbox 845 3122 967 3193; x_wconf 86' lang='lat' dir='ltr'><strong>captam</strong></span> <span class='ocrx_word' id='word_1_258' title='bbox 990 3133 1085 3188; x_wconf 89' lang='lat' dir='ltr'><strong>anuo,</strong></span> <span class='ocrx_word' id='word_1_259' title='bbox 1102 3132 1175 3174; x_wconf 91' lang='lat' dir='ltr'><strong>cum</strong></span> 
     </span>
     <span class='ocr_line' id='line_1_34' title="bbox 140 3193 1176 3283; baseline -0.001 -23"><span class='ocrx_word' id='word_1_260' title='bbox 140 3193 324 3261; x_wconf 82' lang='lat' dir='ltr'><strong>Heraclidis</strong></span> <span class='ocrx_word' id='word_1_261' title='bbox 336 3193 590 3279; x_wconf 87' lang='lat' dir='ltr'><strong>Peloponnesum</strong></span> <span class='ocrx_word' id='word_1_262' title='bbox 602 3207 742 3260; x_wconf 88' lang='lat' dir='ltr'><strong>tenuere.</strong></span> <span class='ocrx_word' id='word_1_263' title='bbox 765 3196 894 3282; x_wconf 84' lang='lat' dir='ltr'><strong>Vixque</strong></span> <span class='ocrx_word' id='word_1_264' title='bbox 904 3196 1002 3283; x_wconf 87' lang='lat' dir='ltr'><strong>longo</strong></span> <span class='ocrx_word' id='word_1_265' title='bbox 1013 3208 1086 3282; x_wconf 92' lang='lat' dir='ltr'><strong>post</strong></span> <span class='ocrx_word' id='word_1_266' title='bbox 1097 3209 1176 3261; x_wconf 88' lang='lat' dir='ltr'><strong>tern-</strong></span> 
     </span>
     <span class='ocr_line' id='line_1_35' title="bbox 139 3281 1174 3430; baseline 0.002 -86"><span class='ocrx_word' id='word_1_267' title='bbox 139 3302 217 3366; x_wconf 89' lang='lat' dir='ltr'><strong>pore</strong></span> <span class='ocrx_word' id='word_1_268' title='bbox 231 3281 609 3430; x_wconf 70' lang='lat' dir='ltr'><strong>Graeciaplanelpacats,</strong></span> <span class='ocrx_word' id='word_1_269' title='bbox 627 3302 686 3346; x_wconf 87' lang='lat' dir='ltr'><strong>uec</strong></span> <span class='ocrx_word' id='word_1_270' title='bbox 701 3281 772 3346; x_wconf 91' lang='lat' dir='ltr'><strong>ullis</strong></span> <span class='ocrx_word' id='word_1_271' title='bbox 785 3305 905 3348; x_wconf 74' lang='lat' dir='ltr'><strong>suoram</strong></span> <span class='ocrx_word' id='word_1_272' title='bbox 920 3284 1045 3348; x_wconf 64' lang='lat' dir='ltr'><strong>membru</strong></span> <span class='ocrx_word' id='word_1_273' title='bbox 1059 3283 1174 3358; x_wconf 87' lang='lat' dir='ltr'><strong>excita,</strong></span> 
     </span>
     <span class='ocr_line' id='line_1_36' title="bbox 141 3366 1177 3455; baseline 0.002 -23"><span class='ocrx_word' id='word_1_274' title='bbox 141 3367 279 3432; x_wconf 84' lang='lat' dir='ltr'><strong>colonias</strong></span> <span class='ocrx_word' id='word_1_275' title='bbox 301 3367 414 3432; x_wconf 90' lang='lat' dir='ltr'><strong>emisit.</strong></span> <span class='ocrx_word' id='word_1_276' title='bbox 507 3381 519 3430; x_wconf 91' lang='lat' dir='ltr'><strong>t</strong></span> <span class='ocrx_word' id='word_1_277' title='bbox 548 3366 758 3432; x_wconf 89' lang='lat' dir='ltr'><strong>Athenienses</strong></span> <span class='ocrx_word' id='word_1_278' title='bbox 779 3367 906 3455; x_wconf 89' lang='lat' dir='ltr'><strong>quidem</strong></span> <span class='ocrx_word' id='word_1_279' title='bbox 929 3370 963 3433; x_wconf 91' lang='lat' dir='ltr'><strong>iu</strong></span> <span class='ocrx_word' id='word_1_280' title='bbox 986 3369 1122 3447; x_wconf 84' lang='lat' dir='ltr'><strong>Iuniam,</strong></span> <span class='ocrx_word' id='word_1_281' title='bbox 1145 3381 1177 3434; x_wconf 90' lang='lat' dir='ltr'><strong>et</strong></span> 
     </span>
     <span class='ocr_line' id='line_1_37' title="bbox 139 3451 1176 3540; baseline 0 -22"><span class='ocrx_word' id='word_1_282' title='bbox 139 3451 257 3519; x_wconf 88' lang='lat' dir='ltr'><strong>bonam</strong></span> <span class='ocrx_word' id='word_1_283' title='bbox 273 3451 451 3518; x_wconf 89' lang='lat' dir='ltr'><strong>insularum</strong></span> <span class='ocrx_word' id='word_1_284' title='bbox 474 3464 595 3537; x_wconf 86' lang='lat' dir='ltr'><strong>partem</strong></span> <span class='ocrx_word' id='word_1_285' title='bbox 611 3452 751 3520; x_wconf 89' lang='lat' dir='ltr'><strong>colonias</strong></span> <span class='ocrx_word' id='word_1_286' title='bbox 776 3455 950 3532; x_wconf 83' lang='lat' dir='ltr'><strong>miserunt3</strong></span> <span class='ocrx_word' id='word_1_287' title='bbox 976 3455 1176 3540; x_wconf 91' lang='lat' dir='ltr'><strong>Peloponne-</strong></span> 
     </span>
     <span class='ocr_line' id='line_1_38' title="bbox 141 3538 1176 3626; baseline 0.002 -22"><span class='ocrx_word' id='word_1_288' title='bbox 141 3538 178 3604; x_wconf 84' lang='lat' dir='ltr'><strong>sii</strong></span> <span class='ocrx_word' id='word_1_289' title='bbox 200 3561 278 3604; x_wconf 84' lang='lat' dir='ltr'><strong>sero</strong></span> <span class='ocrx_word' id='word_1_290' title='bbox 302 3538 335 3603; x_wconf 89' lang='lat' dir='ltr'><strong>in</strong></span> <span class='ocrx_word' id='word_1_291' title='bbox 367 3538 503 3616; x_wconf 85' lang='lat' dir='ltr'><strong>ltaliam,</strong></span> <span class='ocrx_word' id='word_1_292' title='bbox 527 3553 559 3604; x_wconf 91' lang='lat' dir='ltr'><strong>et</strong></span> <span class='ocrx_word' id='word_1_293' title='bbox 587 3539 760 3606; x_wconf 84' lang='lat' dir='ltr'><strong>maximam</strong></span> <span class='ocrx_word' id='word_1_294' title='bbox 792 3540 908 3606; x_wconf 83' lang='lat' dir='ltr'><strong>Siciliae</strong></span> <span class='ocrx_word' id='word_1_295' title='bbox 930 3554 1064 3626; x_wconf 86' lang='lat' dir='ltr'><strong>partem,</strong></span> <span class='ocrx_word' id='word_1_296' title='bbox 1088 3543 1176 3606; x_wconf 90' lang='lat' dir='ltr'><strong>etin</strong></span> 
     </span>
     <span class='ocr_line' id='line_1_39' title="bbox 141 3624 1176 3712; baseline 0.002 -22"><span class='ocrx_word' id='word_1_297' title='bbox 141 3624 290 3712; x_wconf 81' lang='lat' dir='ltr'><strong>quaedam</strong></span> <span class='ocrx_word' id='word_1_298' title='bbox 306 3624 435 3710; x_wconf 84' lang='lat' dir='ltr'><strong>reliquae</strong></span> <span class='ocrx_word' id='word_1_299' title='bbox 456 3625 594 3690; x_wconf 77' lang='lat' dir='ltr'><strong>Graecias</strong></span> <span class='ocrx_word' id='word_1_300' title='bbox 609 3625 689 3691; x_wconf 87' lang='lat' dir='ltr'><strong>loca.</strong></span> <span class='ocrx_word' id='word_1_301' title='bbox 736 3627 799 3692; x_wconf 90' lang='lat' dir='ltr'><strong>Sed</strong></span> <span class='ocrx_word' id='word_1_302' title='bbox 823 3649 933 3692; x_wconf 91' lang='lat' dir='ltr'><strong>omnes</strong></span> <span class='ocrx_word' id='word_1_303' title='bbox 956 3627 1026 3694; x_wconf 83' lang='lat' dir='ltr'><strong>istae</strong></span> <span class='ocrx_word' id='word_1_304' title='bbox 1041 3627 1176 3693; x_wconf 82' lang='lat' dir='ltr'><strong>coloniae</strong></span> 
     </span>
     <span class='ocr_line' id='line_1_40' title="bbox 140 3710 1092 3800; baseline 0.002 -25"><span class='ocrx_word' id='word_1_305' title='bbox 140 3726 214 3797; x_wconf 90' lang='lat' dir='ltr'><strong>post</strong></span> <span class='ocrx_word' id='word_1_306' title='bbox 228 3710 348 3776; x_wconf 88' lang='lat' dir='ltr'><strong>bellum</strong></span> <span class='ocrx_word' id='word_1_307' title='bbox 366 3710 542 3796; x_wconf 85' lang='lat' dir='ltr'><strong>Trujunum</strong></span> <span class='ocrx_word' id='word_1_308' title='bbox 558 3713 591 3775; x_wconf 88' lang='lat' dir='ltr'><strong>in</strong></span> <span class='ocrx_word' id='word_1_309' title='bbox 606 3711 662 3778; x_wconf 89' lang='lat' dir='ltr'><strong>bas</strong></span> <span class='ocrx_word' id='word_1_310' title='bbox 678 3713 821 3800; x_wconf 84' lang='lat' dir='ltr'><strong>regiones</strong></span> <span class='ocrx_word' id='word_1_311' title='bbox 836 3713 939 3778; x_wconf 85' lang='lat' dir='ltr'><strong>missae</strong></span> <span class='ocrx_word' id='word_1_312' title='bbox 954 3712 1092 3778; x_wconf 83' lang='lat' dir='ltr'><strong>fuerunt.</strong></span> 
     </span>
    </p>

    <p class='ocr_par' dir='ltr' id='par_1_5' title="bbox 141 3795 1182 4405">
     <span class='ocr_line' id='line_1_41' title="bbox 188 3795 1178 3886; baseline 0.003 -24"><span class='ocrx_word' id='word_1_313' title='bbox 188 3807 239 3864; x_wconf 81' lang='grc'><strong>13.</strong></span> <span class='ocrx_word' id='word_1_314' title='bbox 265 3795 329 3864; x_wconf 85' lang='lat' dir='ltr'><strong>Sed</strong></span> <span class='ocrx_word' id='word_1_315' title='bbox 345 3818 417 3862; x_wconf 91' lang='lat' dir='ltr'><strong>cum</strong></span> <span class='ocrx_word' id='word_1_316' title='bbox 434 3797 563 3863; x_wconf 85' lang='lat' dir='ltr'><strong>Groecia</strong></span> <span class='ocrx_word' id='word_1_317' title='bbox 582 3799 755 3883; x_wconf 86' lang='lat' dir='ltr'><strong>potentiam</strong></span> <span class='ocrx_word' id='word_1_318' title='bbox 774 3800 960 3886; x_wconf 86' lang='lat' dir='ltr'><strong>ampliorem</strong></span> <span class='ocrx_word' id='word_1_319' title='bbox 972 3799 1042 3883; x_wconf 84' lang='lat' dir='ltr'><strong>jam</strong></span> <span class='ocrx_word' id='word_1_320' title='bbox 1061 3800 1178 3886; x_wconf 88' lang='lat' dir='ltr'><strong>adepta</strong></span> 
     </span>
     <span class='ocr_line' id='line_1_42' title="bbox 141 3882 1178 3988; baseline 0.005 -42"><span class='ocrx_word' id='word_1_321' title='bbox 141 3882 260 3960; x_wconf 85' lang='lat' dir='ltr'><strong>fuisset,</strong></span> <span class='ocrx_word' id='word_1_322' title='bbox 283 3897 316 3948; x_wconf 90' lang='lat' dir='ltr'><strong>et</strong></span> <span class='ocrx_word' id='word_1_323' title='bbox 325 3884 533 3967; x_wconf 86' lang='lat' dir='ltr'><strong>pecuniarum</strong></span> <span class='ocrx_word' id='word_1_324' title='bbox 546 3884 609 3950; x_wconf 89' lang='lat' dir='ltr'><strong>vim</strong></span> <span class='ocrx_word' id='word_1_325' title='bbox 625 3885 720 3988; x_wconf 86' lang='lat' dir='ltr'><strong>longe</strong></span> <span class='ocrx_word' id='word_1_326' title='bbox 730 3887 893 3971; x_wconf 87' lang='lat' dir='ltr'><strong>majorem,</strong></span> <span class='ocrx_word' id='word_1_327' title='bbox 910 3908 1005 3972; x_wconf 85' lang='lat' dir='ltr'><strong>quem</strong></span> <span class='ocrx_word' id='word_1_328' title='bbox 1017 3897 1108 3965; x_wconf 76' lang='lat' dir='ltr'><strong>ante,</strong></span> <span class='ocrx_word' id='word_1_329' title='bbox 1118 3887 1178 3952; x_wconf 87' lang='lat' dir='ltr'><strong>sibi</strong></span> 
     </span>
     <span class='ocr_line' id='line_1_43' title="bbox 143 3971 1179 4058; baseline 0.005 -26"><span class='ocrx_word' id='word_1_330' title='bbox 143 3983 368 4056; x_wconf 82' lang='lat' dir='ltr'><strong>comparasset,</strong></span> <span class='ocrx_word' id='word_1_331' title='bbox 391 3971 598 4053; x_wconf 87' lang='lat' dir='ltr'><strong>proventibus</strong></span> <span class='ocrx_word' id='word_1_332' title='bbox 616 3985 732 4049; x_wconf 81' lang='lat' dir='ltr'><strong>suct1s3</strong></span> <span class='ocrx_word' id='word_1_333' title='bbox 755 3976 802 4036; x_wconf 84' lang='lat' dir='ltr'><strong>ita</strong></span> <span class='ocrx_word' id='word_1_334' title='bbox 818 3975 932 4038; x_wconf 55' lang='lat' dir='ltr'><strong>&amp;mum</strong></span> <span class='ocrx_word' id='word_1_335' title='bbox 948 3973 1131 4058; x_wconf 82' lang='lat' dir='ltr'><strong>tyrannides</strong></span> <span class='ocrx_word' id='word_1_336' title='bbox 1145 3974 1179 4037; x_wconf 92' lang='lat' dir='ltr'><strong>in</strong></span> 
     </span>
     <span class='ocr_line' id='line_1_44' title="bbox 143 4055 1180 4146; baseline 0.004 -26"><span class='ocrx_word' id='word_1_337' title='bbox 143 4055 222 4142; x_wconf 86' lang='lat' dir='ltr'><strong>pler‘</strong></span> <span class='ocrx_word' id='word_1_338' title='bbox 265 4077 305 4122; x_wconf 90' lang='lat' dir='ltr'><strong>ue</strong></span> <span class='ocrx_word' id='word_1_339' title='bbox 331 4056 511 4122; x_wconf 83' lang='lat' dir='ltr'><strong>civitatibus</strong></span> <span class='ocrx_word' id='word_1_340' title='bbox 540 4070 615 4122; x_wconf 89' lang='lat' dir='ltr'><strong>sunt</strong></span> <span class='ocrx_word' id='word_1_341' title='bbox 639 4059 840 4134; x_wconf 84' lang='lat' dir='ltr'><strong>constitutae3</strong></span> <span class='ocrx_word' id='word_1_342' title='bbox 865 4063 951 4142; x_wconf 87' lang='lat' dir='ltr'><strong>(ante</strong></span> <span class='ocrx_word' id='word_1_343' title='bbox 972 4060 1057 4123; x_wconf 88' lang='lat' dir='ltr'><strong>enim</strong></span> <span class='ocrx_word' id='word_1_344' title='bbox 1080 4081 1180 4146; x_wconf 85' lang='lat' dir='ltr'><strong>regne</strong></span> 
     </span>
     <span class='ocr_line' id='line_1_45' title="bbox 143 4141 1181 4228; baseline 0.001 -20"><span class='ocrx_word' id='word_1_345' title='bbox 143 4155 236 4208; x_wconf 78' lang='lat' dir='ltr'><strong>eram</strong></span> <span class='ocrx_word' id='word_1_346' title='bbox 305 4141 467 4222; x_wconf 80' lang='lat' dir='ltr'><strong>redituris,</strong></span> <span class='ocrx_word' id='word_1_347' title='bbox 489 4158 522 4206; x_wconf 90' lang='lat' dir='ltr'><strong>et</strong></span> <span class='ocrx_word' id='word_1_348' title='bbox 536 4143 629 4208; x_wconf 84' lang='lat' dir='ltr'><strong>certis</strong></span> <span class='ocrx_word' id='word_1_349' title='bbox 643 4142 817 4210; x_wconf 89' lang='lat' dir='ltr'><strong>honoribus</strong></span> <span class='ocrx_word' id='word_1_350' title='bbox 831 4145 994 4228; x_wconf 81' lang='lat' dir='ltr'><strong>definits3)</strong></span> <span class='ocrx_word' id='word_1_351' title='bbox 1019 4157 1051 4212; x_wconf 91' lang='lat' dir='ltr'><strong>et</strong></span> <span class='ocrx_word' id='word_1_352' title='bbox 1072 4145 1181 4210; x_wconf 72' lang='lat' dir='ltr'><strong>Graeci</strong></span> 
     </span>
     <span class='ocr_line' id='line_1_46' title="bbox 143 4227 1182 4316; baseline 0.006 -26"><span class='ocrx_word' id='word_1_353' title='bbox 143 4227 274 4294; x_wconf 87' lang='lat' dir='ltr'><strong>classem</strong></span> <span class='ocrx_word' id='word_1_354' title='bbox 290 4251 414 4313; x_wconf 84' lang='lat' dir='ltr'><strong>parare,</strong></span> <span class='ocrx_word' id='word_1_355' title='bbox 436 4229 592 4316; x_wconf 87' lang='lat' dir='ltr'><strong>rebusque</strong></span> <span class='ocrx_word' id='word_1_356' title='bbox 607 4231 773 4296; x_wconf 78' lang='lat' dir='ltr'><strong>maritimis</strong></span> <span class='ocrx_word' id='word_1_357' title='bbox 784 4253 912 4316; x_wconf 86' lang='lat' dir='ltr'><strong>operam</strong></span> <span class='ocrx_word' id='word_1_358' title='bbox 924 4231 1094 4296; x_wconf 89' lang='lat' dir='ltr'><strong>studiosius</strong></span> <span class='ocrx_word' id='word_1_359' title='bbox 1105 4231 1182 4296; x_wconf 88' lang='lat' dir='ltr'><strong>dare</strong></span> 
     </span>
     <span class='ocr_line' id='line_1_47' title="bbox 144 4315 1182 4405; baseline 0.005 -27"><span class='ocrx_word' id='word_1_360' title='bbox 144 4330 327 4405; x_wconf 26' lang='lat' dir='ltr'><strong>eruperunt..</strong></span> <span class='ocrx_word' id='word_1_361' title='bbox 366 4315 525 4384; x_wconf 79' lang='lat' dir='ltr'><strong>Corinthii</strong></span> <span class='ocrx_word' id='word_1_362' title='bbox 540 4329 646 4382; x_wconf 86' lang='lat' dir='ltr'><strong>autem</strong></span> <span class='ocrx_word' id='word_1_363' title='bbox 662 4318 757 4400; x_wconf 85' lang='lat' dir='ltr'><strong>primi</strong></span> <span class='ocrx_word' id='word_1_364' title='bbox 771 4317 915 4384; x_wconf 82' lang='lat' dir='ltr'><strong>leuantur</strong></span> <span class='ocrx_word' id='word_1_365' title='bbox 929 4319 1110 4384; x_wconf 81' lang='lat' dir='ltr'><strong>immutasse</strong></span> <span class='ocrx_word' id='word_1_366' title='bbox 1125 4339 1182 4383; x_wconf 84' lang='lat' dir='ltr'><strong>rra-</strong></span> 
     </span>
    </p>

    <p class='ocr_par' dir='ltr' id='par_1_6' title="bbox 637 4413 694 4468">
     <span class='ocr_line' id='line_1_48' title="bbox 637 4413 694 4468; baseline 0 0"><span class='ocrx_word' id='word_1_367' title='bbox 637 4423 658 4468; x_wconf 81' lang='lat'><strong>13</strong></span> <span class='ocrx_word' id='word_1_368' title='bbox 675 4413 694 4468; x_wconf 80' lang='lat'><em>4</em></span> 
     </span>
    </p>
   </div>
   <div class='ocr_carea' id='block_1_4' title="bbox 0 0 1523 4782">
    <p class='ocr_par' dir='ltr' id='par_1_7' title="bbox 0 0 1523 4782">
     <span class='ocr_line' id='line_1_49' title="bbox 0 0 1523 4782; baseline 0 0"><span class='ocrx_word' id='word_1_369' title='bbox 0 0 1523 4782; x_wconf 95' lang='lat' dir='ltr'><strong> </strong></span> 
     </span>
    </p>
   </div>
  </div>
 </body>
</html>
