2964 4786
346 325 411 390 sn
716 309 1020 385 Tuncrmnrs
1085 403 1093 420 Ι

251 504 313 556 seu
345 501 410 568 tur,
426 489 572 574 protinus
592 507 635 554 ex
658 488 832 575 improviso
856 491 1032 554 irruentem
1054 497 1087 553 et
1100 487 1241 552 maxima
1261 488 1312 552 ira
1325 489 1389 552 im·

242 571 325 632 “¹⁰¹’-
345 577 440 662 puisi,
456 575 509 640 hic
518 573 647 661 quidem
659 595 700 638 ex
711 595 831 655 amore,
843 575 896 641 iile
909 592 987 640 vero
1000 585 1133 662 propter
1146 573 1389 653 contumeliam,

232 635 332 762 ὄζὲέ
347 683 411 763 qna
424 660 529 764 iuerat
541 659 680 739 affectus,
691 661 796 763 ipsum
808 661 934 740 feriunt,
949 661 1156 762 ‘etoccidnnt-
1201 659 1246 762 Et
1261 660 1390 724 Aristo·

243 764 285 813 sl.
297 763 321 812 ι.
381 761 437 812 ton
459 747 588 849 quidem
605 767 668 850 per
688 747 835 814 satelhtes
849 771 867 814 a
881 761 1014 834 vestigio
1032 745 1109 834 fuga
1125 757 1242 824 eras1t3
1265 765 1390 824 rerum,

243 827 319 940 tt
347 829 1392 1004 ,rurussusumsessurum

253 953 311 1004 Q.

347 1005 468 1072 occisus
483 1019 542 1072 est.

391 1100 444 1160 58.
467 1090 553 1156 Cum
578 1103 685 1157 sutem
714 1089 847 1156 nuntius
874 1090 918 1156 sd
940 1089 989 1156 Hi
1036 1090 1097 1153 ism
1122 1089 1156 1154 in
1179 1087 1390 1154 ceramicum

347 1173 461 1244 allatus
481 1175 601 1254 fuisset,
617 1197 682 1241 non
703 1175 745 1240 ad
766 1175 810 1256 id,
827 1177 915 1264 qnod
936 1177 1003 1242 aeci
1027 1187 1105 1252 erat,
1120 1173 1175 1240 scd
1195 1173 1238 1239 ad
1261 1195 1394 1261 pompas

348 1263 498 1329 ductores
518 1275 668 1343 armatos,
682 1263 866 1348 prinsquam
880 1261 927 1326 iili
940 1283 1003 1327 rem
1018 1262 1231 1338 resciscerent,
1247 1260 1394 1348 longius·

348 1349 419 1415 onie
439 1350 594 1426 absentes,
609 1349 776 1413 confestim
792 1371 827 1414 se
840 1349 1012 1414 convertit:
1036 1345 1189 1433 vultuque
1203 1346 1246 1411 ad
1262 1347 1394 1413 calami·

349 1447 447 1500 tatem
462 1433 723 1498 dissimulandam
739 1435 925 1519 composito,
942 1435 1047 1498 locum
1062 1432 1222 1519 quendam
1238 1434 1395 1513 ostendit,

261 1557 265 1564 ,
348 1519 425 1585 etin
439 1517 530 1584 iilum
545 1521 612 1586 sine
626 1521 723 1585 armis
742 1519 911 1585 abscedere
930 1519 1035 1606 jussit.
1082 1517 1185 1583 Erilli
1200 1519 1337 1605 quidem
1359 1543 1395 1585 eo

348 1627 381 1668 se
396 1619 595 1690 receperunt,
610 1607 835 1684 existimantes,
852 1605 942 1670 iilum
964 1603 1085 1692 ahquid
1104 1604 1281 1670 dicturum.
1336 1606 1395 1670 Ille

347 1711 425 1758 vero
435 1691 620 1756 satellitibus
635 1695 806 1776 imperans,
821 1702 858 1756 nt
879 1711 969 1756 arma
991 1689 1226 1770 subtraherent,
1243 1693 1395 1776 protinus

347 1796 402 1842 eos
423 1777 551 1865 delegit,
567 1797 648 1864 quos
672 1777 876 1843 insimulabat
889 1779 1041 1858 criminis,
1055 1789 1087 1842 et
1101 1775 1128 1840 si
1165 1778 1215 1842 uis
1234 1799 1315 1842 oum
1335 1799 1393 1864 pn·

346 1863 764 1950 gionedeprehensusesset.
811 1863 897 1929 Nam
908 1883 982 1930 curn
997 1879 1090 1930 scuto
1105 1876 1138 1928 et
1256 1883 1394 1952 pompas

346 1951 497 2036 prosequi
511 1961 750 2015 consueverant.

391 2044 444 2102 59.
470 2033 544 2100 Hoc
553 2036 765 2123 igiturmodm
778 2045 911 2121 propter
921 2035 1107 2100 amatoriam
1120 2033 1187 2098 indi
1235 2036 1391 2114 ationem,

346 2133 379 2186 et
392 2121 619 2207 oonjurationis
642 2122 767 2187 initium
786 2119 905 2186 factum
920 2133 978 2199 est,
994 2132 1026 2185 et
1047 2117 1155 2185 audax
1170 2119 1192 2184 ii
1207 2121 1252 2185 ud
1268 2121 1393 2187 facinus

344 2221 479 2292 propter
502 2209 704 2290 repentinum
727 2220 847 2272 metum
863 2207 905 2272 ab
920 2206 1105 2272 Harmodio
1119 2219 1152 2272 et
1167 2207 1395 2296 Aristogitone

345 2313 435 2356 susce
473 2313 525 2354 um
538 2303 598 2356 est.
646 2293 759 2357 Postea
773 2313 850 2357 reso
871 2293 1014 2378 tyrannis
1029 2293 1285 2360 Atheniensibus
1300 2315 1394 2380 aspe-

343 2378 412 2442 rior
425 2306 495 2442 dih.
541 2377 584 2442 Et
600 2377 818 2464 Hippiasjam
830 2377 891 2443 sibi
903 2391 1046 2444 metuens
1056 2378 1289 2459 vehementius,
1299 2403 1393 2466 quem

345 2473 428 2540 ante,
445 2463 561 2529 multos
582 2467 666 2530 cives
685 2461 853 2541 interiecit,
869 2475 902 2529 et
923 2464 1019 2530 simu
1041 2464 1082 2531 ad
1107 2478 1243 2531 externa
1264 2469 1395 2531 antitis

344 2550 501 2635 respicere
514 2551 623 2636 erepit,
636 2553 662 2614 si
678 2549 756 2637 quid
769 2549 1068 2636 praeterissemus
1082 2551 1142 2615 sibi
1156 2563 1312 2636 paratum
1322 2573 1395 2616 oer-

344 2647 444 2711 neret,
468 2649 592 2700 mutato
617 2657 725 2701 rerum
751 2647 845 2700 statu.
891 2635 969 2700 Post
994 2635 1066 2701 haec
1087 2637 1187 2724 igitur
1207 2637 1392 2717 AEsntidoe,

346 2719 378 2783 H
384 2719 501 2803 ippocli
519 2721 810 2806 Lampsacenorum
825 2725 953 2807 tyranni
977 2721 1057 2803 filio,
1073 2722 1278 2789 Archedieen
1297 2745 1393 2788 suam

346 2803 454 2881 tiiiam,
477 2806 680 2872 Atheniensis
696 2807 927 2892 Lampsaceno,
943 2808 1030 2895 qnod
1056 2809 1141 2895 ipsos
1163 2810 1253 2895 apud
1275 2831 1394 2898 regem

345 2888 482 2954 Darium
507 2895 694 2958 auctoritate
714 2894 851 2958 muitum
873 2893 995 2980 pollere
1010 2895 1115 2972 sciret,
1131 2911 1271 2980 nuptum
1286 2895 1394 2962 dedit.

346 2975 397 3073 Ae
410 2975 510 3061 ipsius
525 2993 769 3046 monumentum
780 2979 950 3066 Lampsaci
965 2994 1078 3061 exstat,
1091 3003 1166 3048 cum
1176 2981 1395 3068 inscriptione
1474 3053 1475 3060 χ

345 3073 424 3126 istut

541 3179 639 3242 Hippia
650 3184 716 3241 apud
726 3185 822 3231 Grecos
833 3186 931 3232 laudern
943 3187 1041 3234 virtutis
1052 3190 1136 3249 adepti

573 3245 620 3292 Hic
631 3247 712 3306 putris
723 3251 815 3306 prolem
827 3249 934 3309 oontegit
945 3251 1107 3308 Archedisen,

539 3307 601 3362 Quae
612 3323 681 3370 reges
690 3311 785 3370 hbuit,
796 3321 901 3372 mtrem,
912 3314 1059 3376 fratresque,
1071 3317 1213 3378 virumque,

572 3371 605 3419 Er
616 3380 694 3428 natos,
703 3375 816 3436 haudque
826 3383 863 3424 est
874 3378 939 3426 tacta
950 3382 1054 3439 superba
1065 3386 1157 3428 umen.

345 3509 486 3596 Hippias
500 3525 616 3590 autem,
632 3535 705 3578 cnm
720 3528 784 3581 tres
798 3513 948 3601 deinceps
963 3541 1064 3585 annos
1079 3521 1279 3608 tyrannidem
1297 3525 1391 3612 apud

344 3595 554 3662 Athenienses
579 3597 775 3676 obtinuisset,
796 3614 827 3666 et
851 3616 965 3688 quarto
984 3627 1069 3670 anno
1083 3630 1103 3671 a
1118 3607 1392 3690 Lacedaemoniis,

343 3690 376 3743 et
390 3681 617 3748 Aicmaeonidis
642 3685 803 3751 exsulibus
832 3687 967 3771 imperio
992 3691 1147 3777 spoliatus
1175 3693 1301 3774 fuisset,
1329 3695 1395 3765 fide

342 3763 472 3862 publica
490 3767 666 3853 impetrata,
684 3772 826 3852 Sigeum,
841 3786 873 3838 et
888 3777 962 3840 inde
977 3776 1205 3863 Lampsacum,
1221 3779 1263 3846 ad
1279 3779 1393 3850 AEan-

342 3848 439 3914 trdem
455 3864 503 3916 est
513 3853 690 3938 proiectus:
713 3857 801 3923 iiiinc
812 3880 899 3936 vero,
911 3861 954 3925 ad
966 3885 1074 3950 regem
1090 3865 1241 3932 Darium.
1288 3867 1395 3936 Unde

340 3937 730 4092 ffiffihgffffiffffl‘}
743 3945 902 4025 vicesimo,
912 3947 980 4034 jam
996 3971 1103 4030 senex,
1119 3973 1195 4019 cum
1212 3949 1333 4022 Medis
1353 3957 1393 4022 ad

705 4051 713 4091 ι
731 4079 739 4094 .

385 4113 439 4173 60.
462 4106 547 4184 Qus
562 4124 711 4194 reputans
725 4135 769 4198 po
793 4116 864 4180 ulus
880 4117 1095 4202 Atheniensis,
1108 4136 1141 4188 et
1155 4124 1319 4190 memoria
1342 4150 1395 4192 re·

342 4199 460 4270 petens,
473 4215 672 4294 quacunque
685 4197 726 4264 dc
740 4133 803 4264 iris
816 4200 902 4268 fama
912 4220 1088 4291 acceperat,
1105 4221 1183 4276 tunc
1192 4233 1299 4276 saevus
1310 4229 1394 4294 erat,

342 4286 375 4336 ct
396 4277 583 4360 suspiciosus
598 4282 630 4346 in
645 4305 709 4363 sos,
723 4286 778 4372 qui
798 4287 837 4353 de
856 4295 1014 4376 mysteriis
1038 4294 1216 4364 insimulari
1237 4297 1394 4378 fueram
