2994 4788
433 269 679 356 russorum
703 271 793 342 ms.
817 271 878 338 rv.
1108 275 1172 366 en

125 440 275 529 sophron
303 443 384 528 dux,
418 443 578 520 obierunt.
624 442 779 534 Reliquus
807 465 882 514 vero
910 443 1082 524 exercitus,
1111 439 1174 510 hoc
1206 468 1270 524 mu,

126 527 245 607 moder
277 551 381 618 neque
401 529 494 605 hoste
510 531 710 600 vehementer
731 532 927 620 insequente,
949 553 1053 622 neque
1074 527 1179 599 effirse'
1195 531 1280 596 Ferop,

125 613 217 705 fuge,
233 630 400 706 postquem
421 620 556 709 pervim
572 617 632 694 fuit
645 633 784 698 coactus,
800 620 834 684 in
851 615 977 687 excelse
990 617 1060 682 loca
1075 640 1108 688 se
1123 641 1170 684 re·
1188 600 1288 730 ὅκῃ.

116 705 223 790 sepit,
238 703 348 792 ibique
362 719 465 773 cestre
486 706 603 792 posuit.
648 702 859 778 Athenienses
873 728 960 782 veru,-
982 727 1055 772 curn
1073 703 1173 772 hostes
1196 711 1275 786 sni,

125 789 168 862 ud
192 789 347 875 proelium
369 805 482 860 contre
506 792 592 877 ipsos
617 813 683 870 non
705 791 844 878 emplius
868 792 1046 879 prodirent,
1069 788 1172 860 aliena
1200 793 1269 842 Μ

125 875 284 949 cadavere
304 878 496 964 spoliarunt,
511 893 544 945 et
565 901 695 946 suorum
720 893 941 964 susceperunt,
965 891 997 947 et
1011 892 1171 980 tropaeum
1198 855 1273 975 ζξξ·

124 963 283 1048 continuo
310 978 500 1040 statuerunt,
546 965 649 1032 Porro
678 965 726 1030 illi
755 963 897 1032 dimidiae
928 965 1170 1038 Corinthiorum
1245 975 1247 977 ’

123 1051 222 1135 parti,
238 1073 310 1139 qum
332 1053 366 1122 iu
383 1052 549 1135 Cenchreo
562 1051 704 1140 praesidii
726 1073 823 1122 esum
843 1049 1005 1140 manebat,
1019 1075 1061 1122 ne
1075 1055 1172 1118 Athe-

122 1137 241 1220 nienses
264 1137 415 1220 sdrersus
439 1139 691 1227 Crommppnem
715 1139 914 1228 navigarent,
937 1135 999 1206 hoc
1019 1137 1170 1228 proelium

123 1245 192 1290 non
207 1237 276 1298 emt
287 1225 504 1310 menifestum,
518 1239 650 1314 propter
670 1239 811 1294 montem
827 1225 979 1292 Oneium.
1026 1223 1090 1292 Sed
1113 1227 1171 1293 ubi

123 1310 288 1398 pulverem
304 1313 483 1400 conspexit,
499 1327 532 1379 et
552 1336 615 1381 rem
631 1314 792 1401 cognovit,
808 1333 901 1400 opem
923 1311 1168 1380 senecensem

122 1397 208 1465 tulit.
253 1397 421 1468 Venerunt
443 1402 538 1466 etiem
562 1399 682 1470 auxilio
708 1421 749 1466 ex
774 1399 856 1476 urbe
882 1397 1041 1465 Corinthii
1067 1422 1168 1479 senes,

122 1505 198 1550 cum
222 1484 455 1556 intellexissent
482 1485 528 1570 id,
555 1487 642 1573 quod
668 1487 837 1562 recideret·⁰
883 1485 976 1566 Quos
1005 1485 1169 1556 universos

121 1571 299 1657 conspicati
314 1571 525 1641 Athenienses
544 1573 578 1638 in
593 1597 626 1640 se
640 1573 820 1656 tendentes,
835 1573 960 1660 ratique
974 1571 1130 1644 auxilium
1149 1598 1169 1640 s

120 1657 236 1743 vicinis
274 1658 576 1746 Peloponnesiorum
608 1661 789 1734 civitatibus
817 1659 948 1728 missum
985 1671 1097 1728 contre
1133 1683 1168 1728 se

120 1745 242 1824 venire,
256 1745 403 1826 celeriter
412 1746 454 1816 nd
468 1769 563 1814 nares
578 1770 610 1812 se
626 1759 823 1832 receperunt,
839 1742 993 1813 habentes
1007 1747 1120 1832 spolia,
1135 1759 1167 1812 et

121 1853 255 1899 meorum
270 1832 436 1916 cadevera,
451 1834 577 1902 duobus
592 1855 668 1907 exce
692 1835 745 1918 tis,
758 1856 832 1921 quse
855 1833 1062 1920 reliquermrt,
1078 1833 1166 1922 quod

120 1939 159 1992 ss
180 1919 321 2005 reperire
337 1941 404 1986 non
430 1921 615 2005 potuissent.
662 1855 747 1988 gum
769 1931 874 1988 sutem
897 1942 992 1988 nares
1014 1941 1166 1994 conscen-

119 2006 254 2084 dissent,
278 2005 320 2076 ud
344 2006 463 2088 insulas
488 2007 669 2094 adjacentes
692 2008 894 2094 trajecerunt.
941 2001 1033 2080 Hinc
1058 2021 1167 2094 sutem

118 2093 218 2159 misso
231 2093 451 2176 caducestore,
466 2116 596 2177 suorum
611 2094 776 2176 csdsveru,
792 2115 865 2180 quae
880 2089 1085 2180 reliquerant,
1101 2091 1166 2178 fide

118 2178 251 2263 publicu
270 2179 455 2266 interposite
469 2197 669 2267 receperunt.
712 2181 752 2246 ln
775 2179 836 2251 hoc
850 2193 958 2249 autem
973 2177 1103 2264 proelio,
1124 2201 1166 2249 ex

119 2264 297 2335 &rinrhiis
322 2267 464 2357 quidem,
490 2267 676 2348 cecideruut
699 2266 830 2334 ducenti
853 2279 885 2332 et
907 2264 1095 2344 duodecim
1125 2288 1166 2339 ex

119 2351 371 2426 Atlrenisusihus
387 2376 472 2435 vero,
488 2353 585 2441 paulo
600 2354 705 2418 minus
719 2351 961 2440 quinquaginta.
1164 2347 1168 2356 ¹

162 2449 216 2506 45.
240 2438 452 2520 Athenienses
466 2454 573 2513 sutem
589 2463 630 2508 ex
641 2440 707 2504 istis
714 2439 825 2507 insulis
836 2435 970 2524 profecti
982 2436 1093 2503 eodem
1110 2435 1164 2510 die

117 2524 161 2596 sd
175 2527 246 2614 egri
262 2527 423 2598 Corinthii
439 2527 690 2614 Crommyonem
711 2526 912 2614 navigarunt.
934 2523 1041 2611 (abest
1054 2537 1162 2597 sutem

117 2611 161 2683 sb
177 2613 257 2679 urbe
279 2626 406 2688 centum
429 2627 461 2680 et
475 2615 587 2703 uiginti
609 2612 744 2696 studiis.)
759 2629 791 2678 et
813 2634 886 2679 cum
909 2633 944 2678 eo
964 2609 1163 2694 appulissent,

116 2721 234 2786 agrum
245 2713 418 2780 vastarunt,
433 2701 541 2789 ibique
551 2701 661 2772 cestris
675 2701 785 2786 positis
795 2709 1034 2784 pernoctarunt.
1072 2695 1162 2761 Post·

115 2786 200 2857 ridie
214 2809 290 2855 vero
311 2788 504 2864 maritimum
524 2809 616 2868 prem
637 2786 780 2874 legentes
800 2787 941 2872 primum
960 2785 992 2850 in
1019 2781 1162 2870 Epidau·

115 2875 201 2940 rium
217 2896 332 2963 mum
352 2876 491 2956 iverunt,
506 2888 539 2941 et
558 2895 710 2954 exscensu
725 2896 766 2946 ex
787 2871 921 2942 navibus
935 2872 968 2938 in
992 2869 1164 2939 nonnullas

116 2961 186 3046 ejus
200 2975 308 3047 perles
321 2963 417 3040 racto,
435 2961 626 3042 Methonem
641 2971 809 3037 venerunt,
825 2982 899 3047 quse
919 2959 1002 3028 inter
1018 2955 1163 3046 Epidau·

117 3068 191 3120 rum
214 3060 247 3112 st
270 3047 461 3130 Troezenenr
482 3064 530 3126 est
551 3048 620 3116 sits.
643 3060 674 3112 et
696 3045 910 3133 cherrhonesi
932 3041 1105 3120 Isthmum,
1126 3043 1163 3112 iu

115 3155 183 3220 quo
198 3147 246 3200 est
262 3133 429 3214 Methone,
444 3136 487 3212 sb
502 3148 634 3221 utraque
648 3133 764 3203 littoris
778 3147 870 3220 perte
881 3127 1050 3215 complexi,
1068 3150 1162 3194 muro

115 3219 249 3306 cingere
269 3234 452 3306 creperum:
484 3221 697 3308 impositoque
719 3218 882 3305 praesidio,
904 3227 1014 3302 postea
1029 3213 1162 3314 Troese·

115 3308 219 3388 nium,
234 3320 269 3387 et
283 3307 483 3389 Haliensem,
497 3322 530 3386 et
551 3306 764 3394 Epidaurium
788 3326 901 3388 agrum
921 3301 1097 3374 latrocinirs
1111 3322 1161 3369 ms

114 3391 283 3472 festshant.
330 3395 505 3496 Postquain
524 3409 633 3474 sutem
655 3391 803 3461 absoluto
824 3411 919 3476 muro
942 3387 1049 3454 locum
1069 3385 1161 3454 illum

115 3481 335 3584 muniverunt,
351 3483 485 3562 nnvrbns
499 3482 630 3562 dpmrm
647 3480 819 3560 redierunt.
891 3555 895 3563 Ι

122 3629 130 3636 .
160 3576 216 3644 46.
241 3567 304 3643 Per
318 3568 403 3648 idem
418 3581 554 3655 tempus,
570 3591 636 3655 quo
650 3567 721 3650 hoec
732 3566 935 3654 gerebantur,
952 3559 1163 3650 Eurymedon

114 3654 213 3730 etiam
227 3668 261 3720 et
280 3655 468 3741 Sophocles,
507 3656 540 3725 ui
562 3680 581 3722 s
604 3654 685 3741 Pylo
703 3675 776 3726 eum
795 3648 1040 3720 Atheniensium
1062 3647 1162 3717 clusse

113 3741 309 3816 inSicilism
331 3741 518 3829 proficisse
560 3755 624 3819 tur,
647 3761 722 3813 cum
739 3741 912 3825 Corcyram
933 3735 1160 3835 pervenissent,

115 3850 180 3901 unu
198 3851 274 3908 curn
291 3830 379 3899 urbis
401 3828 515 3896 incolis
529 3827 648 3904 bellum
672 3827 851 3906 intulerunt
873 3823 1073 3911 Corcyraeis3
1106 3841 1162 3908 qur

114 3915 205 3991 sedes
218 3916 253 3983 in
271 3915 379 3992 Istone
388 3928 499 3994 monte
511 3928 685 4001 pomerum
694 3938 703 3992 3
719 3914 775 4001 qui
786 3925 873 3990 tunc,
888 3923 961 3996 post
972 3909 1163 3984 seditionem

114 4025 149 4069 eo
167 4001 315 4087 profecti,
344 4025 423 4092 egro
445 4003 664 4090 potiebantur,
690 4014 724 4079 et
744 4002 880 4066 uduersae
899 3995 1039 4088 sectioni
1061 3989 1163 4061 multu

114 4087 234 4156 demna
260 4090 391 4156 dabant.
438 4089 515 4154 lllos
538 4089 638 4176 igitur
659 4087 774 4164 adorti,
798 4083 1008 4150 munitionem
1029 4079 1160 4180 quidem

115 4189 287 4262 oeperunt:
314 4175 460 4242 homines
474 4197 560 4254 vero,
576 4175 630 4261 qui
652 4178 685 4240 in
705 4195 742 4238 en
765 4181 866 4248 mant,
889 4191 955 4234 uno
976 4187 1104 4255 ugmms
1125 4185 1160 4228 ru

114 4263 235 4332 editum
253 4263 415 4352 quendum
427 4264 532 4330 locum
548 4265 627 4358 fuga
641 4283 674 4414 sp
690 4257 887 4346 receperunt,
904 4257 935 4321 el
950 4275 1014 4324 alm
1030 4251 1169 4362 Aruerni-⁸

611 4369 633 4432 9
