3004 4768
341 327 405 384 tut
698 317 1005 386 THUCYDiDiS
1052 335 1057 359 ¹

248 507 308 558 nott·
385 497 437 560 78.
462 489 527 555 His
553 489 661 556 Nicias
689 491 869 560 exercitum
893 488 1062 554 cohortans
1092 489 1184 552 smrui
1212 487 1334 562 adibat,
1358 499 1389 550 et

232 572 325 684 ἑξῆς.
341 576 441 642 sicubi
455 576 646 677 disjuqctum
662 597 723 677 nec
736 577 850 678 ordine
863 587 989 642 serrato
1007 575 1231 658 procedentem
1249 571 1389 672 ridebat,

228 699 326 812 arur
342 749 374 812 h·
389 662 537 814 arnt
551 660 950 829 trztzzaatttt
964 659 1390 842 arctatura

242 827 275 938 3·
286 829 314 876 ⁰·
344 830 447 902 Nictae
461 833 589 922 quidem
601 834 704 984 eopia
718 833 846 921 agmine
860 833 1015 919 quadrato
1028 831 1134 908 ibant3
1157 828 1390 896 Demosthenis

249 907 311 1010 ᾗῇ·
345 942 419 986 vero
433 921 530 1004 copiae
543 941 639 1006 seque
662 931 767 986 antur.
812 919 913 984 Lixss
927 939 1005 984 vero
1018 933 1049 982 et
1072 917 1241 1001 plurimam
1259 918 1388 980 turbam

342 1005 450 1092 gravis
464 1018 634 1071 armaturas
650 1005 766 1070 milites
780 1005 865 1070 intra
882 1006 1010 1068 medriam
1032 1025 1117 1068 suam
1131 1024 1245 1087 ugnterr
1262 1021 1389 1084 meque·

344 1104 430 1156 runt.
475 1091 649 1178 Postquam
666 1105 771 1172 sptem
787 1088 828 1157 ad
843 1092 947 1174 Anapi
969 1089 1110 1154 fluminis
1131 1089 1303 1154 transitum
1319 1109 1390 1172 per·

344 1191 510 1256 venerunt,
535 1179 809 1263 Syracusanorum
841 1199 876 1240 ac
905 1176 1063 1240 sociorum
1090 1193 1220 1238 manum
1252 1171 1322 1236 illic
1343 1173 1390 1238 iu-

342 1275 495 1328 structam
518 1263 724 1338 invenerunt;
771 1263 864 1326 uibus
884 1261 1011 1348 fugatis,
1027 1273 1058 1324 et
1081 1260 1215 1328 transtu
1239 1259 1274 1322 in
1299 1279 1390 1322 ruam

342 1361 530 1434 potestatem
568 1347 710 1428 redacto,
740 1283 824 1414 ditm
851 1360 1082 1432 processerunt.
1139 1345 1186 1414 Et
1214 1345 1390 1430 Syracusa·

342 1455 458 1501 norum
480 1433 601 1533 equites
621 1433 842 1519 obequitantes
865 1435 930 1498 illie
949 1432 1120 1509 instabant,
1136 1447 1170 1496 et
1190 1431 1271 1496 levis
1284 1453 1391 1496 uma

342 1530 423 1585 turre
446 1519 562 1584 milites
581 1519 696 1605 jaculis
721 1540 770 1584 eor
792 1519 999 1584 incessebant.
1046 1520 1153 1604 Atque
1174 1515 1236 1583 bac
1257 1517 1391 1603 quidm

342 1603 394 1670 dia
424 1604 648 1682 Athenienses,
679 1603 782 1670 stadia
810 1605 936 1682 circiter
970 1603 1183 1690 quadraginta
1213 1603 1391 1691 progressi,

233 1707 298 1770 Sept.
310 1705 333 1754 ε.
341 1691 452 1760 castris
478 1690 520 1756 ad
542 1691 700 1777 quendam
727 1690 840 1756 coliem
870 1689 982 1776 positia
1007 1701 1247 1774 pernoctamnt.
1295 1688 1391 1754 Pota

342 1775 423 1842 ridie
448 1799 534 1852 vero,
557 1775 701 1842 diluculo
723 1777 783 1840 iter
808 1777 942 1863 ingressi
962 1788 1049 1853 aunt,
1071 1789 1103 1840 et
1127 1775 1240 1861 viginti
1263 1775 1391 1840 circiter

342 1861 445 1928 stadia
493 1872 709 1928 recesserunt:
739 1875 773 1926 et
796 1862 829 1928 iu
855 1861 1016 1950 quendam
1040 1875 1249 1945 campestrem
1280 1860 1392 1926 locuta

341 1947 456 2014 descm
481 1961 585 2025 erunt,
602 1949 710 2034 ibique
731 1961 834 2016 caasa
855 1961 1041 2032 posuerunt,
1064 1962 1136 2014 taur
1155 1947 1242 2032 (prod
1265 1947 1390 2032 aliquid

342 2031 533 2114 cibariorum
550 2057 675 2100 sumere
688 2057 730 2100 ex
754 2033 905 2102 domibus
927 2033 991 2100 iilis
1003 2035 1043 2119 (is
1058 2035 1141 2100 euim
1158 2032 1246 2098 locrrs
1261 2031 1390 2098 babita-

343 2120 451 2202 batur)
467 2134 534 2185 tum
550 2121 659 2197 etiam,
673 2119 760 2207 quod
775 2141 890 2207 aquam
906 2141 1014 2186 secum
1028 2119 1116 2184 iliinc
1130 2118 1244 2184 afferre
1259 2117 1388 2184 velient.

343 2205 426 2272 Nam
452 2205 537 2272 ultra
556 2207 662 2272 locum
688 2206 789 2283 illum,
813 2205 853 2270 ad
878 2205 979 2271 nauita
1000 2205 1115 2286 stadim
1134 2227 1199 2291 qua
1222 2204 1390 2270 transitori

341 2305 443 2368 erant,
459 2313 524 2356 ooo
540 2305 608 2356 erat
622 2313 739 2376 magna
757 2313 845 2376 uquae
866 2292 968 2376 copia.
1014 2287 1143 2358 interea
1154 2313 1233 2356 vero
1247 2291 1391 2376 Syraco-

341 2377 408 2442 sani
423 2379 592 2463 progressi,
604 2377 772 2442 tramitum
789 2377 975 2442 ulteriorem
989 2399 1082 2442 mitro
1096 2377 1274 2442 cinxerunt.
1309 2376 1392 2441 Erat

341 2478 447 2530 autern
462 2459 552 2530 coilis
566 2479 682 2530 natura
698 2463 848 2542 inanitus,
863 2477 895 2530 et
912 2466 953 2530 ab
975 2475 1114 2549 utraque
1133 2464 1201 2548 ejus
1213 2477 1309 2547 parte
1322 2471 1390 2527 erat

341 2549 493 2617 torrentis
516 2549 625 2616 aiveus
647 2549 784 2634 rupibus
806 2569 960 2635 praecepa.
1006 2549 1191 2615 Vocabatur
1212 2561 1323 2614 auten
1344 2551 1391 2612 A·

231 2645 462 2708 mputaturum
478 2636 573 2719 lepus.
623 2633 780 2702 Postridie
796 2657 872 2702 vero
889 2635 1101 2702 Athenienses
1116 2635 1265 2722 progredi
1282 2655 1391 2719 σαμε.

342 2734 429 2800 ruat,
443 2734 477 2785 et
492 2721 764 2806 Syracusanorum
781 2744 817 2790 ac
832 2722 991 2788 sociorum
1005 2723 1126 2807 equites
1141 2735 1173 2784 et
1182 2719 1390 2820 jaculatores,

342 2807 398 2892 qui
422 2806 548 2890 utrique
573 2806 665 2872 multi
690 2819 792 2884 erant,
819 2807 904 2892 ipsos
927 2810 1079 2892 progredi
1103 2805 1331 2892 proiubebant,
1356 2819 1390 2870 et
1479 2847 1480 2856 κ

338 2893 454 2978 jaculis
483 2891 680 2958 incessebant
708 2907 740 2959 et
769 2889 989 2980 obequitantes
1015 2891 1215 2960 infestabant.
1260 2891 1310 2956 Et
1331 2893 1390 2956 dia
1479 2911 1480 2976 i

344 2977 473 3063 quidem
502 2976 712 3044 Athenienses
737 2992 933 3065 pugnarunt,
961 2977 1087 3046 tandem
1116 2979 1249 3042 veroin
1274 2977 1392 3043 eadent
1478 2977 1480 3044 i

344 3075 447 3133 castra
460 3085 572 3130 rursus
592 3087 625 3129 re
646 3079 845 3150 receperunt.
892 3065 957 3132 Sed
979 3081 1175 3130 commeatus
1195 3085 1262 3128 sou
1284 3085 1390 3150 aeque,
1478 3135 1479 3150 χ

344 3173 382 3216 ae
398 3153 500 3233 prius,
515 3148 652 3235 amplius
669 3149 840 3218 habebant.
886 3153 970 3218 Nam
992 3163 1125 3236 propter
1146 3151 1274 3216 tartum
1299 3150 1390 3236 equi·
1477 3189 1479 3246 p

345 3250 444 3302 tatum
461 3257 525 3300 non
542 3249 689 3321 poteraut
703 3238 839 3320 amplius
852 3239 934 3302 itta
947 3237 1107 3304 recedere.

233 3334 334 3397 Septa
388 3333 440 3392 79.
464 3324 563 3386 Mane
583 3335 689 3386 tamen
712 3324 806 3386 motis
828 3324 950 3404 castris,
965 3345 1075 3390 rursus
1096 3325 1143 3386 ire
1158 3334 1390 3406 perrexerunt;
1474 3275 1479 3372 i

342 3408 430 3474 etad
445 3408 560 3473 collem
583 3431 677 3474 mure
697 3410 850 3487 cinctum,
867 3409 1003 3494 pervim
1025 3409 1190 3494 pervenire
1204 3421 1387 3474 tentarunt:
1477 3381 1479 3440 Ι

343 3506 376 3559 et
400 3509 475 3560 ante
496 3517 568 3558 suas
588 3494 695 3578 copias
721 3494 913 3560 invenerunt
935 3496 1113 3579 pedestrem
1139 3495 1270 3560 tortian
1298 3516 1390 3558 exer·
1478 3497 1479 3528 i

344 3581 452 3654 cuum,
468 3581 524 3666 qui
539 3601 634 3662 supra
655 3583 741 3644 collis
763 3582 976 3646 munitionem
996 3581 1168 3646 instructus
1190 3581 1307 3656 stabat,
1321 3584 1389 3645 acie
1477 3529 1479 3650 i

343 3665 1388 3818 tttpttttttttttmitttttttttttt‘ttt

344 3837 486 3936 aggressi
508 3857 695 3937 oppugnare
715 3851 898 3921 coeperunt:
930 3839 984 3902 sed
1011 3859 1109 3924 quum
1132 3836 1202 3902 telis
1227 3859 1268 3901 ex
1295 3837 1386 3914 ooiie,

344 3945 400 4008 qur
414 3935 482 3987 erat
501 3920 637 3999 acclivis,
650 3946 670 3986 a
694 3923 799 3988 multis
821 3937 1015 4008 peterentur,
1032 3926 1100 4008 (qui
1122 3923 1209 3988 euim
1231 3945 1270 3988 ex
1294 3946 1387 4008 supe-
1475 3899 1478 4024 i

344 4009 429 4074 riore
453 4006 526 4072 loco
546 4007 669 4074 iaciiius
691 4010 928 4096 pertingebant)
951 4033 1010 4076 nec
1032 4032 1068 4074 eo
1089 4021 1219 4094 possent
1242 4031 1387 4092 perrum-
1476 4033 1478 4106 p

344 4115 429 4176 pera,
454 4107 538 4157 retro
559 4115 593 4158 se
615 4109 812 4178 receperunt,
834 4108 929 4180 atquc
955 4097 1153 4182 quieverunt.
1198 4093 1387 4170 Quinetiam
1476 4111 1478 4204 p

343 4199 417 4242 casu
433 4177 579 4263 quadarn
594 4179 736 4244 tonitrua
750 4181 845 4245 simui
859 4195 891 4246 et
912 4183 1028 4248 imbres
1049 4193 1120 4248 tunc
1134 4181 1335 4258 exstiterunt,
1351 4194 1386 4245 ut

344 4264 418 4327 anni
440 4277 591 4348 tempore,
616 4264 702 4350 quod
725 4267 765 4332 ad
793 4268 994 4334 Autumnum
1015 4269 1084 4355 jam
1110 4265 1293 4344 accedebat,
1317 4268 1383 4332 fieri

1475 4367 1477 4478 i
