2964 4786
344 321 411 379 ³55
711 305 1021 380 THUCYDIDIS

254 501 317 554 neu.
346 485 423 550 tiam
437 484 465 547 ir
481 499 523 547 ne
537 479 740 546 reformidet:
763 503 838 546 nam
860 501 927 546 non
948 481 1050 568 magis
1071 500 1131 546 nos
1145 477 1275 559 ledere,
1292 501 1388 567 qumn

244 569 327 629 roton
348 568 566 646 anobisladi,
578 573 741 656 po'terunt.
779 568 877 645 Quod
893 581 998 633 eutem
1014 588 1087 632 oum
1100 587 1216 654 magna
1227 567 1330 633 classe
1340 589 1389 632 ve·

109 689 112 694 ·
234 633 333 760 &nith
348 657 452 733 niunt,
467 656 523 719 lroc
536 657 625 719 modo
637 653 723 718 nolris
736 675 802 717 non
824 653 951 718 inutiles
972 663 1069 718 erum.
1115 653 1188 718 ltno
1202 675 1281 718 vero
1294 653 1388 718 etism

245 761 285 811 at.
298 763 321 810 1.
349 739 435 828 apud
449 753 582 805 coeteros
598 739 775 806 Sicilienses
796 741 849 804 hoc
870 740 957 804 nohis
977 740 1031 804 erit
1053 738 1147 826 longe
1162 739 1292 804 melius:
1315 739 1389 804 feci-

248 827 278 874 u.
291 827 319 874 ⁰»
348 827 409 892 llus
423 828 508 891 enim
525 829 648 892 illorum
666 829 797 890 adverto
816 826 920 890 territi
941 845 975 890 te
996 824 1087 890 nobis
1102 826 1202 890 socios
1217 825 1391 912 adjungere

248 891 318 1004 Q·
350 915 468 977 volem.
515 911 608 978 Etsi
637 911 720 976 forte
742 911 789 977 rel
812 911 1031 998 subegerimus
1053 912 1149 996 ipsos,
1171 911 1222 975 rel
1244 934 1293 989 en,
1319 933 1389 996 quae

347 1000 492 1086 cupiunt,
508 1017 574 1064 non
596 997 730 1082 adeptos
751 998 959 1082 repulerimus
983 1005 1078 1080 (·non
1100 997 1185 1062 cuim
1208 1019 1332 1075 vereor,
1350 1019 1390 1062 ne

348 1097 593 1171 consequentur,
621 1083 708 1169 quod
737 1085 936 1168 exspectant)
971 1082 1205 1168 praeclarissimi
1242 1083 1389 1148 facinoris

368 1171 556 1236 loric-nohis
577 1171 757 1255 contingen
783 1175 897 1254 ⁸neque
918 1167 997 1232 mihi
1019 1167 1128 1233 saltem
1144 1168 1390 1253 desperandum.

346 1193 464 1322 leucas
479 1258 564 1320 onim
579 1269 634 1320 eut
651 1255 842 1320 Graecorum
866 1267 922 1320 sut
943 1254 1153 1319 barbarorum
1170 1277 1300 1342 magnae
1314 1255 1389 1320 clas·

348 1367 406 1420 ses,
423 1342 532 1428 procul
549 1341 589 1406 ab
605 1363 681 1426 agro
695 1343 868 1406 domestico
883 1339 1043 1425 prolectet,
1057 1363 1124 1406 rem
1139 1340 1275 1406 feliciter
1289 1365 1390 1491 ἥξειο-

347 1441 433 1493 runt.
479 1427 564 1492 Nam
594 1447 696 1514 neque
718 1427 850 1491 veniunt
872 1447 1007 1492 numero
1026 1428 1203 1512 superiores
1225 1428 1280 1492 inc
1316 1429 1340 1492 's
1361 1443 1391 1492 et

348 1515 476 1585 vicinis:
508 1519 632 1598 (omnes
660 1513 745 1577 enim
768 1535 837 1598 proe
860 1525 946 1577 metu
968 1510 1251 1600 congregabuntur
1259 1513 1285 1594 ς)
1315 1515 1390 1578 etsi

347 1612 479 1687 propter
502 1599 642 1684 inopiam
665 1621 772 1664 rerum
794 1603 1042 1664 necessariorum
1065 1600 1098 1662 in
1113 1597 1218 1664 alieno
1239 1598 1312 1663 solo
1327 1622 1390 1664 rem

347 1686 432 1754 male
445 1687 611 1774 gesserint,
626 1687 769 1772 quamvis
791 1685 917 1770 ipsimet
938 1707 1055 1772 magna
1075 1707 1117 1750 ex
1164 1697 1233 1749 arte
1251 1685 1315 1750 eibi
1330 1686 1390 1752 cle·

225 1839 228 1844 ,
347 1772 422 1836 (lem
439 1773 626 1846 invexerint,
643 1783 750 1836 tamen
767 1793 885 1836 nomen
907 1781 937 1835 el
959 1772 1139 1854 victoriaeg
1187 1773 1251 1835 ium
1267 1771 1332 1836 illis
1346 1795 1389 1836 re·

347 1857 503 1944 linquent,
524 1858 640 1959 quibus
663 1857 802 1922 insidiati
824 1855 952 1922 luerint.
997 1857 1073 1934 Qua
1093 1859 1217 1922 ratione
1239 1859 1339 1924 etiem
1359 1859 1390 1923 hi

347 1945 408 2029 ipsi
425 1944 636 2010 Athenienses
650 1955 826 2020 creverunt,
840 1943 926 2028 quod
939 1942 1058 2008 Medus
1073 1955 1191 2027 praeter
1205 1945 1389 2029 opinionem

348 2032 463 2118 srepius
491 2029 670 2107 offenderit,
698 2028 776 2095 dum
805 2029 1004 2116 praediceret,
1030 2051 1064 2092 se
1092 2046 1188 2093 unam
1220 2031 1388 2108 civitatem,

349 2119 494 2181 Athenas
515 2116 672 2194 videlicet,
688 2115 774 2180 bello
795 2127 911 2200 petere.
957 2115 1020 2180 Cui
1043 2115 1089 2180 rei
1111 2115 1215 2180 simile
1236 2117 1387 2202 quiddam

348 2202 441 2267 nobis
455 2203 550 2267 etiam
566 2213 764 2279 eventurum,
781 2223 846 2265 nun
861 2212 908 2264 est
922 2200 1186 2286 desperandum.’'

391 2297 445 2355 34.
468 2296 490 2329 “
503 2283 710 2352 confidenter
725 2287 823 2372 igitur
844 2298 876 2350 et
897 2307 947 2350 res
968 2288 1002 2352 in
1017 2286 1079 2351 hoo
1094 2287 1163 2370 ipso
1176 2286 1252 2352 looo
1266 2310 1389 2374 proepe·

347 2393 463 2450 remus,
479 2385 511 2438 et
525 2375 643 2439 nuntiis
657 2372 698 2437 ad
716 2367 840 2438 Siculos
854 2373 965 2450 missis,
981 2372 1040 2437 hos
1054 2373 1183 2459 quidem
1200 2377 1307 2462 magis
1317 2397 1388 2440 oon·

347 2459 521 2534 firmemus,
537 2480 609 2525 cum
626 2459 694 2524 aliis
709 2480 784 2524 vero
798 2458 970 2523 amicitiem
992 2471 1088 2546 atque
1109 2459 1296 2526 societatem
1313 2463 1389 2526 inire

347 2567 509 2612 conemur.
556 2546 597 2610 Et
612 2547 645 2610 in
663 2545 800 2631 reliques
817 2543 935 2610 Siciliae
949 2558 1055 2632 partes
1076 2543 1198 2628 legatos
1212 2547 1387 2624 mittemus,

347 2645 379 2697 et
407 2632 469 2697 hoc
498 2631 675 2716 pericnlum
705 2653 874 2695 commune
902 2653 970 2696 esse
991 2630 1247 2698 demonstremus
1255 2657 1266 2710 3
1297 2646 1331 2698 et
1357 2635 1388 2698 in

346 2715 484 2794 lteliarn,
508 2731 544 2782 ut
563 2733 618 2783 aut
640 2717 820 2782 societatem
841 2716 1008 2782 nobiscum
1030 2715 1159 2798 faciant,
1174 2731 1229 2784 aut
1251 2741 1294 2784 ne
1314 2720 1388 2784 reci·

345 2803 438 2888 pient
454 2803 672 2868 Athenienses.
718 2802 879 2868 Existimo
900 2815 1018 2880 autem,
1041 2804 1139 2868 setius
1160 2825 1239 2882 erse,
1256 2805 1389 2872 Carthe-

371 2890 454 2952 'nem
476 2889 573 2954 etism
596 2892 715 2974 legator
735 2889 871 2954 mittere.
916 2889 1020 2954 uNam
1044 2911 1085 2956 ne
1106 2890 1182 2974 ipsis
1197 2891 1331 2976 quidem
1345 2907 1388 2958 est

371 2975 577 3041 ubitundnmt
605 2975 660 3040 sed
686 2977 721 3040 in
746 2989 902 3061 perpetuo
927 2988 1013 3040 metu
1038 2975 1170 3063 degunt,
1193 2998 1235 3042 ne
1260 2977 1389 3064 quando

346 3061 558 3127 Athenienses
583 3072 694 3126 contra
722 3083 812 3126 suam
842 3060 954 3126 urbem
984 3061 1122 3128 veniant.
1166 3062 1387 3139 Quamobrem

345 3146 476 3214 sortasse
501 3147 729 3226 existimantes,
745 3148 771 3211 ei
798 3169 848 3212 ree
872 3147 949 3213 istas
973 3146 1187 3235 neglexerint,
1207 3172 1243 3214 se
1263 3173 1389 3238 quoque

345 3233 556 3312 laboraturos,
575 3247 632 3298 aut
655 3233 750 3311 clam,
768 3247 823 3298 sut
847 3233 964 3317 palum,
988 3248 1043 3298 aut
1069 3235 1180 3320 quovis
1202 3235 1269 3300 alio
1294 3238 1388 3304 modo

345 3321 438 3386 nobis
452 3341 547 3406 opem
563 3319 643 3385 serre
656 3320 774 3384 volent.
820 3319 862 3385 Et
877 3318 1032 3405 profecto,
1047 3320 1073 3385 si
1089 3321 1196 3399 velint,
1211 3323 1270 3388 hoc
1277 3325 1390 3410 facere

369 3419 499 3472 oternnt
513 3405 562 3471 vel
578 3406 720 3471 maxime
737 3405 892 3483 omnium,
908 3406 964 3492 qui
986 3427 1072 3472 nuuc
1094 3429 1195 3472 remur
1210 3411 1388 3491 putemur.

380 3513 433 3556 em
456 3493 627 3557 maximam
653 3492 724 3558 auri
747 3511 783 3556 ur
825 3494 935 3578 ntique
956 3494 1020 3558 rim
1046 3491 1219 3578 possident,
1250 3496 1342 3562 unde
1362 3507 1388 3561 st

346 3576 465 3643 bellum
474 3590 507 3643 et
518 3589 634 3644 eseoera
643 3599 747 3644 comm
794 3577 1089 3646 sudministrantur.
1121 3579 1389 3648 Lacedaemonem

347 3664 440 3728 etiam
457 3675 489 3729 et
504 3661 699 3729 Corinthum
720 3667 839 3753 legatos
861 3664 1033 3744 mittamus,
1049 3687 1086 3732 ao
1101 3689 1242 3746 oremus,
1258 3682 1297 3734 ut
1312 3669 1388 3734 cele·

346 3749 424 3814 riter
446 3749 599 3817 auxilium
621 3750 685 3816 huc
708 3752 845 3830 mittant,
862 3764 895 3816 et
916 3751 1035 3818 bellum
1056 3751 1121 3820 illia
1134 3755 1282 3822 aduenas
1297 3758 1387 3823 Athe·

346 3975 390 4084 ng
399 3973 452 4020 Nec
468 3973 535 4021 euim
551 3973 748 4035 numinianum,
765 3983 793 4023 ut
810 3977 861 4024 voti
876 3978 914 4025 nrl
929 3984 1055 4040 compotes
1074 3981 1145 4040 liant,
1158 3987 1253 4029 metuo.
1276 3981 1383 4030 Ausus

392 4051 432 4086 ns.

376 4101 502 4164 ‘tuquod
519 4104 557 4156 (ut
574 4115 630 4150 mea
644 4103 693 4150 tert
708 4103 910 4166 oplnio)rperaru
926 4109 1051 4155 debemur.
1077 4107 1151 4155 Vallo.
1184 4108 1258 4164 Quod
1275 4111 1384 4159 manum

344 4167 410 4214 haud
421 4169 530 4227 despero.
552 4167 663 4216 Acutius.
694 4166 769 4215 lou.

344 4233 388 4340 A:
400 4231 466 4306 llam
483 4231 586 4341 prpplme
602 4239 690 4292 pratu
709 4232 849 4293 opinionem
867 4236 893 4284 id
913 4237 942 4284 lis
959 4237 1133 4298 secretaque
1154 4237 1180 4285 in
1200 4245 1323 4302 perpetuo
1339 4245 1384 4285 etr.

380 4309 451 4341 arms.
537 4309 566 4341 ιι.
