2964 4786
429 273 675 342 HISTORIAE
699 277 784 344 ΗΒ.
807 277 868 342 Vl.
1104 297 1169 358 309

138 445 244 527 niam
258 457 417 510 morcant
462 443 563 522 Quod
584 461 690 514 autem
713 469 773 536 ego
796 448 934 514 maxime
947 463 1164 536 opportunum
1196 481 1260 537 nm,

137 529 273 607 arbitror,
288 543 320 594 et
334 531 416 613 quod
430 550 486 594 ros
500 544 633 616 propter
654 532 780 600 solitam
794 534 948 600 desidiam
971 538 1100 608 minime
1114 565 1165 610 ce·
1182 549 1270 612 Nm

115 616 231 680 'loriter
244 615 432 699 probabitis,
449 628 555 682 tamen
577 639 599 682 α
620 617 823 685 medicetur.
869 623 903 684 Si
919 621 1003 688 euim
1026 627 1165 694 universi
1178 627 1221 726 ff
1236 615 1275 664 ¹⁷·

13 763 15 786 ,
137 701 318 781 Sicilienses,
338 702 386 766 sin
412 701 529 780 minus,
573 724 645 767 uam
672 705 802 788 plurimi
831 705 1009 788 nobiscum,
1036 733 1163 784 omnem
1189 692 1277 792 affl

12 787 15 870 ζ
134 800 314 871 presentem
325 786 456 854 classem
468 809 539 853 cum
550 725 693 853 duorum
706 793 860 856 mensium
872 793 997 858 cibariis
1007 795 1165 868 deducere
1193 805 1264 856 Μ

12 873 14 942 f
133 872 266 950 velimus,
276 885 308 938 et
317 871 566 938 Atheniensibus
574 874 615 938 ad
625 873 802 940 Tarentum
815 889 847 942 et
858 875 898 942 ad
907 877 1077 968 iapygiam
1088 907 1164 969 pro-
1193 870 1265 984 {ff

11 1025 12 1028 ,
133 959 317 1024 montorium
331 979 509 1038 occurrere,
524 959 662 1046 ipsisque
676 959 905 1040 demonstrare,
919 985 983 1029 non
997 968 1039 1032 do
1055 970 1165 1040 Sicilia

132 1043 211 1128 prius
227 1045 304 1128 apsis
318 1057 477 1110 certamen
491 1043 569 1122 fore,
584 1067 681 1131 quam
696 1043 737 1112 de
752 1046 845 1112 lonio
859 1050 938 1112 mari
953 1051 994 1114 ab
1009 1053 1086 1136 ipsis
1099 1069 1164 1124 tra-

126 1127 278 1214 jiciendot
301 1131 386 1214 ipsos
411 1129 549 1196 maxime
571 1129 770 1212 torrebimus,
793 1145 826 1197 et
847 1155 998 1220 cogemus
1012 1139 1165 1222 apsoshoc

129 1214 332 1294 considerare,
350 1236 409 1278 nos
435 1215 563 1299 quidem
588 1238 629 1281 ex
651 1239 729 1302 agro
752 1219 868 1296 amico,
893 1220 1031 1308 regionis
1052 1237 1164 1296 nostrae

129 1302 275 1378 custodes,
301 1299 472 1386 proficisci,
501 1301 692 1386 (Tarentum
719 1305 803 1368 enim
830 1327 889 1368 nos
913 1307 1065 1392 excipiet)
1086 1311 1162 1398 ipsis

128 1407 282 1452 varocum
298 1397 367 1452 toto
380 1387 487 1452 classis
508 1401 664 1472 apparatu
686 1389 817 1476 pelagus
840 1389 951 1477 iugens
972 1415 1039 1460 esse
1060 1409 1162 1464 trans-

126 1471 270 1548 eundum,
287 1487 320 1537 et
336 1485 470 1557 propter
482 1472 692 1560 navigationis
706 1473 938 1563 longitudinem
954 1477 1083 1548 difficile
1097 1506 1162 1552 esse

125 1558 264 1623 ordinem
283 1579 417 1623 servare.
462 1557 564 1623 Nobis
579 1580 656 1623 vero
676 1559 769 1625 facile
785 1560 864 1643 fore,
886 1565 1018 1648 hiemum
1037 1570 1160 1636 clamem

124 1641 204 1710 lente
218 1643 420 1732 navigantem
436 1657 467 1710 et
482 1643 605 1722 ordine,
621 1667 676 1710 nec
684 1646 883 1731 frequentem
904 1662 1016 1719 contra
1032 1674 1086 1720 nor
1106 1678 1160 1720 re-

123 1731 258 1794 nientem
275 1729 433 1796 invadere.
478 1729 578 1806 Quod
592 1731 619 1794 si
641 1753 714 1796 cum
729 1754 768 1796 ea
785 1743 876 1816 parte
889 1733 1005 1812 classis,
1021 1759 1094 1824 quoe
1109 1763 1160 1808 ee-

122 1815 241 1898 leritate
266 1826 407 1899 praestat,
438 1817 572 1881 navibus
597 1817 776 1882 exoneratis
804 1831 898 1902 atque
927 1819 1078 1889 confertis
1105 1848 1161 1894 noa

122 1902 314 1980 adoriantur,
329 1913 362 1966 et
389 1901 484 1966 remis
509 1915 649 1977 utantur,
677 1905 758 1985 aptos
782 1903 910 1988 remigio
923 1903 996 1988 jam
1023 1908 1160 1977 defessos

121 1987 350 2076 aggrediemur.
397 1987 453 2051 Sin
474 2009 524 2051 eos
546 1989 693 2052 invadere
713 2008 780 2051 uon
803 1987 968 2072 placuerit,
983 1992 1158 2062 Tarentum

120 2075 214 2138 etiam
231 2086 355 2139 nosmet
369 2073 510 2157 recipere
531 2072 624 2136 nobis
644 2071 759 2137 licebit.
805 2071 857 2138 Illi
872 2095 958 2152 vero,
973 2076 1000 2140 si
1015 2100 1088 2144 cum
1102 2101 1159 2148 ex·

118 2160 193 2246 iguo
208 2171 399 2237 commeatu,
415 2169 563 2243 tanquam
586 2157 627 2222 ad
643 2157 755 2222 navale
793 2157 934 2238 roelium,
950 2183 1039 2230 mare
1055 2177 1158 2234 uana

117 2245 223 2324 ierint,
253 2244 362 2330 inopia
388 2243 579 2309 laborabunt
604 2244 637 2306 in
662 2243 739 2310 locis
781 2246 901 2322 esertia,
924 2257 956 2315 et
980 2261 1037 2314 aut
1062 2253 1096 2316 in
1116 2254 1158 2320 its

116 2343 282 2399 manentes
306 2329 547 2408 obsidebuntur,
563 2339 619 2393 aut
640 2329 829 2413 pratervehi
859 2346 1020 2413 conantes,
1040 2346 1074 2402 et
1094 2358 1157 2404 om·

116 2431 221 2482 terum
235 2429 421 2501 apparatum
438 2415 628 2501 relinquent,
644 2428 675 2480 et
690 2415 814 2496 incerti,
829 2438 870 2481 an
886 2415 1002 2505 aliqum
1016 2421 1156 2490 civitatee

114 2503 179 2568 sint
194 2516 380 2588 recepturae,
392 2501 503 2568 animis
515 2500 814 2565 consternabuntur.
859 2500 1079 2579 Quamobrem
1094 2531 1156 2596 ego

112 2587 226 2656 saltem
241 2589 391 2667 arbitror,
407 2611 460 2652 eos
480 2585 542 2652 hac
564 2586 807 2652 ratiocinatione
820 2585 998 2668 deterrima
1015 2613 1055 2656 ne
1069 2597 1155 2660 solu.

113 2690 205 2740 turos
219 2676 345 2762 quidem
368 2696 408 2738 ex
433 2673 591 2759 Corcyra:
615 2671 671 2737 sed
692 2685 749 2736 aut
763 2670 839 2739 dum
854 2673 899 2738 ihi
917 2675 1154 2764 consultabunt,

110 2774 146 2828 et
160 2761 237 2826 dum
255 2761 389 2836 mittent,
405 2758 460 2846 qui
482 2757 659 2843 explorent,
675 2771 755 2846 quot
771 2779 906 2825 numero
920 2759 1028 2840 simus,
1043 2775 1075 2830 et
1089 2788 1154 2853 quo

109 2849 147 2912 in
162 2847 245 2925 loco,
261 2848 394 2932 abscisam
409 2847 571 2910 adventum
585 2845 660 2910 anni
683 2857 869 2930 tempestate
883 2845 916 2910 in
932 2845 1079 2933 hyemem
1093 2873 1154 2918 ex.

107 2943 250 3000 tractum
266 2931 323 3009 iri;
347 2942 402 2996 aut
416 2933 497 3014 ipsos
511 2929 676 3015 inopinata
693 2952 729 2995 re
742 2929 904 3015 perculsos
918 2935 1152 3021 navigationem

104 3017 279 3096 desituros.
324 3018 490 3102 Praecipue
518 3037 594 3082 vero
622 3015 708 3102 quod
740 3021 910 3102 (quanmm
945 3039 1007 3105 ego
1041 3021 1151 3107 audio)

105 3104 322 3190 peritissimus
336 3106 458 3170 illorum
472 3101 541 3166 dux
557 3102 718 3174 exercitum
740 3100 857 3168 invitus
871 3101 978 3180 ducat,
993 3121 1025 3170 et
1039 3104 1152 3174 luben·

104 3203 159 3256 ter
175 3191 373 3268 occasionem
389 3190 430 3254 sit
443 3201 637 3273 arrepturus,
653 3185 680 3252 si
694 3208 767 3272 quae
783 3187 886 3274 copim
899 3209 992 3272 pares
1006 3191 1047 3256 ad
1061 3195 1152 3258 reaia·

104 3276 246 3343 tendum
272 3299 291 3342 a
315 3275 408 3340 nobis
433 3272 651 3338 ostendantur.
695 3271 805 3337 ¹Illud
831 3285 936 3340 autem
962 3287 1050 3342 certo
1072 3279 1150 3358 scio,

102 3384 273 3428 rumorem
295 3361 337 3428 de
358 3359 473 3426 uostris
487 3359 617 3436 viribus,
632 3370 669 3423 ut
689 3357 784 3443 longe
806 3357 991 3460 majoribus,
1006 3383 1097 3447 quan
1115 3387 1152 3432 re

100 3471 186 3516 vera
199 3452 274 3527 rint,
289 3460 522 3512 emanaturum.
568 3442 688 3522 Quales
709 3455 816 3510 autem
831 3456 906 3508 suut
920 3445 981 3529 ipsr
995 3469 1148 3530 rumores,

98 3535 164 3622 qui
181 3533 459 3610 circumferuntur,
474 3529 554 3598 tales
573 3530 670 3596 mam
691 3543 766 3594 aunt
785 3529 952 3600 bominum
966 3533 1149 3616 opinionem

96 3633 137 3688 et
152 3620 260 3709 magis
274 3621 406 3686 horrent
420 3640 484 3695 eos,
500 3615 556 3704 qni
576 3619 699 3701 priores
717 3615 883 3692 irrradunt,
899 3639 994 3702 quam
1015 3641 1079 3700 eos,
1094 3622 1150 3710 qui

95 3718 236 3774 mature
250 3703 446 3796 aggressuris
459 3701 651 3792 significant,
665 3725 699 3768 se
719 3701 761 3768 ad
776 3702 840 3768 vim
862 3704 996 3785 ipaomm
1017 3707 1150 3793 propat.

93 3792 243 3858 eandam
264 3803 392 3879 paratos
414 3812 492 3868 esse,
506 3789 594 3877 quod
616 3811 665 3856 eos
683 3788 716 3852 in
738 3790 808 3874 pari
829 3787 1013 3856 discrimine
1025 3789 1150 3860 ficturos

91 3891 236 3965 putent
280 3875 428 3966 ld,quod
439 3873 687 3942 Atheniensibus
700 3895 788 3940 nunc
801 3872 936 3942 accidet.
980 3875 1049 3944 Nos
1063 3880 1148 3946 enim

93 3977 141 4032 ut
166 3986 236 4036 non
259 3977 491 4054 repugnaturos
512 3960 679 4042 invadunt,
692 3960 808 4026 merito
828 3981 887 4026 uos
901 3971 1148 4044 contemnentes,

130 4183 151 4217 ⁸
166 4179 274 4230 Prodest
289 4181 321 4228 de
337 4181 406 4228 nohls
424 4192 519 4238 rumor,
531 4177 558 4226 ln
574 4171 655 4238 majus
667 4173 706 4240 (ut
721 4179 816 4224 mum
832 4175 919 4234 babeo)
929 4189 1054 4226 armonia.
1074 4177 1146 4228 Vada.

87 4245 278 4294 rometam
289 4245 366 4294 verua
384 4243 568 4310 nunquamne
579 4241 738 4368 upbpplurn
749 4252 825 4302 qaam
833 4239 890 4288 stat.
906 4238 986 4302 scepta
1021 4239 1124 4300 hona,
