3004 4768
395 341 642 411 HISTOlllAE
665 343 753 411 LlB.
777 341 873 412 Vlll.
1100 353 1165 418 497

129 517 205 581 tari.
251 515 467 583 Veruntamen
482 529 515 583 et
537 539 580 604 po
605 517 674 583 ulus
688 532 720 584 et
734 519 891 584 ⁰Senatus
905 515 1010 584 adhuc
1025 517 1170 586 demere
1202 539 1263 588 aar.

126 623 193 667 cum
202 603 296 689 firbr's
312 603 502 688 adferenda
523 626 558 668 aa
602 607 678 689 agia
700 606 963 693 congregabatur.
1009 604 1072 670 Sed
1087 605 1167 671 nihil
1193 605 1276 666 Pena

125 690 340 754 consultando
368 691 557 768 statuebant,
588 690 674 778 quod
710 711 774 754 non
809 691 982 777 conjuratis
1017 690 1166 776 placeret.
1180 670 1278 796 ὂῗγζῖζ

125 775 313 851 Quinetiam
329 775 385 854 illi,
401 776 456 862 qui
471 776 752 856 concionabantur,
769 790 860 842 erant
873 799 912 842 ex
935 776 1048 842 harum
1063 778 1167 864 conju·
1192 797 1269 860 aar.

125 871 263 927 ratonem
284 883 429 944 numero,
443 874 476 927 et
518 885 570 927 uae
591 862 725 928 dicenda
747 877 848 940 erant,
864 864 963 950 prius,
978 885 1068 948 quam
1082 867 1168 948 apud
1193 861 1266 973 ξω·

119 950 298 1030 populusne
325 959 510 1026 errantum
547 949 556 1013 i
581 948 623 1014 sir
637 948 933 1034 perpendebantur:
956 969 1015 1013 nec
1029 949 1165 1015 aliorum
1188 939 1262 1054 ὦ*

126 1033 210 1097 nllus
224 1055 297 1122 amp
311 1035 362 1100 ius
381 1034 563 1100 contradica
604 1049 628 1116 t,
643 1035 729 1122 quod
754 1057 784 1099 rn
829 1056 904 1100 num
927 1034 1164 1119 conjuratorum

125 1139 294 1185 nnmerum
316 1133 469 1185 metueret
489 1142 526 1186 ae
548 1121 678 1187 videret.
722 1120 777 1198 Qu
844 1123 869 1186 si
891 1122 961 1208 quis
979 1121 1165 1187 contradix-

125 1205 208 1283 isset,
225 1205 387 1272 confestim
410 1207 517 1293 aliquo
539 1205 655 1273 idoneo
676 1207 773 1273 modo
795 1206 984 1272 necabaturt
1007 1227 1111 1293 neque
1123 1207 1164 1274 de

123 1293 363 1376 percussoribus
385 1292 612 1377 inquirebatur,
628 1313 742 1379 neque,
757 1293 782 1358 si
805 1294 943 1379 suspecti
965 1309 1066 1372 erant,
1088 1314 1164 1378 aup-

124 1378 255 1462 plicium
286 1381 477 1445 sumebatur.
538 1377 601 1444 Sed
632 1379 769 1466 populns
798 1379 989 1468 quiescebat,
1018 1379 1164 1466 adeoque

124 1464 367 1548 perterrefactus
388 1479 465 1541 erat,
481 1465 570 1545 ut,si
593 1467 662 1551 quis
684 1479 775 1544 esset,
790 1467 842 1531 cni
864 1465 951 1532 nulla
970 1465 1014 1530 ris
1035 1464 1163 1531 afferre·

124 1562 188 1628 tur,
211 1551 238 1614 is
264 1551 296 1614 in
323 1550 413 1616 lucro
437 1564 580 1643 poneret,
605 1553 698 1616 etiarn
725 1551 750 1614 si
775 1563 901 1616 taceret.
947 1551 1030 1616 Ourn
1057 1564 1162 1617 autem

123 1637 219 1724 longe
250 1637 401 1723 majorem
430 1637 666 1723 conjuratorum
701 1657 867 1702 numerum
897 1659 966 1702 esse
998 1637 1160 1716 ducerent,

122 1743 219 1810 quarn
235 1735 313 1801 erat,
329 1723 443 1788 animis
458 1723 715 1788 succumbebant.
761 1721 845 1788 Eum
863 1724 946 1788 enim
962 1735 1160 1807 compertum

121 1806 240 1874 bebere
253 1830 317 1874 non
332 1823 490 1895 poterant,
507 1825 574 1874 tum
595 1822 729 1896 propter
748 1810 882 1874 civitatis
897 1807 1160 1898 magnitudinem,

122 1907 190 1958 tum
206 1909 340 1980 propter
353 1907 495 1961 mutuam
518 1895 759 1979 ignorationem.
804 1894 991 1972 Quinetiam
1014 1895 1073 1960 bac
1092 1895 1162 1980 ipsa
1270 1908 1275 1918 ¹

121 1979 165 2045 de
178 2001 272 2046 cause
286 2003 350 2046 non
374 1981 488 2050 licebat
509 1981 655 2067 cuiquam
679 1981 762 2066 apud
785 1979 882 2045 alium
905 1980 1048 2044 miserari
1063 2003 1100 2046 ac
1116 1981 1160 2046 la·

121 2067 258 2132 menmri
282 2069 383 2132 vicem
412 2087 512 2144 suam,
535 2068 579 2132 ita
611 2079 666 2146 ut,
679 2067 759 2132 inita
784 2064 928 2147 consilio,
948 2066 1161 2133 ulcisceretur.

123 2157 192 2218 Ant
221 2153 304 2218 eninr
334 2155 480 2238 ignotum
510 2151 688 2232 invenisset,
718 2153 771 2217 cui
803 2153 947 2218 (licturus
975 2167 1072 2228 esset;
1105 2164 1161 2217 aut

119 2251 246 2320 notum,
260 2241 315 2303 aad
327 2239 475 2304 infidum.
521 2241 604 2304 Nam
616 2234 736 2328 'singuli
751 2238 794 2304 de
809 2234 930 2325 populo
943 2239 989 2303 ita
1002 2261 1035 2304 se
1049 2251 1160 2304 mutuo

118 2323 262 2403 adibunt,
275 2341 310 2389 ut
320 2325 373 2390 alii
385 2326 454 2390 aliis
464 2338 566 2390 essent
577 2326 721 2411 suspecti,
733 2325 822 2411 qussi
835 2347 936 2390 eornm
945 2325 1161 2411 unusquisqne

120 2413 280 2497 particeps
294 2425 374 2478 esset
388 2433 505 2488 rerum,
521 2434 594 2497 quae
609 2411 793 2498 agebantur.
839 2411 923 2476 Nam
944 2413 976 2475 in
991 2413 1043 2476 loc
1056 2411 1159 2496 conju-

117 2507 258 2562 ratamcn
283 2519 407 2564 nummo
429 2499 554 2563 inerant
576 2499 670 2562 etiam
693 2499 844 2575 nonnulli,
889 2515 949 2562 uos
970 2495 1077 2561 nullus
1101 2519 1159 2562 un·

118 2605 216 2670 wem
234 2584 410 2668 suspicatus
424 2585 587 2650 tuismtae
608 2583 650 2648 sd
671 2597 853 2670 pancorum
867 2519 1066 2648 dominatum
1082 2601 1159 2647 con·

116 2671 388 2822 {tumuit
404 2669 570 2821 lilii*
590 2668 1159 2821 tlttltl‘l'ltllttltl

116 2802 299 2927 paucorum,
317 2779 527 2920 dominatum,
543 2845 626 2928 qnod
649 2841 818 2928 populares
839 2841 881 2906 sd
902 2854 1057 2920 mutuam,
1072 2863 1153 2906 eam·

114 2949 182 3015 que
197 2929 327 2992 minime
341 2929 483 3007 dubiam,
498 2928 703 2995 diffidentiam
719 2927 928 2994 induxissent
1201 2951 1205 2958 ’

162 3021 215 3083 67.
239 3014 365 3080 Interea
382 3037 458 3080 vero
474 3012 629 3080 Pisander
649 3015 781 3100 ejusque
802 3013 933 3100 collegoe
947 3013 1086 3080 Athenas
1107 3036 1156 3078 re·

116 3101 212 3178 versi,
227 3101 391 3166 confestim
407 3102 528 3166 caeteris
542 3100 731 3188 peragendis
745 3118 874 3183 operam
890 3098 966 3164 dare
980 3114 1155 3184 coeperunt.

114 3190 171 3252 Ac
190 3189 328 3274 primum
351 3185 490 3275 quidem,
505 3184 626 3272 populo
647 3199 768 3263 coacto,
784 3185 971 3250 sententiam
993 3185 1154 3262 dixerunt,

113 3275 248 3338 ’decem
274 3275 358 3338 viros
385 3272 489 3360 legum
515 3270 814 3337 conscribendarum
840 3291 935 3336 causa
960 3269 1153 3358 deligendos,

113 3359 175 3446 qui
190 3381 344 3424 summam
360 3360 448 3444 injus
461 3360 510 3423 rei
528 3369 713 3443 potestatem
737 3354 902 3422 haberent.
948 3355 998 3420 Hi
1012 3377 1088 3420 vero
1101 3379 1154 3420 ro·

112 3445 278 3534 gationem
293 3445 502 3531 conscriptam
516 3445 556 3509 ad
571 3443 724 3529 populum
740 3435 913 3507 ad'certam
930 3443 1012 3507 diem
1025 3441 1156 3521 ferrent,

113 3553 182 3618 qne
204 3533 327 3596 ratione
351 3530 529 3617 respublica
550 3530 670 3615 optime
691 3527 906 3594 administrari
928 3539 1044 3614 posset.
1090 3528 1155 3594 Ubi

111 3629 223 3682 autem
246 3621 331 3684 dicta
349 3616 418 3682 dies
439 3617 577 3695 advenit,
592 3616 776 3680 concionem
798 3627 1013 3680 convocarunt
1035 3613 1068 3678 in
1090 3613 1155 3678 Co·

110 3703 237 3768 lenum.
259 3710 321 3789 (est
334 3717 440 3769 autem
455 3705 507 3769 hir
520 3706 602 3768 lona
615 3705 724 3778 editur,
740 3712 770 3766 et
786 3701 940 3787 Neptuno
949 3719 1048 3776 sacer,
1063 3714 1154 3765 extre

120 3993 127 4000 ,
147 3946 162 3974 ⁰
172 3942 309 3992 &nterea
318 3943 496 4010 sabuceagreg.
513 3945 544 3992 ad
561 3945 669 3992 rubum.
704 3943 786 3996 Habes
802 3943 868 3990 enlm
885 3941 958 4004 prule
973 3945 1028 4000 post
1044 3941 1089 3993 τοῖς
1108 3937 1156 3986 taet

110 4005 158 4056 eo?
172 4007 260 4069 salpae
274 4011 416 4066 βουλευταῖς.
431 4007 511 4070 Stepb
545 4005 602 4064 Vel,
614 4009 713 4054 Senatus
729 4021 743 4054 a
752 4007 821 4070 sada,
832 4011 874 4052 etc.
908 4005 956 4052 llic
968 4003 1071 4050 Senatus
1081 4005 1155 4062 quin-

107 4079 246 4134 gentorum
257 4075 305 4122 fuit
315 4075 437 4120 sucrum:
457 4075 493 4120 aie
508 4073 598 4131 dictus,
608 4073 673 4133 quod
689 4071 757 4118 sabaa
773 4071 804 4117 ad
820 4078 896 4116 sortes
912 4069 1092 4123 edhlbneruntq
1109 4068 1154 4124 ita,

108 4143 153 4196 ut,
170 4137 210 4184 cni
226 4138 281 4185 alba
297 4138 431 4200 obtigisset,
448 4137 580 4184 inhonoris
599 4135 742 4183 beneflcmm
761 4147 776 4181 a
794 4141 858 4181 rorte
870 4133 997 4192 aeeipem,
1016 4133 1057 4178 cul
1075 4131 1153 4194 nigra,

108 4201 247 4314 appingi.
269 4203 308 4249 De
319 4203 435 4250 sortiendi
443 4203 536 4250 ratione
544 4201 614 4261 plura
621 4201 676 4247 vide
684 4200 748 4260 apud
757 4199 883 4260 Signatum
895 4195 1153 4256 remansesunt.

108 4280 136 4318 e.
235 4281 293 4316 aar.

145 4339 160 4379 r
172 4333 210 4382 De
220 4335 305 4383 decem
317 4333 401 4380 scribis
412 4331 556 4392 dulgerdla,
568 4343 641 4390 penca
652 4341 712 4453 qqcs
723 4329 826 4376 liberum
837 4325 968 4388 imperium
980 4333 1049 4374 ma
1078 4323 1153 4376 Valla·
