3004 4768
333 278 398 338 4⁵2
693 267 1001 338 THUCYDIDIS

240 457 301 505 nen
334 439 430 507 simul
454 451 488 508 et
511 461 640 591 mappa,
654 462 755 528 esque
775 452 886 526 mutua
899 441 984 508 inter
1005 441 1092 526 ipsos
1113 435 1272 504 incursatio
1295 442 1377 498 erat.

223 511 316 632 ⁸⁹:¹22·
335 525 427 592 Nihil
441 525 524 590 enim
541 549 560 592 a
606 523 640 605 d,
651 548 748 628 quam
762 541 955 630 expugnatae
968 525 1099 602 civitati,
1114 523 1207 624 eique
1220 541 1288 586 non
1303 539 1379 617 par-

222 649 321 762 ‘life
336 611 988 764 &stultisssimum
998 611 1092 762 Nil
1106 626 1300 761 ‘2¹:122ssss
1299 605 1380 777 lli

237 772 309 888 Ψ·
336 783 484 870 dragims
499 805 531 848 m
568 783 645 848 ium.
682 783 931 850 Horumsutem
947 805 1019 850 cum
1036 773 1382 862 caeteriomnes,quod

243 855 304 954 321
303 871 310 888 '
338 871 471 956 quisque
484 879 619 956 poterat,
634 883 733 954 prout
750 869 830 935 utile
843 892 881 934 oc
894 871 1095 934 necemcriam
1116 868 1194 949 apsis
1215 874 1296 940 erat,
1311 875 1382 926 tam

338 955 434 1022 etiam
448 954 553 1044 gravis
566 967 737 1020 armaturae
751 953 877 1033 milites,
892 967 925 1020 et
938 953 1069 1055 equites,
1081 964 1200 1038 praeter
1209 959 1384 1014 consuetu-

338 1039 458 1117 dinem,
475 1041 537 1127 ipsi
550 1062 678 1128 quoque
691 1064 749 1107 sus
762 1041 857 1106 etism
879 1040 999 1106 cibans
1023 1039 1083 1103 sub
1108 1037 1205 1102 armis
1226 1033 1383 1109 terebant,

339 1125 393 1192 alii
430 1126 547 1205 uidem,
569 1139 702 1212 propter
723 1147 886 1192 servorum
909 1125 1063 1211 inopiam,
1079 1123 1133 1189 alii
1147 1143 1235 1203 vero,
1251 1131 1384 1206 propter

339 1147 558 1278 diffidentiam.
602 1211 855 1308 Transfugerant
875 1209 961 1276 enim
984 1221 1022 1310 et·
1041 1208 1229 1294 'ampridem
1250 1217 1287 1271 et
1309 1218 1386 1270 tunc

326 1297 492 1382 temporis
511 1296 661 1382 plerique.
707 1300 816 1383 Atque
830 1319 871 1362 ne
884 1297 956 1362 hese
970 1233 1111 1382 qurdem,
1132 1315 1206 1380 quse
1228 1291 1385 1392 ferebant,

339 1383 416 1468 ipsis
430 1381 636 1449 sufficiebant.
681 1382 797 1448 Nullus
819 1381 905 1448 enim
924 1393 1118 1448 commeatus
1133 1380 1166 1444 in
1182 1391 1297 1444 castrus
1318 1397 1386 1442 am·

340 1467 424 1553 plius
438 1478 516 1534 erat.
561 1467 748 1546 Quinetiam
763 1480 880 1535 caetera
894 1467 1081 1552 ignominis,
1096 1481 1129 1533 et
1139 1463 1273 1552 aequalis
1285 1462 1386 1527 malo·

342 1573 416 1618 rum
432 1553 547 1636 portio,
561 1575 634 1640 quae
649 1554 812 1640 quoddam
826 1554 1040 1619 levamentum
1061 1554 1146 1617 alios
1157 1551 1268 1628 habet,
1307 1568 1386 1612 uam

344 1637 461 1703 multos
483 1640 635 1704 habemus
658 1640 765 1718 socios,
780 1653 887 1706 tamen
909 1663 951 1706 oe
970 1638 1016 1704 sic
1038 1639 1167 1725 quidem
1188 1647 1269 1701 tanc
1337 1633 1386 1697 ilia

343 1722 529 1790 videbatur:
552 1726 728 1826 praesertinr
744 1726 961 1828 cogitantibus,
974 1737 1095 1810 quanto
1105 1743 1146 1790 ex
1157 1721 1344 1808 splendore,
1356 1731 1389 1782 et

343 1808 456 1894 glorios
477 1810 642 1898 dignrtete,
658 1834 722 1897 qua
743 1811 836 1877 inrtio
858 1809 986 1894 praediti
1009 1809 1150 1888 fuissent,
1166 1809 1199 1872 in
1215 1829 1312 1895 quem
1330 1827 1387 1870 ex-

344 1895 434 1972 itum,
450 1907 483 1960 et
504 1899 539 1962 in
562 1919 653 1982 quam
678 1896 831 1962 humilem
858 1896 1017 1962 fortunam
1047 1895 1252 1960 devenissent.
1300 1891 1390 1958 Haec

344 1981 429 2046 enim
451 2002 559 2048 rerum
581 1982 791 2048 commutatio
804 1983 850 2047 illi
866 1982 1056 2048 Graecorum
1077 1980 1231 2046 exercitui
1245 1978 1390 2042 maxima

344 2067 489 2154 contigit.
533 2068 600 2145 Qui
614 2067 700 2133 enim
716 2071 790 2133 illoc
804 2069 937 2150 iverant,
952 2080 988 2132 ut
1002 2067 1080 2132 alios
1094 2067 1128 2132 in
1139 2066 1323 2132 servitutem
1339 2085 1391 2128 re-

344 2151 501 2234 digerent,
518 2151 579 2217 illis
594 2152 718 2232 accidit,
735 2167 772 2219 ut
792 2154 854 2240 ipsi
876 2154 939 2219 hoc
959 2154 1066 2240 potius
1087 2163 1273 2230 metuentes,
1289 2171 1331 2214 ne
1346 2149 1391 2214 ab

344 2237 407 2302 illis
430 2238 462 2301 ia
484 2239 666 2303 servitutem
691 2239 897 2330 redigeretur,
924 2239 1144 2304 abscederent:
1166 2249 1199 2302 et
1219 2259 1281 2322 pro
1305 2235 1395 2301 votis

346 2321 492 2408 lotisque
517 2323 721 2404 carminibus,
737 2346 812 2392 curn
837 2324 951 2413 quibus
977 2325 1018 2389 ad
1043 2325 1127 2390 hanc
1149 2321 1392 2408 expeditionem

348 2405 482 2493 profecti
497 2407 638 2487 iniamus,
654 2432 764 2476 rursus
785 2433 857 2476 cum
874 2411 987 2476 ominis
1002 2411 1078 2476 mali
1092 2409 1234 2487 vocibus,
1249 2429 1325 2495 quae
1342 2408 1395 2472 his

348 2508 439 2560 erant
453 2496 632 2573 contrariae,
648 2495 864 2574 discederent3
886 2510 918 2561 et
932 2519 975 2561 ex
991 2497 1126 2562 nauticis
1140 2493 1212 2561 iacti
1227 2495 1395 2580 pedestres

349 2581 411 2646 iter
431 2579 582 2659 facerent,
605 2581 811 2669 animumque
859 2583 942 2648 otius
966 2582 1008 2647 ad
1053 2603 1159 2647 ravem
1183 2593 1395 2658 armaturam,

350 2687 446 2752 quam
469 2666 509 2731 ad
533 2666 663 2732 classem
689 2605 917 2746 instruendam,
932 2605 1137 2754 appellerent.
1182 2665 1268 2732 Haec
1283 2677 1399 2730 tamen

350 2751 460 2816 omnia
474 2775 532 2838 pro
557 2765 604 2818 ter
618 2753 749 2838 periculi
772 2751 878 2820 adhuc
899 2751 1112 2842 impendentis
1135 2752 1396 2841 magnitudinem

351 2837 427 2922 ipsis
441 2836 527 2902 feren
584 2839 784 2906 videbantur.

395 2930 448 2993 76.
472 2923 580 2990 Nicias
599 2935 727 3003 autem,
752 2947 884 2992 cernens
913 2926 1088 2992 exereitum
1117 2925 1225 2990 animo
1248 2937 1400 2990 conster-

352 3021 475 3090 natum,
497 3025 530 3075 et
551 3011 586 3074 in
610 3031 725 3099 magna
736 3013 882 3113 samana
901 3013 1150 3078 commutatione
1171 3012 1399 3091 constitutum,

352 3097 398 3160 od
409 3097 545 3182 singrcloc
557 3098 681 3163 ordines
695 3097 813 3177 adrens,
828 3111 865 3165 ut
878 3121 937 3186 pro
951 3099 1099 3184 praesenti
1113 3119 1221 3163 rerum
1242 3110 1332 3164 statu
1349 3121 1402 3166 eos

354 3180 564 3247 confirmabat
592 3193 625 3248 et
653 3184 887 3264 consolabatur,
910 3193 963 3250 ¹'et
983 3183 1122 3250 elamore
1142 3185 1239 3272 longe
1260 3185 1399 3270 majore,

354 3289 445 3352 quom
469 3289 602 3354 unquam
627 3279 710 3346 ante,
736 3271 895 3350 utebatur,
920 3283 956 3337 ut
978 3270 1019 3336 ad
1045 3293 1188 3358 quosque
1213 3269 1401 3350 accedebat,

354 3365 423 3419 tum
439 3367 571 3440 propter
591 3355 690 3419 animi
712 3355 852 3422 studium
874 3379 912 3422 oc
933 3358 1083 3433 ardorem,
1100 3371 1167 3422 turn
1183 3356 1292 3434 etiam,
1308 3357 1401 3444 qnod

355 3460 423 3504 sure
449 3440 680 3506 vociferationis
708 3439 847 3508 fructum
877 3463 972 3531 quam
997 3441 1180 3530 longissime
1201 3465 1265 3526 per
1293 3454 1402 3508 codro

357 3545 487 3592 manare
500 3548 540 3591 cu
583 3539 642 3594 ret.

401 3617 455 3681 77.
479 3619 501 3654 ‘⁴
516 3547 590 3677 νζ
619 3613 652 3676 in
681 3613 829 3698 praesenti
858 3635 966 3679 rerum
993 3625 1089 3691 statu,
1118 3613 1334 3680 Athenienses
1364 3638 1401 3681 sc
1488 3613 1489 3616 ¹

358 3697 446 3775 socii,
472 3719 559 3782 spem
585 3709 712 3783 oportet
732 3699 859 3777 hebere,
885 3700 971 3784 (Jam
1001 3702 1082 3766 enim
1104 3700 1252 3768 nonnulli
1279 3701 1331 3766 vel
1360 3724 1401 3766 ex
1488 3705 1489 3710 ’

358 3783 573 3870 asperioribus
591 3785 691 3863 molis,
707 3807 801 3871 quam
825 3798 899 3852 sunt
918 3787 986 3864 ista,
1007 3785 1181 3852 incolumes
1195 3790 1402 3868 evasenrnt3)

359 3887 380 3934 n
424 3891 463 3934 ue
484 3890 581 3954 supra
602 3871 732 3935 modum
750 3869 981 3957 vobismetipsis
1002 3894 1188 3939 succensere
1201 3873 1251 3938 vel
1266 3886 1404 3958 propter

359 3957 408 4022 cla
432 3977 476 4037 es,
491 3954 541 4020 vel
554 3967 686 4042 propter
699 3979 870 4039 aerumnas,
884 3981 956 4045 qua·
978 3974 1095 4044 praeter
1108 3958 1298 4048 dignitatem
1313 3981 1404 4026 nnnc
1488 3989 1489 3992 ¹

393 4129 528 4177 nclamore
549 4129 622 4176 suam
643 4135 715 4176 utens
735 4129 823 4193 magis,
845 4143 914 4192 paam
934 4146 989 4180 noce
1008 4139 1054 4180 etc.
1084 4133 1156 4180 Valla
1192 4132 1275 4194 Magis
1294 4134 1402 4180 clamosa

360 4199 442 4253 utens,
453 4207 528 4254 quam
538 4199 595 4253 apta
610 4193 701 4254 alioqui
717 4195 749 4240 sd
763 4195 943 4244 exhornndum
959 4197 1074 4244 orations.
1107 4195 1190 4246 Posset
1199 4197 1272 4246 etiam
1282 4197 1346 4244 allus
1356 4211 1403 4246 m

359 4256 994 4314 macmtasdaluremlnldrmvrlldms.
1026 4261 1107 4324 ὂψ.
