2964 4786
9 2065 10 2098 ,
111 2023 260 2114 ditionem
277 2039 404 2110 captum
420 2025 461 2088 iri
481 2037 655 2110 sperarent.

403 296 650 366 HISTORIAE
675 297 766 368 LIB.
788 300 844 366 Vl.
1082 311 1145 369 881

115 472 229 555 'mam
242 491 276 536 se
290 469 359 556 ipsa
377 461 643 538 confidentiorem
664 481 757 557 atque
770 472 942 554 finctorem
957 473 1037 539 lore.
1083 471 1149 540 lm·
1179 493 1242 542 neu

115 570 269 644 perstaret
284 579 370 638 vero,
384 569 418 622 et
431 579 559 643 paucos,
575 572 606 622 et
628 579 701 624 cum
724 579 848 624 summa
869 570 1025 642 potestate
1037 579 1149 626 crean—
1171 559 1254 620 Petop

115 643 180 721 dos,
195 655 227 708 et
249 643 397 730 religioso
412 644 623 730 jurejurando
647 643 899 730 promittendum
914 645 1001 730 ipsis,
1018 648 1096 724 lore,
1113 625 1257 734 ut4¹3¹1¹⁸³⁷'

109 733 238 813 papatu
259 731 416 816 imperare
440 730 532 807 sinat,
547 752 607 815 pro
629 753 668 796 ea
689 731 829 807 scientia,
846 753 910 818 qua
931 731 1059 883 praediti
1083 734 1148 799 lue-
1172 699 1260 799 ffip

115 817 183 882 rint.
228 817 282 882 Sic
303 819 389 882 euim
411 827 444 882 et
465 839 513 895 ea,
528 838 602 904 quae
621 831 696 882 snut
716 817 859 894 celanda,
874 819 936 882 l'aci
950 821 998 883 ius
1013 821 1149 886 celatum
1176 817 1206 863 ⁰·
1218 817 1247 863 ⁰·

114 901 162 980 iri,
177 916 209 968 et
222 915 337 968 caetera
352 915 437 968 recte
451 915 547 989 atque
560 904 675 968 ordine
688 915 721 969 et
734 903 802 968 sine
816 903 883 968 ulla
893 905 1152 992 tergiversatione
1174 893 1248 994 ἃ·

115 999 326 1074 preparatum
339 990 390 1054 iri.

155 1081 206 1144 ta
229 1075 423 1161 Syracusani
438 1097 522 1152 vero,
538 1095 613 1140 curn
628 1097 702 1140 eum
725 1075 896 1152 audissent,
912 1078 1020 1142 omnia
1036 1079 1068 1143 iu
1083 1081 1152 1165 ejus

115 1162 299 1228 senteutiam
322 1161 541 1239 decreverunt,
557 1163 727 1249 ipsumque
744 1161 988 1228 Hermocraten
1014 1163 1151 1250 impera·

115 1256 213 1312 torem
237 1262 398 1324 mearum,
429 1261 462 1312 rt
492 1248 695 1314 Heraclidem
723 1247 920 1334 Lysimachi,
945 1264 976 1314 et
1000 1251 1150 1316 Sicanum

114 1331 382 1419 Execestifilium,
405 1332 486 1400 'hoe
502 1349 574 1399 tres.
621 1335 806 1412 Quinetiam
822 1335 1017 1400 Corinthum
1039 1353 1071 1401 et
1087 1337 1152 1402 La·

112 1421 324 1486 cedaemonem
340 1421 461 1508 legatos
476 1419 640 1498 miserunt,
659 1435 694 1487 ut
716 1421 834 1485 auxilia
856 1423 915 1486 sibi
940 1424 1151 1502 mitterentur,

113 1517 208 1590 utque
237 1506 491 1572 Lacedaemoniis
521 1505 759 1591 persuaderent,
789 1521 825 1571 ut
857 1509 973 1573 bellum
1003 1509 1153 1574 adversus

116 1593 321 1658 Athenienses
344 1595 463 1679 majore
485 1592 591 1658 studio
613 1593 777 1679 propalam
805 1615 923 1678 prose
948 1595 1153 1661 administra·

114 1693 206 1754 rente
222 1693 260 1744 ut
273 1681 359 1764 ipsos
382 1677 431 1743 vel
447 1703 466 1743 a
481 1678 591 1744 Sicilia
614 1679 816 1757 abducerent,
832 1679 881 1744 vel
905 1681 943 1745 ad
966 1683 1152 1761 exercitum,

113 1767 165 1850 qul
180 1768 212 1830 iu
230 1767 340 1830 Sicilia
355 1778 434 1844 erat,
450 1765 535 1830 aliud
552 1767 705 1830 auxilium
716 1767 840 1831 mittere
852 1767 956 1831 minus
971 1782 1108 1853 possent.

153 1859 205 1919 74.
230 1853 350 1918 Classis
364 1867 469 1917 autem
485 1849 737 1929 Atheniensium,
754 1875 827 1938 quoe
842 1854 883 1916 ad
901 1854 1056 1918 Catanam
1073 1867 1152 1935 erat,

113 1935 295 2003 Messanam
318 1961 428 2004 versus
450 1939 605 2004 continuo
623 1941 795 2090 nmiffin'
811 1939 896 2024 quod
919 1961 987 2003 eam
1004 1963 1060 2024 per
1076 1961 1152 2026 pro-

776 2046 848 2108 quee
859 2025 1072 2103 struebantur,
1087 2047 1153 2091 nou

10 2123 11 2128 ’
112 2127 336 2176 successerunt.
385 2111 566 2176 Alcibiades
581 2112 676 2188 euim,
692 2133 765 2176 cum
784 2112 850 2198 jam
868 2114 1005 2177 Athenas
1027 2135 1153 2178 revoca-

112 2207 160 2260 tus
174 2198 346 2284 imperium
363 2196 567 2282 deposuisset,
584 2199 695 2275 sciens,
713 2219 747 2262 se
767 2198 906 2262 exsulem
922 2197 999 2275 sore,
1014 2200 1152 2284 Syracu·

9 2305 28 2358 μ·
112 2305 259 2349 sanomm
276 2286 394 2359 amicis,
410 2286 465 2371 qui
490 2282 651 2348 Messene
673 2295 773 2361 erant,
789 2281 929 2348 futuram
944 2285 1030 2349 urbis
1043 2285 1153 2370 prodi·
1172 2280 1179 2295 ¹

112 2369 240 2447 tionem,
257 2371 368 2456 bcujus
382 2385 451 2435 erat
466 2370 620 2448 conscius,
637 2371 798 2436 indicarit.
844 2371 896 2434 Illi
911 2393 995 2448 vero,
1012 2374 1067 2456 qui
1083 2371 1154 2437 hee

9 2467 15 2536 '‚
111 2455 271 2534 volebant,
287 2471 319 2522 et
332 2455 478 2520 homines
493 2457 718 2521 interfecerunt
733 2458 832 2540 prius,
849 2479 939 2540 quam
951 2459 1154 2523 Athenienses

9 2565 11 2576 ’
112 2544 154 2606 ad
174 2544 277 2608 urbem
290 2545 468 2608 accederent
476 2567 490 2618 ‚·
513 2554 545 2607 et
568 2556 656 2620 tunc,
672 2565 745 2608 cum
770 2543 814 2606 oh
839 2543 1025 2607 seditionem
1048 2559 1153 2608 ortam

112 2627 254 2693 inarmis
275 2642 387 2706 essent,
403 2629 622 2708 obtinuerunt,
638 2651 679 2694 ne
694 2628 903 2694 Athenienses
925 2629 1152 2714 reciperentur.

10 2719 12 2736 ¹
113 2716 324 2780 Athenienses
346 2735 431 2791 reto,
451 2715 571 2779 stativis
596 2718 663 2780 illic
681 2715 834 2780 tredecim
862 2715 986 2780 circiter·
1007 2716 1074 2780 dies
1098 2716 1153 2780 ha·

113 2799 194 2880 bitis,
210 2825 285 2867 cum
308 2815 494 2887 tempestate
513 2801 719 2886 jactarentur,
735 2823 839 2888 neque
861 2817 1073 2868 commeatum
1095 2803 1153 2868 ba-

11 2904 14 2912 “
112 2885 232 2965 herent,
261 2909 364 2976 neque
389 2889 557 2974 quicquam
589 2888 782 2966 succederet,
811 2889 939 2953 Naxum
970 2890 1099 2966 reversi,
1123 2904 1155 2954 et

111 2973 209 3040 classe
222 2973 307 3040 vallo
328 2979 462 3052 munita,
477 2974 543 3038 illic
565 2974 804 3060 hybernarunt:
828 2990 860 3039 et
875 2975 1035 3040 triremem
1053 2976 1154 3040 Athe·

112 3080 168 3125 nas
181 3062 348 3138 miseruut,
364 3064 572 3147 pecuniarum
594 3075 626 3126 et
648 3062 807 3146 equitatus
829 3063 944 3148 gratia,
962 3076 995 3126 ut
1010 3064 1075 3127 baec
1088 3062 1155 3146 pri-

112 3167 165 3212 mo
180 3169 257 3212 rere
271 3148 377 3213 statim
394 3149 549 3212 adessent.

20 3304 21 3314 ,
153 3237 207 3310 76.
232 3233 296 3300 Per
309 3253 378 3298 eam
394 3233 540 3320 hyemem
558 3232 748 3318 Syracusani
769 3255 896 3319 quoque
910 3245 1056 3297 emurum
1072 3235 1155 3298 exci-

24 3355 29 3362 ·
111 3331 259 3386 taverunt
273 3341 374 3407 prope
389 3321 499 3386 urbem
515 3343 535 3384 a
550 3330 619 3383 tota
629 3317 684 3383 illa
699 3331 799 3403 parte,
811 3341 883 3404 quse
898 3315 1052 3403 Epipolas
1066 3341 1154 3405 spec·

112 3418 168 3485 tet,
185 3407 390 3472 Temenitem
407 3405 576 3492 complexi,
593 3427 643 3483 ne,
660 3405 688 3470 si
710 3405 791 3471 forte
806 3405 929 3470 cladem
946 3405 1085 3492 aliquam
1102 3429 1155 3471 so·

111 3497 278 3578 cepissent,
300 3506 432 3578 propter
454 3493 671 3578 angustiorem
696 3493 782 3557 urbis
803 3491 957 3556 ambitum
980 3492 1072 3557 facile
1093 3495 1154 3558 cir-

112 3581 391 3646 cumvallarentur.
434 3579 506 3644 dEt
521 3578 704 3664 praesidium
723 3577 859 3665 Megara
880 3579 1046 3658 miserunt,
1063 3592 1095 3644 et
1110 3579 1154 3643 al·

21 3693 23 3706 ·
111 3677 214 3732 terum
243 3667 276 3731 in
304 3667 477 3753 Olympico
500 3665 706 3730 collocarunt.
753 3665 939 3743 Quinetiam
963 3687 1156 3751 quacunque

9 3777 20 3840 5⁴
110 3773 150 3817 ex
169 3767 263 3839 parte
277 3775 448 3819 suscensus
464 3753 622 3817 erranilltu
643 3753 676 3816 in
699 3762 814 3817 terram
831 3753 899 3816 fleri
913 3767 1052 3837 poterat,
1069 3773 1155 3818 ntare

23 3961 25 3968 ›
142 3933 156 3962 ¹
173 3931 361 3992 Exseipsaete.
380 3930 513 3978 Hortatur.
545 3929 648 3981 Hune.

15 3995 18 4029 ἲ
140 3997 369 4042 ²llostresetiaru
379 3995 522 4043 Corinthum
535 4001 580 4040 etc.
596 3993 664 4040 Valla
675 4001 699 4038 et
710 3996 801 4042 Aream
811 4013 821 4040 v.
863 3995 940 4042 loru.

143 4058 155 4096 b
171 4059 251 4114 Nam,
262 4061 419 4119 idfuturum,
432 4059 578 4118 praescierat.
606 4057 715 4104 Aeacius.
748 4057 832 4104 lucu.

140 4127 153 4156 θ
170 4124 274 4170 Mamm
286 4131 344 4170 ante
360 4125 444 4170 urbem
456 4129 508 4184 tota
525 4137 554 4169 ea
568 4129 646 4182 parte,
658 4135 707 4183 qua
722 4129 816 4183 spectat
837 4118 961 4183 Epipolas,
980 4123 1073 4170 incluso
1089 4123 1154 4169 intra

109 4187 430 4244 Temenite,eacltaverunt.
465 4187 559 4235 Cluver.
596 4187 672 4234 lanu.

141 4251 153 4288 d
171 4253 305 4300 Castellum
317 4253 391 4300 etiam
403 4253 434 4300 ad
448 4251 559 4314 Megara,
570 4259 595 4298 et
611 4253 677 4299 aliud
694 4253 719 4299 ia
737 4251 866 4311 Olympico
883 4258 1064 4300 exstruxerunt.
1091 4250 1153 4298 Aea·

111 4318 168 4364 etas.
198 4319 284 4364 lunt.
711 4355 714 4361 ,
