2982 4786
343 281 407 340 816
657 343 661 348 ,
710 269 1015 342 THUCYDIDlS

248 453 310 502 aet
342 442 413 517 iter,
430 463 494 526 qua
512 442 752 527 exspectabant:
776 454 820 520 at,
836 465 871 508 re
886 437 1141 508 ansdsmoniis
1154 450 1187 504 et
1202 437 1388 504 Arcadibus

234 517 327 630 3¹32·
344 539 376 594 et
391 527 574 628 Epidauriis
587 529 783 628 denuntiata,
798 528 885 627 eliud
907 549 1054 627 asperum
1072 525 1173 626 inivit,
1188 540 1221 588 et
1236 526 1270 589 in
1282 526 1388 611 Argi·

229 645 331 772 ‘dil‘
345 611 1389 765 {i‘ibliiniiilriffiili'erEiec‘ii'ini‘hunioiii'iiii‘ii

269 851 309 885 m

246 771 314 824 mc.

246 837 270 883 V

254 869 316 978 aar?

340 783 589 872 ,Megarensibus
611 798 643 850 et
666 785 820 870 Sicyoniis
841 799 1038 870 praeceptum
1054 781 1167 860 fuerat,
1184 782 1296 860 utria,
1312 804 1388 880 quae

345 870 434 936 ducit
455 869 497 934 ed
515 869 678 948 Nemeam,
695 870 934 947 descenderent,
950 870 1006 934 ubi
1027 868 1237 936 consederant
1252 869 1387 954 Argiam

346 969 392 1034 ut,
408 956 435 1020 si
450 956 566 1044 Argivi
587 969 699 1022 contra
720 957 805 1040 ipsos
826 957 860 1020 in
884 956 1045 1040 planitiem
1068 953 1191 1020 adsim
1212 952 1387 1022 arcendam

345 1042 500 1118 venirent,
526 1042 587 1126 ipsi
611 1042 701 1127 equis
731 1055 894 1108 uterentur
922 1063 977 1106 eos
1006 1063 1025 1104 a
1054 1054 1144 1126 tergo
1173 1041 1387 1122 insequentes.

347 1129 456 1213 Atque
483 1127 563 1214 Agis
585 1127 725 1212 quidem,
747 1127 815 1192 acie
838 1128 884 1192 sic
907 1127 1062 1191 instructu
1089 1139 1121 1190 et
1145 1124 1329 1208 irruptione
1353 1123 1387 1186 in

345 1212 510 1298 planitiem
525 1211 619 1292 fecta,
634 1213 834 1278 Saminthum
850 1226 883 1276 et
896 1211 959 1276 alia
972 1210 1125 1278 vastabat.

390 1307 443 1364 59.
465 1298 577 1383 Argivi
594 1320 668 1364 vero
687 1297 748 1362 hac
762 1297 950 1384 recognita,
966 1319 1039 1365 cum
1055 1297 1123 1360 dies
1138 1296 1204 1380 jam
1220 1294 1388 1370 illuxisset,

346 1406 385 1448 ex
403 1383 526 1447 Nemea
546 1381 588 1446 ad
610 1405 703 1468 opem
726 1406 804 1468 agro
824 1405 877 1448 suo
902 1381 1065 1448 ferendam
1075 1393 1248 1458 uenerunt,
1264 1392 1297 1446 et
1314 1402 1387 1446 curn

345 1469 378 1532 iu
406 1467 618 1532 Phliasiorum
648 1484 680 1534 et
710 1468 954 1534 Corinthiorum
983 1467 1160 1533 exercitum
1190 1466 1389 1550 incidissent,

345 1575 483 1640 paucos,
510 1553 614 1618 uidem
640 1574 681 1619 ex
704 1553 852 1620 Phliasiis
873 1553 1118 1620 interfecerunt:
1140 1552 1202 1636 ipsi
1224 1575 1301 1618 vero
1321 1573 1388 1616 non

346 1637 447 1702 multo
471 1576 577 1722 piures
600 1661 641 1705 ex
664 1640 728 1704 suis
751 1664 770 1704 a
793 1640 970 1706 Corinthiis
995 1662 1092 1705 caesos
1114 1639 1301 1704 amiserunt.
1345 1636 1389 1701 Et

347 1723 456 1788 Boeoti
471 1739 504 1789 et
520 1723 727 1808 Megarenses
742 1739 774 1790 et
789 1727 940 1812 Sicyonii
956 1739 992 1792 ut
1002 1727 1199 1810 'preceptum
1215 1723 1330 1800 fuerat,
1346 1721 1387 1790 ed

347 1809 502 1874 Nemeam
529 1825 747 1896 perrexerunt,
765 1834 824 1877 uec
846 1813 983 1900 Argivos
1008 1812 1145 1896 amplius
1167 1811 1234 1876 §uic
1259 1811 1388 1874 invene·

346 1907 439 1960 runt:
462 1895 518 1961 sed
540 1897 653 1982 Argivi
674 1921 745 1964 cum
772 1902 806 1963 in
825 1901 992 1982 planitiem
1016 1896 1263 1974 descendissent,
1282 1908 1316 1961 et
1338 1918 1389 1960 res

347 2004 419 2046 suas
433 1982 546 2047 vastari
562 1983 868 2062 animadvertissent,
884 1985 926 2050 nd
946 2006 1086 2072 pugnam
1103 2005 1135 2050 se
1152 1983 1387 2068 praeparabant.

347 2065 496 2132 Vicissim
521 2090 597 2132 vero
622 2083 654 2134 et
678 2069 915 2136 Lacedaemonii
940 2073 1040 2134 aciem
1066 2069 1214 2134 adversus
1241 2069 1311 2132 illos
1337 2069 1389 2130 in·

348 2153 520 2219 struebant.
568 2153 727 2219 Caeterum
752 2157 866 2244 Argivi
889 2157 1031 2241 undique
1056 2154 1262 2222 circumventi
1285 2165 1389 2218 erant.

348 2259 423 2303 nam
452 2263 472 2302 a
500 2239 642 2324 planitiei
667 2241 796 2326 quidem
823 2253 923 2327 parte,
952 2241 1188 2306 Lacedaemonii
1213 2261 1392 2324 eorumque

348 2324 425 2387 socii
441 2326 522 2408 ipsos
535 2325 576 2389 ab
590 2326 669 2390 urbe
682 2326 911 2410 prohibebant:
928 2350 965 2392 ex
982 2327 1059 2392 locis
1074 2349 1150 2392 vero
1161 2325 1392 2411 superioribus,

350 2407 510 2474 Corinthii
535 2423 566 2474 et
591 2409 723 2476 Phliasii
747 2427 779 2478 et
802 2413 1021 2478 Pellenenses:
1044 2412 1085 2477 ab
1111 2412 1165 2477 illa
1187 2434 1263 2476 vero
1284 2423 1391 2495 parte,

348 2517 422 2645 guse
438 2493 591 2562 Nemeam
611 2498 783 2582 spectabat,
801 2499 907 2564 Boeoti
921 2512 954 2564 et
970 2498 1110 2584 Sicyonii
1124 2511 1157 2563 et
1173 2496 1393 2583 Megarenses.

368 2581 431 2668 psis
445 2603 521 2646 vero
536 2583 666 2667 Argiuis
681 2583 759 2649 nulli
774 2586 893 2670 equites
908 2597 1026 2669 praesto
1040 2597 1147 2649 erant:
1171 2583 1230 2647 soli
1249 2603 1395 2667 namque

349 2689 391 2731 ex
418 2668 509 2732 sociis
535 2667 746 2734 Athenienses
771 2669 912 2734 noudum
943 2670 1146 2734 advenerant
1175 2669 1396 2754 ¹Argiuorum

350 2763 455 2816 sutem
469 2765 502 2817 et
515 2753 673 2818 sociorum
688 2758 820 2838 reliquus
833 2757 991 2832 exercitus
1004 2767 1190 2839 presentem
1202 2776 1306 2818 rerum
1325 2765 1397 2818 sta·

350 2849 506 2922 tumssnon
528 2837 608 2902 adeo
633 2841 857 2922 periculosum,
874 2851 908 2906 ut
930 2863 1038 2924 reapse
1060 2851 1139 2916 erat,
1154 2861 1220 2904 esse
1242 2839 1397 2915 ducebat,

349 2919 403 2984 sed
419 2921 452 2984 in
467 2923 532 2986 loco
549 2937 741 3009 opportuno,
757 2925 906 3011 proelium
930 2925 1134 2991 commissum
1156 2925 1196 2988 iri
1211 2924 1397 3000 videbatur,

349 3017 382 3070 et
398 3006 658 3074 Lacedaemonios
681 3011 714 3074 in
726 3034 795 3076 suo
816 3034 894 3096 agro
908 3026 941 3075 et
965 3034 1065 3097 prope
1086 3033 1171 3076 suam
1193 3010 1302 3081 urbem
1322 3033 1349 3072 a
1366 3009 1401 3074 se

346 3093 500 3174 mundam
515 3093 758 3161 circumventos.
804 3096 849 3160 At
863 3119 937 3160 cum
959 3099 1117 3162 exercitus
1135 3096 1263 3180 jamjam
1286 3111 1402 3162 essent

350 3181 544 3258 concursuri,
561 3181 626 3244 duo
648 3203 687 3244 ex
704 3182 841 3264 Argivis,
860 3183 1046 3266 Thrasyllus
1061 3206 1078 3245 e
1093 3182 1233 3266 quinque
1253 3179 1401 3250 ducibus

351 3287 442 3344 unus,
464 3281 495 3331 et
510 3265 687 3352 Alciphron
709 3266 1027 3332 Lacedaemoniorum
1051 3269 1174 3350 hospes,
1193 3265 1234 3330 ad
1251 3265 1400 3350 Agidem

350 3365 559 3430 accesserunt,
575 3365 606 3417 ct
623 3373 697 3418 cum
712 3375 750 3417 eo
769 3375 946 3418 sermonem
970 3353 1160 3428 habuerunt,
1173 3367 1216 3416 'ne
1238 3350 1400 3433 proelium

347 3435 476 3504 faceret.
521 3439 657 3524 Argivos
678 3437 773 3515 enim,
795 3438 899 3523 siquid
914 3438 1044 3524 Argivis
1067 3436 1304 3502 Lacedaemonii
1331 3441 1402 3502 cri-

350 3523 428 3586 mini
443 3523 566 3600 darent,
574 3546 671 3677 ἔξω
685 3535 769 3588 stare
777 3524 908 3609 judicio,
925 3545 1109 3608 pacemque,
1118 3521 1290 3586 soederibus
1305 3523 1400 3602 ictis,

349 3607 382 3670 in
398 3621 559 3690 posterum
647 3632 678 3672 re
693 3623 818 3693 paratos
832 3631 900 3673 esse
914 3611 1084 3682 discrerit.

393 3701 446 3756 60.
470 3695 576 3780 Atque
597 3695 628 3758 bi
644 3695 770 3780 quidem
788 3697 836 3760 Ar
859 3695 901 3758 ivi
919 3717 976 3759 sua
991 3708 1114 3780 sponte,
1132 3715 1196 3758 non
1209 3707 1314 3760 autem
1333 3717 1402 3782 po-

349 3777 417 3862 puli
427 3779 518 3861 jussu
538 3777 609 3842 baec
624 3779 780 3844 dixerunt.
826 3718 909 3844 (lum
930 3792 1036 3844 autem
1052 3781 1140 3866 Agis,
1156 3782 1223 3866 ipse
1236 3783 1318 3844 solus
1336 3783 1404 3848 has

348 3862 546 3928 conditiones
560 3865 740 3950 accepisset,
756 3878 788 3931 et
808 3887 849 3931 ne
871 3867 938 3950 ipse
952 3865 1081 3952 quidem
1097 3887 1170 3930 cum
1192 3865 1344 3949 pluribus
1360 3872 1405 3934 de

348 3949 398 4014 Iris
412 3949 627 4030 consultasset,
642 3949 699 4016 sed
713 3973 786 4015 cum
803 3973 868 4016 uno
883 3965 1017 4028 tantum,
1029 3953 1085 4037 qui
1109 3952 1191 4016 inter
1204 3949 1289 4014 illins
1305 3953 1405 4018 mili·

343 4033 403 4118 ,tiae
418 4034 519 4100 socios
533 4050 706 4120 praeturanr
728 4037 869 4120 gerebat,
885 4039 942 4102 has
964 4039 1235 4111 communicasset,
1250 4050 1406 4120 quatuor

350 4121 506 4184 mensium
522 4121 624 4186 foedus
639 4144 710 4186 cum
733 4123 810 4206 ipsis
828 4121 913 4202 fecit,
928 4123 1012 4187 intra
1026 4145 1107 4207 quos
1121 4121 1287 4207 oportebat
1302 4121 1404 4205 ipsos

348 4230 386 4270 ea
408 4206 574 4285 conficere,
599 4230 671 4294 quae
697 4207 861 4274 dixerant:
885 4209 1121 4295 exercitumque
1145 4205 1309 4274 confestim
1337 4213 1408 4276 ab·
