<?xml version="1.0" encoding="UTF-8"?>
<!DOCTYPE html PUBLIC "-//W3C//DTD XHTML 1.0 Transitional//EN"
    "http://www.w3.org/TR/xhtml1/DTD/xhtml1-transitional.dtd">
<html xmlns="http://www.w3.org/1999/xhtml" xml:lang="en" lang="en">
 <head>
  <title>
</title>
<meta http-equiv="Content-Type" content="text/html;charset=utf-8" />
  <meta name='ocr-system' content='tesseract 3.04.00' />
  <meta name='ocr-capabilities' content='ocr_page ocr_carea ocr_par ocr_line ocrx_word'/>
</head>
<body>
  <div class='ocr_page' id='page_1' title='image "./thucydidisdebel00wassgoog_0300.png"; bbox 0 0 2982 4786; ppageno 0'>
   <div class='ocr_carea' id='block_1_1' title="bbox 349 306 1024 385">
    <p class='ocr_par' dir='ltr' id='par_1_1' title="bbox 349 306 1024 385">
     <span class='ocr_line' id='line_1_1' title="bbox 349 306 1024 385; baseline -0.009 -3"><span class='ocrx_word' id='word_1_1' title='bbox 349 327 412 385; x_wconf 80' lang='lat' dir='ltr'>aas</span> <span class='ocrx_word' id='word_1_2' title='bbox 717 306 1024 378; x_wconf 76' lang='lat' dir='ltr'>THUCYDIDIS</span> 
     </span>
    </p>
   </div>
   <div class='ocr_carea' id='block_1_2' title="bbox 234 473 1399 1858">
    <p class='ocr_par' dir='ltr' id='par_1_2' title="bbox 234 473 1399 1338">
     <span class='ocr_line' id='line_1_2' title="bbox 255 473 1399 568; baseline -0.012 -10"><span class='ocrx_word' id='word_1_3' title='bbox 255 473 317 558; x_wconf 55' lang='lat' dir='ltr'>titt.</span> <span class='ocrx_word' id='word_1_4' title='bbox 348 502 404 554; x_wconf 70' lang='lat' dir='ltr'>⁴’ut</span> <span class='ocrx_word' id='word_1_5' title='bbox 425 487 465 552; x_wconf 91' lang='lat' dir='ltr'>ad</span> <span class='ocrx_word' id='word_1_6' title='bbox 487 484 677 551; x_wconf 82' lang='lat' dir='ltr'>munitiones</span> <span class='ocrx_word' id='word_1_7' title='bbox 695 485 730 547; x_wconf 84' lang='lat' dir='ltr'>in</span> <span class='ocrx_word' id='word_1_8' title='bbox 750 503 828 568; x_wconf 84' lang='lat' dir='ltr'>egro</span> <span class='ocrx_word' id='word_1_9' title='bbox 843 483 947 547; x_wconf 83' lang='lat' dir='ltr'>Attico</span> <span class='ocrx_word' id='word_1_10' title='bbox 960 477 1166 546; x_wconf 81' lang='lat' dir='ltr'>exstruendus</span> <span class='ocrx_word' id='word_1_11' title='bbox 1178 499 1212 545; x_wconf 87' lang='lat' dir='ltr'>se</span> <span class='ocrx_word' id='word_1_12' title='bbox 1220 489 1399 564; x_wconf 58' lang='lat' dir='ltr'>praepare.</span> 
     </span>
     <span class='ocr_line' id='line_1_3' title="bbox 242 566 1390 656; baseline -0.008 -18"><span class='ocrx_word' id='word_1_13' title='bbox 242 571 328 637; x_wconf 65' lang='grc' dir='ltr'>Νῦν·</span> <span class='ocrx_word' id='word_1_14' title='bbox 348 584 430 656; x_wconf 82' lang='lat' dir='ltr'>rent,</span> <span class='ocrx_word' id='word_1_15' title='bbox 445 585 482 638; x_wconf 90' lang='lat' dir='ltr'>ut</span> <span class='ocrx_word' id='word_1_16' title='bbox 496 570 703 637; x_wconf 79' lang='lat' dir='ltr'>Athenienses</span> <span class='ocrx_word' id='word_1_17' title='bbox 717 569 804 633; x_wconf 90' lang='lat' dir='ltr'>dicto</span> <span class='ocrx_word' id='word_1_18' title='bbox 825 567 947 631; x_wconf 80' lang='lat' dir='ltr'>facilius</span> <span class='ocrx_word' id='word_1_19' title='bbox 964 566 1128 631; x_wconf 77' lang='lat' dir='ltr'>audientes</span> <span class='ocrx_word' id='word_1_20' title='bbox 1143 577 1259 634; x_wconf 86' lang='lat' dir='ltr'>essent.</span> <span class='ocrx_word' id='word_1_21' title='bbox 1305 567 1390 630; x_wconf 84' lang='lat' dir='ltr'>Cum</span> 
     </span>
     <span class='ocr_line' id='line_1_4' title="bbox 234 639 1391 750; baseline -0.01 -23"><span class='ocrx_word' id='word_1_22' title='bbox 234 651 275 750; x_wconf 61' lang='lat' dir='ltr'>ff·</span> <span class='ocrx_word' id='word_1_23' title='bbox 294 639 333 688; x_wconf 68' lang='lat'>¹⁰⁵</span> <span class='ocrx_word' id='word_1_24' title='bbox 349 675 454 726; x_wconf 83' lang='lat' dir='ltr'>sutem</span> <span class='ocrx_word' id='word_1_25' title='bbox 470 658 502 722; x_wconf 93' lang='lat' dir='ltr'>in</span> <span class='ocrx_word' id='word_1_26' title='bbox 519 655 672 732; x_wconf 84' lang='lat' dir='ltr'>conciliis,</span> <span class='ocrx_word' id='word_1_27' title='bbox 688 667 761 740; x_wconf 90' lang='lat' dir='ltr'>post</span> <span class='ocrx_word' id='word_1_28' title='bbox 782 652 883 718; x_wconf 85' lang='lat' dir='ltr'>multa</span> <span class='ocrx_word' id='word_1_29' title='bbox 905 652 1065 738; x_wconf 84' lang='lat' dir='ltr'>postulata</span> <span class='ocrx_word' id='word_1_30' title='bbox 1079 651 1167 716; x_wconf 86' lang='lat' dir='ltr'>ultro</span> <span class='ocrx_word' id='word_1_31' title='bbox 1188 653 1335 742; x_wconf 85' lang='lat' dir='ltr'>citroque</span> <span class='ocrx_word' id='word_1_32' title='bbox 1349 652 1391 716; x_wconf 79' lang='lat' dir='ltr'>sb</span> 
     </span>
     <span class='ocr_line' id='line_1_5' title="bbox 242 715 1393 831; baseline -0.013 -15"><span class='ocrx_word' id='word_1_33' title='bbox 242 767 284 816; x_wconf 75' lang='lat' dir='ltr'>ts</span> <span class='ocrx_word' id='word_1_34' title='bbox 300 715 334 816; x_wconf 57' lang='lat' dir='ltr'>tl</span> <span class='ocrx_word' id='word_1_35' title='bbox 351 745 492 831; x_wconf 87' lang='lat' dir='ltr'>utrisque</span> <span class='ocrx_word' id='word_1_36' title='bbox 515 743 546 807; x_wconf 91' lang='lat' dir='ltr'>in</span> <span class='ocrx_word' id='word_1_37' title='bbox 572 739 712 806; x_wconf 90' lang='lat' dir='ltr'>medium</span> <span class='ocrx_word' id='word_1_38' title='bbox 740 738 875 825; x_wconf 87' lang='lat' dir='ltr'>prolata,</span> <span class='ocrx_word' id='word_1_39' title='bbox 891 738 1085 814; x_wconf 77' lang='lat' dir='ltr'>conveniret,</span> <span class='ocrx_word' id='word_1_40' title='bbox 1101 751 1137 802; x_wconf 87' lang='lat' dir='ltr'>ut</span> <span class='ocrx_word' id='word_1_41' title='bbox 1159 759 1226 822; x_wconf 81' lang='lat' dir='ltr'>pert</span> <span class='ocrx_word' id='word_1_42' title='bbox 1247 736 1341 801; x_wconf 88' lang='lat' dir='ltr'>lieret</span> <span class='ocrx_word' id='word_1_43' title='bbox 1354 759 1393 802; x_wconf 82' lang='lat' dir='ltr'>es</span> 
     </span>
     <span class='ocr_line' id='line_1_6' title="bbox 245 823 1389 911; baseline -0.01 -13"><span class='ocrx_word' id='word_1_44' title='bbox 245 831 277 880; x_wconf 80' lang='lat'>⁰·</span> <span class='ocrx_word' id='word_1_45' title='bbox 293 831 322 880; x_wconf 78' lang='lat'>⁰·</span> <span class='ocrx_word' id='word_1_46' title='bbox 349 831 543 906; x_wconf 85' lang='lat' dir='ltr'>conditione,</span> <span class='ocrx_word' id='word_1_47' title='bbox 560 841 596 893; x_wconf 91' lang='lat' dir='ltr'>ut</span> <span class='ocrx_word' id='word_1_48' title='bbox 616 826 743 911; x_wconf 89' lang='lat' dir='ltr'>utrique</span> <span class='ocrx_word' id='word_1_49' title='bbox 765 824 936 889; x_wconf 85' lang='lat' dir='ltr'>redderent</span> <span class='ocrx_word' id='word_1_50' title='bbox 950 845 999 905; x_wconf 88' lang='lat' dir='ltr'>ea,</span> <span class='ocrx_word' id='word_1_51' title='bbox 1013 845 1087 909; x_wconf 75' lang='lat' dir='ltr'>quos</span> <span class='ocrx_word' id='word_1_52' title='bbox 1108 823 1194 888; x_wconf 86' lang='lat' dir='ltr'>bello</span> <span class='ocrx_word' id='word_1_53' title='bbox 1213 824 1389 908; x_wconf 79' lang='lat' dir='ltr'>cepissent:</span> 
     </span>
     <span class='ocr_line' id='line_1_7' title="bbox 250 895 1395 993; baseline -0.008 -10"><span class='ocrx_word' id='word_1_54' title='bbox 250 895 320 942; x_wconf 76' lang='lat' dir='ltr'>vm.</span> <span class='ocrx_word' id='word_1_55' title='bbox 348 917 403 982; x_wconf 86' lang='lat' dir='ltr'>sed</span> <span class='ocrx_word' id='word_1_56' title='bbox 420 915 631 981; x_wconf 78' lang='lat' dir='ltr'>Athenienses</span> <span class='ocrx_word' id='word_1_57' title='bbox 647 912 787 976; x_wconf 84' lang='lat' dir='ltr'>Nieeeem</span> <span class='ocrx_word' id='word_1_58' title='bbox 802 911 986 974; x_wconf 83' lang='lat' dir='ltr'>retinerent.</span> <span class='ocrx_word' id='word_1_59' title='bbox 1031 909 1221 993; x_wconf 80' lang='lat' dir='ltr'>(Nemeum</span> <span class='ocrx_word' id='word_1_60' title='bbox 1235 909 1395 974; x_wconf 78' lang='lat' dir='ltr'>Plataeam</span> 
     </span>
     <span class='ocr_line' id='line_1_8' title="bbox 304 990 1389 1085; baseline -0.006 -18"><span class='ocrx_word' id='word_1_61' title='bbox 304 990 314 1009; x_wconf 67' lang='lat'><strong>⁹</strong></span> <span class='ocrx_word' id='word_1_62' title='bbox 347 1001 483 1066; x_wconf 80' lang='lat' dir='ltr'>vicissim</span> <span class='ocrx_word' id='word_1_63' title='bbox 499 1009 686 1085; x_wconf 85' lang='lat' dir='ltr'>repeterent,</span> <span class='ocrx_word' id='word_1_64' title='bbox 703 995 852 1060; x_wconf 88' lang='lat' dir='ltr'>Thebani</span> <span class='ocrx_word' id='word_1_65' title='bbox 868 993 1112 1081; x_wconf 89' lang='lat' dir='ltr'>responderunt,</span> <span class='ocrx_word' id='word_1_66' title='bbox 1128 1017 1161 1059; x_wconf 87' lang='lat' dir='ltr'>se</span> <span class='ocrx_word' id='word_1_67' title='bbox 1175 993 1262 1060; x_wconf 84' lang='lat' dir='ltr'>hene</span> <span class='ocrx_word' id='word_1_68' title='bbox 1277 995 1389 1060; x_wconf 87' lang='lat' dir='ltr'>urbem</span> 
     </span>
     <span class='ocr_line' id='line_1_9' title="bbox 347 1079 1389 1173; baseline -0.01 -20"><span class='ocrx_word' id='word_1_69' title='bbox 347 1101 456 1154; x_wconf 87' lang='lat' dir='ltr'>tenere</span> <span class='ocrx_word' id='word_1_70' title='bbox 477 1107 580 1173; x_wconf 89' lang='lat' dir='ltr'>neque</span> <span class='ocrx_word' id='word_1_71' title='bbox 594 1085 636 1160; x_wconf 83' lang='lat' dir='ltr'>vi,</span> <span class='ocrx_word' id='word_1_72' title='bbox 652 1103 755 1168; x_wconf 87' lang='lat' dir='ltr'>neque</span> <span class='ocrx_word' id='word_1_73' title='bbox 777 1080 975 1165; x_wconf 87' lang='lat' dir='ltr'>proditione;</span> <span class='ocrx_word' id='word_1_74' title='bbox 999 1081 1053 1145; x_wconf 86' lang='lat' dir='ltr'>sed</span> <span class='ocrx_word' id='word_1_75' title='bbox 1069 1079 1233 1146; x_wconf 86' lang='lat' dir='ltr'>deditione</span> <span class='ocrx_word' id='word_1_76' title='bbox 1252 1081 1294 1146; x_wconf 84' lang='lat' dir='ltr'>ab</span> <span class='ocrx_word' id='word_1_77' title='bbox 1309 1080 1389 1164; x_wconf 87' lang='lat' dir='ltr'>ipsis</span> 
     </span>
     <span class='ocr_line' id='line_1_10' title="bbox 346 1165 1389 1268; baseline -0.008 -30"><span class='ocrx_word' id='word_1_78' title='bbox 346 1171 439 1239; x_wconf 81' lang='lat' dir='ltr'>lacta.</span> <span class='ocrx_word' id='word_1_79' title='bbox 485 1169 703 1250; x_wconf 82' lang='lat' dir='ltr'>Quamobrem</span> <span class='ocrx_word' id='word_1_80' title='bbox 719 1167 927 1232; x_wconf 84' lang='lat' dir='ltr'>Athenienses</span> <span class='ocrx_word' id='word_1_81' title='bbox 943 1189 1070 1268; x_wconf 74' lang='lat' dir='ltr'>quoque</span> <span class='ocrx_word' id='word_1_82' title='bbox 1083 1165 1195 1232; x_wconf 89' lang='lat' dir='ltr'>eodem</span> <span class='ocrx_word' id='word_1_83' title='bbox 1214 1167 1315 1232; x_wconf 89' lang='lat' dir='ltr'>modo</span> <span class='ocrx_word' id='word_1_84' title='bbox 1331 1166 1389 1232; x_wconf 92' lang='lat' dir='ltr'>Ni·</span> 
     </span>
     <span class='ocr_line' id='line_1_11' title="bbox 346 1251 1390 1338; baseline -0.009 -14"><span class='ocrx_word' id='word_1_85' title='bbox 346 1281 443 1324; x_wconf 78' lang='lat' dir='ltr'>saearn</span> <span class='ocrx_word' id='word_1_86' title='bbox 467 1282 487 1322; x_wconf 84' lang='lat' dir='ltr'><em>a</em></span> <span class='ocrx_word' id='word_1_87' title='bbox 508 1279 540 1324; x_wconf 85' lang='lat' dir='ltr'>se</span> <span class='ocrx_word' id='word_1_88' title='bbox 560 1257 661 1320; x_wconf 79' lang='lat' dir='ltr'>teneri</span> <span class='ocrx_word' id='word_1_89' title='bbox 685 1255 856 1334; x_wconf 72' lang='lat' dir='ltr'>dicerunt.)</span> <span class='ocrx_word' id='word_1_90' title='bbox 899 1251 995 1316; x_wconf 89' lang='lat' dir='ltr'>Tunc</span> <span class='ocrx_word' id='word_1_91' title='bbox 1020 1253 1119 1338; x_wconf 78' lang='lat' dir='ltr'>igitur</span> <span class='ocrx_word' id='word_1_92' title='bbox 1140 1251 1390 1329; x_wconf 83' lang='lat' dir='ltr'>Laoedeemonii,</span> 
     </span>
    </p>

    <p class='ocr_par' dir='ltr' id='par_1_3' title="bbox 346 1338 1390 1424">
     <span class='ocr_line' id='line_1_12' title="bbox 346 1338 1390 1424; baseline -0.007 -14"><span class='ocrx_word' id='word_1_93' title='bbox 346 1366 420 1410; x_wconf 91' lang='lat' dir='ltr'>cnrn</span> <span class='ocrx_word' id='word_1_94' title='bbox 436 1365 509 1408; x_wconf 87' lang='lat' dir='ltr'>suos</span> <span class='ocrx_word' id='word_1_95' title='bbox 520 1343 621 1406; x_wconf 89' lang='lat' dir='ltr'>socios</span> <span class='ocrx_word' id='word_1_96' title='bbox 631 1338 849 1415; x_wconf 80' lang='lat' dir='ltr'>advocassent,</span> <span class='ocrx_word' id='word_1_97' title='bbox 861 1351 893 1402; x_wconf 90' lang='lat' dir='ltr'>et</span> <span class='ocrx_word' id='word_1_98' title='bbox 905 1339 1011 1402; x_wconf 86' lang='lat' dir='ltr'>oaeteri</span> <span class='ocrx_word' id='word_1_99' title='bbox 1028 1357 1147 1416; x_wconf 86' lang='lat' dir='ltr'>omnes,</span> <span class='ocrx_word' id='word_1_100' title='bbox 1162 1351 1280 1424; x_wconf 78' lang='lat' dir='ltr'>praeter</span> <span class='ocrx_word' id='word_1_101' title='bbox 1292 1338 1390 1403; x_wconf 80' lang='lat' dir='ltr'>Boso-</span> 
     </span>
    </p>

    <p class='ocr_par' dir='ltr' id='par_1_4' title="bbox 346 1423 1391 1596">
     <span class='ocr_line' id='line_1_13' title="bbox 346 1423 1391 1511; baseline -0.007 -16"><span class='ocrx_word' id='word_1_102' title='bbox 346 1441 408 1510; x_wconf 91' lang='lat' dir='ltr'>tos,</span> <span class='ocrx_word' id='word_1_103' title='bbox 421 1442 452 1494; x_wconf 93' lang='lat' dir='ltr'>et</span> <span class='ocrx_word' id='word_1_104' title='bbox 468 1424 665 1501; x_wconf 88' lang='lat' dir='ltr'>Corinthios,</span> <span class='ocrx_word' id='word_1_105' title='bbox 681 1439 712 1489; x_wconf 91' lang='lat' dir='ltr'>et</span> <span class='ocrx_word' id='word_1_106' title='bbox 729 1423 835 1502; x_wconf 89' lang='lat' dir='ltr'>Eleos,</span> <span class='ocrx_word' id='word_1_107' title='bbox 859 1436 891 1487; x_wconf 88' lang='lat' dir='ltr'>et</span> <span class='ocrx_word' id='word_1_108' title='bbox 910 1423 1114 1511; x_wconf 78' lang='lat' dir='ltr'>Megarenses</span> <span class='ocrx_word' id='word_1_109' title='bbox 1130 1424 1194 1509; x_wconf 86' lang='lat' dir='ltr'>(his</span> <span class='ocrx_word' id='word_1_110' title='bbox 1208 1427 1294 1489; x_wconf 89' lang='lat' dir='ltr'>enim</span> <span class='ocrx_word' id='word_1_111' title='bbox 1316 1445 1391 1509; x_wconf 80' lang='lat' dir='ltr'>quse</span> 
     </span>
     <span class='ocr_line' id='line_1_14' title="bbox 346 1508 1391 1596; baseline -0.006 -16"><span class='ocrx_word' id='word_1_112' title='bbox 346 1514 467 1580; x_wconf 88' lang='lat' dir='ltr'>fiebant</span> <span class='ocrx_word' id='word_1_113' title='bbox 492 1511 579 1578; x_wconf 85' lang='lat' dir='ltr'>haud</span> <span class='ocrx_word' id='word_1_114' title='bbox 603 1510 785 1596; x_wconf 77' lang='lat' dir='ltr'>placebant)</span> <span class='ocrx_word' id='word_1_115' title='bbox 800 1509 961 1574; x_wconf 87' lang='lat' dir='ltr'>decretum</span> <span class='ocrx_word' id='word_1_116' title='bbox 977 1508 1018 1573; x_wconf 91' lang='lat' dir='ltr'>de</span> <span class='ocrx_word' id='word_1_117' title='bbox 1038 1509 1123 1573; x_wconf 91' lang='lat' dir='ltr'>bello</span> <span class='ocrx_word' id='word_1_118' title='bbox 1137 1510 1278 1575; x_wconf 86' lang='lat' dir='ltr'>finiendo</span> <span class='ocrx_word' id='word_1_119' title='bbox 1298 1510 1391 1574; x_wconf 73' lang='lat' dir='ltr'>fecis-</span> 
     </span>
    </p>

    <p class='ocr_par' dir='ltr' id='par_1_5' title="bbox 346 1593 1391 1772">
     <span class='ocr_line' id='line_1_15' title="bbox 346 1593 1391 1697; baseline -0.007 -30"><span class='ocrx_word' id='word_1_120' title='bbox 346 1613 426 1678; x_wconf 87' lang='lat' dir='ltr'>sent,</span> <span class='ocrx_word' id='word_1_121' title='bbox 439 1597 699 1684; x_wconf 84' lang='lat' dir='ltr'>compositionem</span> <span class='ocrx_word' id='word_1_122' title='bbox 711 1593 868 1697; x_wconf 55' lang='lat' dir='ltr'>lecerunt,</span> <span class='ocrx_word' id='word_1_123' title='bbox 884 1609 918 1660; x_wconf 91' lang='lat' dir='ltr'>et</span> <span class='ocrx_word' id='word_1_124' title='bbox 930 1593 1034 1658; x_wconf 88' lang='lat' dir='ltr'>foedus</span> <span class='ocrx_word' id='word_1_125' title='bbox 1048 1615 1121 1660; x_wconf 89' lang='lat' dir='ltr'>curu</span> <span class='ocrx_word' id='word_1_126' title='bbox 1136 1596 1391 1661; x_wconf 81' lang='lat' dir='ltr'>Atheniensibus</span> 
     </span>
     <span class='ocr_line' id='line_1_16' title="bbox 346 1680 1389 1772; baseline -0.007 -21"><span class='ocrx_word' id='word_1_127' title='bbox 346 1697 584 1772; x_wconf 85' lang='lat' dir='ltr'>percusserunt,</span> <span class='ocrx_word' id='word_1_128' title='bbox 600 1695 632 1748; x_wconf 90' lang='lat' dir='ltr'>et</span> <span class='ocrx_word' id='word_1_129' title='bbox 651 1681 860 1768; x_wconf 71' lang='lat' dir='ltr'>jurejurando</span> <span class='ocrx_word' id='word_1_130' title='bbox 876 1680 1117 1757; x_wconf 84' lang='lat' dir='ltr'>confirmarunt,</span> <span class='ocrx_word' id='word_1_131' title='bbox 1133 1693 1166 1746; x_wconf 91' lang='lat' dir='ltr'>et</span> <span class='ocrx_word' id='word_1_132' title='bbox 1186 1683 1323 1748; x_wconf 65' lang='lat' dir='ltr'>uiderim</span> <span class='ocrx_word' id='word_1_133' title='bbox 1344 1681 1389 1746; x_wconf 91' lang='lat' dir='ltr'>illi</span> 
     </span>
    </p>

    <p class='ocr_par' dir='ltr' id='par_1_6' title="bbox 345 1767 1390 1858">
     <span class='ocr_line' id='line_1_17' title="bbox 345 1767 1390 1858; baseline -0.004 -21"><span class='ocrx_word' id='word_1_134' title='bbox 345 1773 432 1858; x_wconf 87' lang='lat' dir='ltr'>spud</span> <span class='ocrx_word' id='word_1_135' title='bbox 448 1769 709 1836; x_wconf 76' lang='lat' dir='ltr'>Lacedaemonios</span> <span class='ocrx_word' id='word_1_136' title='bbox 725 1768 806 1845; x_wconf 81' lang='lat' dir='ltr'>haec,</span> <span class='ocrx_word' id='word_1_137' title='bbox 822 1787 892 1852; x_wconf 79' lang='lat' dir='ltr'>qtae</span> <span class='ocrx_word' id='word_1_138' title='bbox 910 1777 1084 1852; x_wconf 81' lang='lat' dir='ltr'>teqrsrsntsr,</span> <span class='ocrx_word' id='word_1_139' title='bbox 1090 1767 1304 1852; x_wconf 81' lang='lat' dir='ltr'>jurejurando</span> <span class='ocrx_word' id='word_1_140' title='bbox 1318 1791 1390 1833; x_wconf 76' lang='lat' dir='ltr'>coe-</span> 
     </span>
    </p>
   </div>
   <div class='ocr_carea' id='block_1_3' title="bbox 335 1861 1388 2021">
    <p class='ocr_par' dir='ltr' id='par_1_7' title="bbox 335 1861 1388 2021">
     <span class='ocr_line' id='line_1_18' title="bbox 335 1861 1388 2021; baseline -0.004 -11"><span class='ocrx_word' id='word_1_141' title='bbox 335 1861 648 2012; x_wconf 53' lang='lat' dir='ltr'>firlndlmlllllfflnunr</span> <span class='ocrx_word' id='word_1_142' title='bbox 677 1941 819 2008; x_wconf 80' lang='lat' dir='ltr'>fecerunt</span> <span class='ocrx_word' id='word_1_143' title='bbox 847 1937 1063 2018; x_wconf 88' lang='lat' dir='ltr'>Athenienses,</span> <span class='ocrx_word' id='word_1_144' title='bbox 1082 1952 1115 2004; x_wconf 92' lang='lat' dir='ltr'>et</span> <span class='ocrx_word' id='word_1_145' title='bbox 1138 1940 1388 2021; x_wconf 72' lang='lat' dir='ltr'>Lacedaemonii,</span> 
     </span>
    </p>
   </div>
   <div class='ocr_carea' id='block_1_4' title="bbox 267 2025 1390 4177">
    <p class='ocr_par' dir='ltr' id='par_1_8' title="bbox 267 2025 1390 4177">
     <span class='ocr_line' id='line_1_19' title="bbox 343 2025 1388 2115; baseline -0.001 -21"><span class='ocrx_word' id='word_1_146' title='bbox 343 2044 376 2095; x_wconf 89' lang='lat' dir='ltr'>ot</span> <span class='ocrx_word' id='word_1_147' title='bbox 397 2041 591 2115; x_wconf 73' lang='lat' dir='ltr'>utrorumque</span> <span class='ocrx_word' id='word_1_148' title='bbox 614 2027 702 2108; x_wconf 89' lang='lat' dir='ltr'>socii,</span> <span class='ocrx_word' id='word_1_149' title='bbox 724 2028 792 2091; x_wconf 88' lang='lat' dir='ltr'>istis</span> <span class='ocrx_word' id='word_1_150' title='bbox 813 2025 1060 2104; x_wconf 89' lang='lat' dir='ltr'>conditionibus,</span> <span class='ocrx_word' id='word_1_151' title='bbox 1077 2037 1110 2090; x_wconf 91' lang='lat' dir='ltr'>et</span> <span class='ocrx_word' id='word_1_152' title='bbox 1132 2027 1164 2089; x_wconf 92' lang='lat' dir='ltr'>in</span> <span class='ocrx_word' id='word_1_153' title='bbox 1186 2027 1323 2114; x_wconf 82' lang='lat' dir='ltr'>siugulis</span> <span class='ocrx_word' id='word_1_154' title='bbox 1345 2031 1388 2093; x_wconf 87' lang='lat' dir='ltr'>ei-</span> 
     </span>
     <span class='ocr_line' id='line_1_20' title="bbox 343 2111 1390 2199; baseline 0.001 -20"><span class='ocrx_word' id='word_1_155' title='bbox 343 2115 492 2181; x_wconf 87' lang='lat' dir='ltr'>vitatibua</span> <span class='ocrx_word' id='word_1_156' title='bbox 513 2117 578 2179; x_wconf 79' lang='lat' dir='ltr'>Iure</span> <span class='ocrx_word' id='word_1_157' title='bbox 596 2111 805 2199; x_wconf 79' lang='lat' dir='ltr'>jurejurando</span> <span class='ocrx_word' id='word_1_158' title='bbox 826 2124 895 2177; x_wconf 87' lang='lat' dir='ltr'>rata</span> <span class='ocrx_word' id='word_1_159' title='bbox 916 2111 1106 2196; x_wconf 81' lang='lat' dir='ltr'>habuerunt.</span> <span class='ocrx_word' id='word_1_160' title='bbox 1151 2111 1250 2188; x_wconf 89' lang='lat' dir='ltr'>Quod</span> <span class='ocrx_word' id='word_1_161' title='bbox 1276 2115 1390 2180; x_wconf 76' lang='lat' dir='ltr'>attinet</span> 
     </span>
     <span class='ocr_line' id='line_1_21' title="bbox 343 2195 1388 2286; baseline 0.001 -22"><span class='ocrx_word' id='word_1_162' title='bbox 343 2200 385 2266; x_wconf 78' lang='lat' dir='ltr'>sd</span> <span class='ocrx_word' id='word_1_163' title='bbox 407 2201 536 2286; x_wconf 85' lang='lat' dir='ltr'>publica</span> <span class='ocrx_word' id='word_1_164' title='bbox 557 2199 686 2285; x_wconf 83' lang='lat' dir='ltr'>templa,</span> <span class='ocrx_word' id='word_1_165' title='bbox 707 2199 801 2263; x_wconf 86' lang='lat' dir='ltr'>licere</span> <span class='ocrx_word' id='word_1_166' title='bbox 826 2195 956 2263; x_wconf 81' lang='lat' dir='ltr'>cuilibet</span> <span class='ocrx_word' id='word_1_167' title='bbox 981 2210 1051 2263; x_wconf 89' lang='lat' dir='ltr'>tuto</span> <span class='ocrx_word' id='word_1_168' title='bbox 1074 2211 1161 2264; x_wconf 87' lang='lat' dir='ltr'>terro</span> <span class='ocrx_word' id='word_1_169' title='bbox 1184 2199 1331 2286; x_wconf 89' lang='lat' dir='ltr'>marique</span> <span class='ocrx_word' id='word_1_170' title='bbox 1353 2222 1388 2265; x_wconf 85' lang='lat' dir='ltr'>eo</span> 
     </span>
     <span class='ocr_line' id='line_1_22' title="bbox 341 2282 1390 2369; baseline 0.004 -21"><span class='ocrx_word' id='word_1_171' title='bbox 341 2287 513 2369; x_wconf 85' lang='lat' dir='ltr'>proficisci,</span> <span class='ocrx_word' id='word_1_172' title='bbox 537 2297 569 2348; x_wconf 89' lang='lat' dir='ltr'>et</span> <span class='ocrx_word' id='word_1_173' title='bbox 598 2284 773 2362; x_wconf 86' lang='lat' dir='ltr'>immolare,</span> <span class='ocrx_word' id='word_1_174' title='bbox 800 2295 832 2349; x_wconf 89' lang='lat' dir='ltr'>et</span> <span class='ocrx_word' id='word_1_175' title='bbox 860 2283 990 2349; x_wconf 87' lang='lat' dir='ltr'>oracula</span> <span class='ocrx_word' id='word_1_176' title='bbox 1018 2282 1196 2360; x_wconf 86' lang='lat' dir='ltr'>consulere,</span> <span class='ocrx_word' id='word_1_177' title='bbox 1218 2297 1251 2350; x_wconf 87' lang='lat' dir='ltr'>et</span> <span class='ocrx_word' id='word_1_178' title='bbox 1279 2307 1390 2352; x_wconf 80' lang='lat' dir='ltr'>seero-</span> 
     </span>
     <span class='ocr_line' id='line_1_23' title="bbox 343 2369 1388 2458; baseline 0.002 -23"><span class='ocrx_word' id='word_1_179' title='bbox 343 2391 417 2435; x_wconf 92' lang='lat' dir='ltr'>rum</span> <span class='ocrx_word' id='word_1_180' title='bbox 431 2385 653 2458; x_wconf 85' lang='lat' dir='ltr'>procuratores</span> <span class='ocrx_word' id='word_1_181' title='bbox 674 2372 711 2434; x_wconf 84' lang='lat' dir='ltr'>ad</span> <span class='ocrx_word' id='word_1_182' title='bbox 727 2392 763 2433; x_wconf 85' lang='lat' dir='ltr'>ea</span> <span class='ocrx_word' id='word_1_183' title='bbox 777 2369 1006 2435; x_wconf 89' lang='lat' dir='ltr'>consulendum</span> <span class='ocrx_word' id='word_1_184' title='bbox 1022 2371 1159 2449; x_wconf 88' lang='lat' dir='ltr'>mittere,</span> <span class='ocrx_word' id='word_1_185' title='bbox 1174 2370 1281 2456; x_wconf 73' lang='lat' dir='ltr'>patrio</span> <span class='ocrx_word' id='word_1_186' title='bbox 1296 2371 1388 2438; x_wconf 82' lang='lat' dir='ltr'>insti-</span> 
     </span>
     <span class='ocr_line' id='line_1_24' title="bbox 342 2455 1388 2542; baseline 0.002 -20"><span class='ocrx_word' id='word_1_187' title='bbox 342 2467 422 2522; x_wconf 86' lang='lat' dir='ltr'>tuto.</span> <span class='ocrx_word' id='word_1_188' title='bbox 470 2457 595 2522; x_wconf 83' lang='lat' dir='ltr'>Fanum</span> <span class='ocrx_word' id='word_1_189' title='bbox 617 2477 691 2520; x_wconf 84' lang='lat' dir='ltr'>vero</span> <span class='ocrx_word' id='word_1_190' title='bbox 713 2455 930 2542; x_wconf 88' lang='lat' dir='ltr'>templumque</span> <span class='ocrx_word' id='word_1_191' title='bbox 945 2455 1113 2542; x_wconf 84' lang='lat' dir='ltr'>Apollinis,</span> <span class='ocrx_word' id='word_1_192' title='bbox 1134 2457 1221 2542; x_wconf 86' lang='lat' dir='ltr'>quod</span> <span class='ocrx_word' id='word_1_193' title='bbox 1241 2471 1290 2522; x_wconf 83' lang='lat' dir='ltr'>est</span> <span class='ocrx_word' id='word_1_194' title='bbox 1306 2459 1388 2524; x_wconf 83' lang='lat' dir='ltr'>Del·</span> 
     </span>
     <span class='ocr_line' id='line_1_25' title="bbox 365 2541 1387 2633; baseline 0.002 -27"><span class='ocrx_word' id='word_1_195' title='bbox 365 2543 426 2623; x_wconf 87' lang='lat' dir='ltr'>his,</span> <span class='ocrx_word' id='word_1_196' title='bbox 444 2545 593 2630; x_wconf 86' lang='lat' dir='ltr'>ipsosque</span> <span class='ocrx_word' id='word_1_197' title='bbox 603 2541 873 2626; x_wconf 86' lang='lat' dir='ltr'>Delphosliberos</span> <span class='ocrx_word' id='word_1_198' title='bbox 884 2561 964 2622; x_wconf 89' lang='lat' dir='ltr'>esse,</span> <span class='ocrx_word' id='word_1_199' title='bbox 973 2545 1019 2606; x_wconf 88' lang='lat' dir='ltr'>ito</span> <span class='ocrx_word' id='word_1_200' title='bbox 1029 2555 1065 2606; x_wconf 91' lang='lat' dir='ltr'>ut</span> <span class='ocrx_word' id='word_1_201' title='bbox 1079 2554 1212 2606; x_wconf 80' lang='lat' dir='ltr'>utentur</span> <span class='ocrx_word' id='word_1_202' title='bbox 1224 2545 1292 2608; x_wconf 85' lang='lat' dir='ltr'>suis</span> <span class='ocrx_word' id='word_1_203' title='bbox 1308 2543 1387 2633; x_wconf 66' lang='lat' dir='ltr'>legra</span> 
     </span>
     <span class='ocr_line' id='line_1_26' title="bbox 341 2564 1385 2716; baseline 0.004 -24"><span class='ocrx_word' id='word_1_204' title='bbox 341 2564 412 2704; x_wconf 74' lang='lat' dir='ltr'>bus,</span> <span class='ocrx_word' id='word_1_205' title='bbox 429 2630 493 2693; x_wconf 88' lang='lat' dir='ltr'>suis</span> <span class='ocrx_word' id='word_1_206' title='bbox 514 2627 729 2716; x_wconf 78' lang='lat' dir='ltr'>vectigalibus,</span> <span class='ocrx_word' id='word_1_207' title='bbox 746 2627 873 2716; x_wconf 84' lang='lat' dir='ltr'>suisque</span> <span class='ocrx_word' id='word_1_208' title='bbox 892 2628 1021 2713; x_wconf 82' lang='lat' dir='ltr'>judiciis</span> <span class='ocrx_word' id='word_1_209' title='bbox 1042 2629 1076 2692; x_wconf 91' lang='lat' dir='ltr'>in</span> <span class='ocrx_word' id='word_1_210' title='bbox 1100 2627 1287 2694; x_wconf 86' lang='lat' dir='ltr'>decidendis</span> <span class='ocrx_word' id='word_1_211' title='bbox 1308 2651 1385 2696; x_wconf 62' lang='lat' dir='ltr'>con*</span> 
     </span>
     <span class='ocr_line' id='line_1_27' title="bbox 342 2713 1383 2800; baseline 0.007 -24"><span class='ocrx_word' id='word_1_212' title='bbox 342 2715 502 2780; x_wconf 87' lang='lat' dir='ltr'>troversiis</span> <span class='ocrx_word' id='word_1_213' title='bbox 526 2727 594 2779; x_wconf 89' lang='lat' dir='ltr'>tum</span> <span class='ocrx_word' id='word_1_214' title='bbox 621 2735 742 2790; x_wconf 88' lang='lat' dir='ltr'>eorum,</span> <span class='ocrx_word' id='word_1_215' title='bbox 762 2713 816 2800; x_wconf 92' lang='lat' dir='ltr'>qui</span> <span class='ocrx_word' id='word_1_216' title='bbox 839 2714 872 2776; x_wconf 92' lang='lat' dir='ltr'>in</span> <span class='ocrx_word' id='word_1_217' title='bbox 894 2713 974 2778; x_wconf 91' lang='lat' dir='ltr'>urbe</span> <span class='ocrx_word' id='word_1_218' title='bbox 997 2713 1151 2791; x_wconf 81' lang='lat' dir='ltr'>habitent,</span> <span class='ocrx_word' id='word_1_219' title='bbox 1168 2729 1237 2780; x_wconf 89' lang='lat' dir='ltr'>turn</span> <span class='ocrx_word' id='word_1_220' title='bbox 1259 2737 1383 2796; x_wconf 75' lang='lat' dir='ltr'>consur,</span> 
     </span>
     <span class='ocr_line' id='line_1_28' title="bbox 341 2797 1385 2886; baseline 0.006 -24"><span class='ocrx_word' id='word_1_221' title='bbox 341 2819 422 2886; x_wconf 90' lang='lat' dir='ltr'>quos</span> <span class='ocrx_word' id='word_1_222' title='bbox 438 2800 471 2863; x_wconf 89' lang='lat' dir='ltr'>in</span> <span class='ocrx_word' id='word_1_223' title='bbox 495 2822 552 2863; x_wconf 91' lang='lat' dir='ltr'>sua</span> <span class='ocrx_word' id='word_1_224' title='bbox 573 2797 695 2862; x_wconf 89' lang='lat' dir='ltr'>ditione</span> <span class='ocrx_word' id='word_1_225' title='bbox 713 2799 844 2879; x_wconf 87' lang='lat' dir='ltr'>habent,</span> <span class='ocrx_word' id='word_1_226' title='bbox 860 2801 952 2884; x_wconf 76' lang='lat' dir='ltr'>idque</span> <span class='ocrx_word' id='word_1_227' title='bbox 972 2800 1077 2886; x_wconf 89' lang='lat' dir='ltr'>patrio</span> <span class='ocrx_word' id='word_1_228' title='bbox 1104 2801 1262 2867; x_wconf 86' lang='lat' dir='ltr'>instituto.</span> <span class='ocrx_word' id='word_1_229' title='bbox 1307 2803 1385 2868; x_wconf 81' lang='lat' dir='ltr'>Esse</span> 
     </span>
     <span class='ocr_line' id='line_1_29' title="bbox 267 2883 1385 2972; baseline 0.002 -20"><span class='ocrx_word' id='word_1_230' title='bbox 267 2943 271 2952; x_wconf 95' lang='lat'><em>.</em></span> <span class='ocrx_word' id='word_1_231' title='bbox 340 2905 439 2972; x_wconf 88' lang='lat' dir='ltr'>porro</span> <span class='ocrx_word' id='word_1_232' title='bbox 454 2883 574 2949; x_wconf 85' lang='lat' dir='ltr'>loedera</span> <span class='ocrx_word' id='word_1_233' title='bbox 592 2905 690 2950; x_wconf 89' lang='lat' dir='ltr'>annos</span> <span class='ocrx_word' id='word_1_234' title='bbox 712 2885 945 2972; x_wconf 81' lang='lat' dir='ltr'>quinquaginta</span> <span class='ocrx_word' id='word_1_235' title='bbox 963 2885 1208 2952; x_wconf 84' lang='lat' dir='ltr'>Atheniensibus</span> <span class='ocrx_word' id='word_1_236' title='bbox 1229 2909 1268 2953; x_wconf 85' lang='lat' dir='ltr'>sc</span> <span class='ocrx_word' id='word_1_237' title='bbox 1282 2888 1385 2954; x_wconf 65' lang='lat' dir='ltr'>Issos·</span> 
     </span>
     <span class='ocr_line' id='line_1_30' title="bbox 340 2969 1383 3058; baseline 0.006 -24"><span class='ocrx_word' id='word_1_238' title='bbox 340 2969 508 3036; x_wconf 83' lang='lat' dir='ltr'>dremonils</span> <span class='ocrx_word' id='word_1_239' title='bbox 517 2985 549 3036; x_wconf 91' lang='lat' dir='ltr'>et</span> <span class='ocrx_word' id='word_1_240' title='bbox 561 2983 770 3058; x_wconf 88' lang='lat' dir='ltr'>utrorumque</span> <span class='ocrx_word' id='word_1_241' title='bbox 784 2971 875 3034; x_wconf 86' lang='lat' dir='ltr'>sociis</span> <span class='ocrx_word' id='word_1_242' title='bbox 886 2972 1008 3036; x_wconf 89' lang='lat' dir='ltr'>sincera</span> <span class='ocrx_word' id='word_1_243' title='bbox 1022 2985 1054 3036; x_wconf 93' lang='lat' dir='ltr'>et</span> <span class='ocrx_word' id='word_1_244' title='bbox 1069 2972 1200 3037; x_wconf 80' lang='lat' dir='ltr'>innoxia</span> <span class='ocrx_word' id='word_1_245' title='bbox 1214 2985 1303 3039; x_wconf 87' lang='lat' dir='ltr'>terra</span> <span class='ocrx_word' id='word_1_246' title='bbox 1317 2996 1383 3040; x_wconf 79' lang='lat' dir='ltr'>ms-</span> 
     </span>
     <span class='ocr_line' id='line_1_31' title="bbox 339 3055 1381 3144; baseline 0.006 -23"><span class='ocrx_word' id='word_1_247' title='bbox 339 3055 442 3144; x_wconf 78' lang='lat' dir='ltr'>rique.</span> <span class='ocrx_word' id='word_1_248' title='bbox 490 3057 570 3122; x_wconf 88' lang='lat' dir='ltr'>Item</span> <span class='ocrx_word' id='word_1_249' title='bbox 591 3078 695 3144; x_wconf 86' lang='lat' dir='ltr'>neque</span> <span class='ocrx_word' id='word_1_250' title='bbox 717 3056 978 3135; x_wconf 74' lang='lat' dir='ltr'>lacedaemoniis,</span> <span class='ocrx_word' id='word_1_251' title='bbox 1000 3077 1104 3144; x_wconf 88' lang='lat' dir='ltr'>neque</span> <span class='ocrx_word' id='word_1_252' title='bbox 1119 3057 1381 3142; x_wconf 85' lang='lat' dir='ltr'>Atheniensibus,</span> 
     </span>
     <span class='ocr_line' id='line_1_32' title="bbox 339 3143 1380 3223; baseline 0.005 -15"><span class='ocrx_word' id='word_1_253' title='bbox 339 3163 490 3209; x_wconf 85' lang='lat' dir='ltr'>eorumve</span> <span class='ocrx_word' id='word_1_254' title='bbox 512 3143 616 3223; x_wconf 88' lang='lat' dir='ltr'>sociis,</span> <span class='ocrx_word' id='word_1_255' title='bbox 643 3163 733 3207; x_wconf 86' lang='lat' dir='ltr'>arms</span> <span class='ocrx_word' id='word_1_256' title='bbox 758 3143 819 3206; x_wconf 89' lang='lat' dir='ltr'>sibi</span> <span class='ocrx_word' id='word_1_257' title='bbox 844 3143 979 3208; x_wconf 86' lang='lat' dir='ltr'>invicem</span> <span class='ocrx_word' id='word_1_258' title='bbox 1003 3143 1121 3209; x_wconf 79' lang='lat' dir='ltr'>inferre</span> <span class='ocrx_word' id='word_1_259' title='bbox 1143 3145 1253 3210; x_wconf 72' lang='lat' dir='ltr'>damni</span> <span class='ocrx_word' id='word_1_260' title='bbox 1280 3147 1380 3213; x_wconf 82' lang='lat' dir='ltr'>dandi</span> 
     </span>
     <span class='ocr_line' id='line_1_33' title="bbox 338 3227 1379 3320; baseline 0.003 -23"><span class='ocrx_word' id='word_1_261' title='bbox 338 3250 444 3310; x_wconf 81' lang='lat' dir='ltr'>ceusu,</span> <span class='ocrx_word' id='word_1_262' title='bbox 461 3230 526 3296; x_wconf 86' lang='lat' dir='ltr'>ulls</span> <span class='ocrx_word' id='word_1_263' title='bbox 549 3230 598 3294; x_wconf 88' lang='lat' dir='ltr'>vel</span> <span class='ocrx_word' id='word_1_264' title='bbox 620 3239 690 3293; x_wconf 86' lang='lat' dir='ltr'>nrte</span> <span class='ocrx_word' id='word_1_265' title='bbox 705 3228 756 3295; x_wconf 83' lang='lat' dir='ltr'>sel</span> <span class='ocrx_word' id='word_1_266' title='bbox 777 3227 1011 3293; x_wconf 80' lang='lat' dir='ltr'>machinatione</span> <span class='ocrx_word' id='word_1_267' title='bbox 1025 3229 1130 3296; x_wconf 82' lang='lat' dir='ltr'>liceat.</span> <span class='ocrx_word' id='word_1_268' title='bbox 1176 3232 1214 3296; x_wconf 93' lang='lat' dir='ltr'>Si</span> <span class='ocrx_word' id='word_1_269' title='bbox 1228 3255 1293 3320; x_wconf 86' lang='lat' dir='ltr'>qua</span> <span class='ocrx_word' id='word_1_270' title='bbox 1304 3255 1379 3299; x_wconf 88' lang='lat' dir='ltr'>oon·</span> 
     </span>
     <span class='ocr_line' id='line_1_34' title="bbox 338 3314 1379 3406; baseline 0.006 -27"><span class='ocrx_word' id='word_1_271' title='bbox 338 3317 492 3382; x_wconf 85' lang='lat' dir='ltr'>troversia</span> <span class='ocrx_word' id='word_1_272' title='bbox 502 3317 585 3381; x_wconf 91' lang='lat' dir='ltr'>inter</span> <span class='ocrx_word' id='word_1_273' title='bbox 599 3337 654 3380; x_wconf 88' lang='lat' dir='ltr'>eos</span> <span class='ocrx_word' id='word_1_274' title='bbox 669 3314 800 3391; x_wconf 80' lang='lat' dir='ltr'>orietur,</span> <span class='ocrx_word' id='word_1_275' title='bbox 811 3316 885 3401; x_wconf 88' lang='lat' dir='ltr'>jure</span> <span class='ocrx_word' id='word_1_276' title='bbox 896 3327 1004 3402; x_wconf 79' lang='lat' dir='ltr'>agent,</span> <span class='ocrx_word' id='word_1_277' title='bbox 1012 3328 1045 3380; x_wconf 93' lang='lat' dir='ltr'>et</span> <span class='ocrx_word' id='word_1_278' title='bbox 1053 3317 1273 3403; x_wconf 72' lang='lat' dir='ltr'>Jurq&#39;unsndo,</span> <span class='ocrx_word' id='word_1_279' title='bbox 1284 3333 1379 3406; x_wconf 87' lang='lat' dir='ltr'>prout</span> 
     </span>
     <span class='ocr_line' id='line_1_35' title="bbox 336 3399 1379 3492; baseline 0.007 -27"><span class='ocrx_word' id='word_1_280' title='bbox 336 3400 421 3468; x_wconf 89' lang='lat' dir='ltr'>inter</span> <span class='ocrx_word' id='word_1_281' title='bbox 445 3425 498 3468; x_wconf 90' lang='lat' dir='ltr'>eos</span> <span class='ocrx_word' id='word_1_282' title='bbox 518 3401 712 3468; x_wconf 87' lang='lat' dir='ltr'>convenerit.</span> <span class='ocrx_word' id='word_1_283' title='bbox 757 3399 993 3466; x_wconf 83' lang='lat' dir='ltr'>Lacedaemonii</span> <span class='ocrx_word' id='word_1_284' title='bbox 1007 3423 1095 3485; x_wconf 85' lang='lat' dir='ltr'>vero,</span> <span class='ocrx_word' id='word_1_285' title='bbox 1111 3423 1287 3492; x_wconf 85' lang='lat' dir='ltr'>eorumque</span> <span class='ocrx_word' id='word_1_286' title='bbox 1301 3407 1379 3472; x_wconf 85' lang='lat' dir='ltr'>socii</span> 
     </span>
     <span class='ocr_line' id='line_1_36' title="bbox 336 3485 1378 3575; baseline 0.009 -24"><span class='ocrx_word' id='word_1_287' title='bbox 336 3487 549 3575; x_wconf 88' lang='lat' dir='ltr'>Amphipolin</span> <span class='ocrx_word' id='word_1_288' title='bbox 570 3485 818 3553; x_wconf 85' lang='lat' dir='ltr'>Atheniensibus</span> <span class='ocrx_word' id='word_1_289' title='bbox 839 3487 985 3553; x_wconf 89' lang='lat' dir='ltr'>reddant.</span> <span class='ocrx_word' id='word_1_290' title='bbox 1031 3488 1149 3554; x_wconf 85' lang='lat' dir='ltr'>Incolis</span> <span class='ocrx_word' id='word_1_291' title='bbox 1170 3511 1247 3557; x_wconf 85' lang='lat' dir='ltr'>vero</span> <span class='ocrx_word' id='word_1_292' title='bbox 1267 3492 1378 3560; x_wconf 79' lang='lat' dir='ltr'>cirita·</span> 
     </span>
     <span class='ocr_line' id='line_1_37' title="bbox 336 3571 1377 3662; baseline 0.008 -26"><span class='ocrx_word' id='word_1_293' title='bbox 336 3585 415 3651; x_wconf 87' lang='lat' dir='ltr'>tum,</span> <span class='ocrx_word' id='word_1_294' title='bbox 432 3595 638 3662; x_wconf 86' lang='lat' dir='ltr'>quascunque</span> <span class='ocrx_word' id='word_1_295' title='bbox 653 3571 891 3638; x_wconf 77' lang='lat' dir='ltr'>Lacedoemonii</span> <span class='ocrx_word' id='word_1_296' title='bbox 902 3574 1151 3640; x_wconf 84' lang='lat' dir='ltr'>Atheniensibus</span> <span class='ocrx_word' id='word_1_297' title='bbox 1164 3576 1377 3658; x_wconf 79' lang='lat' dir='ltr'>tradiderunt,</span> 
     </span>
     <span class='ocr_line' id='line_1_38' title="bbox 335 3659 1376 3750; baseline 0.009 -28"><span class='ocrx_word' id='word_1_298' title='bbox 335 3678 408 3722; x_wconf 91' lang='lat' dir='ltr'>cum</span> <span class='ocrx_word' id='word_1_299' title='bbox 434 3661 498 3724; x_wconf 88' lang='lat' dir='ltr'>suis</span> <span class='ocrx_word' id='word_1_300' title='bbox 521 3659 725 3725; x_wconf 81' lang='lat' dir='ltr'>facultatibus</span> <span class='ocrx_word' id='word_1_301' title='bbox 754 3659 843 3724; x_wconf 85' lang='lat' dir='ltr'>ubire</span> <span class='ocrx_word' id='word_1_302' title='bbox 867 3659 971 3739; x_wconf 83' lang='lat' dir='ltr'>liceat,</span> <span class='ocrx_word' id='word_1_303' title='bbox 994 3681 1186 3750; x_wconf 84' lang='lat' dir='ltr'>quocunque</span> <span class='ocrx_word' id='word_1_304' title='bbox 1207 3664 1376 3731; x_wconf 80' lang='lat' dir='ltr'>volueriut.</span> 
     </span>
     <span class='ocr_line' id='line_1_39' title="bbox 334 3743 1378 3836; baseline 0.009 -28"><span class='ocrx_word' id='word_1_305' title='bbox 334 3743 417 3829; x_wconf 84' lang='lat' dir='ltr'>lpsae</span> <span class='ocrx_word' id='word_1_306' title='bbox 432 3768 507 3811; x_wconf 88' lang='lat' dir='ltr'>vero</span> <span class='ocrx_word' id='word_1_307' title='bbox 528 3747 672 3812; x_wconf 86' lang='lat' dir='ltr'>civitates</span> <span class='ocrx_word' id='word_1_308' title='bbox 695 3745 806 3810; x_wconf 79' lang='lat' dir='ltr'>liberte</span> <span class='ocrx_word' id='word_1_309' title='bbox 821 3746 896 3822; x_wconf 85' lang='lat' dir='ltr'>sint,</span> <span class='ocrx_word' id='word_1_310' title='bbox 914 3747 957 3812; x_wconf 80' lang='lat' dir='ltr'>ita</span> <span class='ocrx_word' id='word_1_311' title='bbox 972 3759 1090 3826; x_wconf 85' lang='lat' dir='ltr'>tamen,</span> <span class='ocrx_word' id='word_1_312' title='bbox 1107 3761 1143 3813; x_wconf 88' lang='lat' dir='ltr'>ut</span> <span class='ocrx_word' id='word_1_313' title='bbox 1156 3749 1302 3836; x_wconf 79' lang='lat' dir='ltr'>pendunt</span> <span class='ocrx_word' id='word_1_314' title='bbox 1319 3754 1378 3817; x_wconf 80' lang='lat' dir='ltr'>tsi·</span> 
     </span>
     <span class='ocr_line' id='line_1_40' title="bbox 333 3829 1377 3921; baseline 0.011 -28"><span class='ocrx_word' id='word_1_315' title='bbox 333 3829 458 3912; x_wconf 87' lang='lat' dir='ltr'>butum,</span> <span class='ocrx_word' id='word_1_316' title='bbox 489 3833 575 3920; x_wconf 89' lang='lat' dir='ltr'>quod</span> <span class='ocrx_word' id='word_1_317' title='bbox 605 3831 753 3898; x_wconf 86' lang='lat' dir='ltr'>Aristidis</span> <span class='ocrx_word' id='word_1_318' title='bbox 783 3843 928 3918; x_wconf 84' lang='lat' dir='ltr'>ternpore</span> <span class='ocrx_word' id='word_1_319' title='bbox 962 3833 1147 3918; x_wconf 85' lang='lat' dir='ltr'>impositum</span> <span class='ocrx_word' id='word_1_320' title='bbox 1181 3837 1377 3921; x_wconf 73' lang='lat' dir='ltr'>pendebant</span> 
     </span>
     <span class='ocr_line' id='line_1_41' title="bbox 334 3915 1378 4002; baseline 0.01 -22"><span class='ocrx_word' id='word_1_321' title='bbox 334 3915 496 3992; x_wconf 78' lang='lat' dir='ltr'>Quoniam</span> <span class='ocrx_word' id='word_1_322' title='bbox 513 3933 618 3984; x_wconf 83' lang='lat' dir='ltr'>nutem</span> <span class='ocrx_word' id='word_1_323' title='bbox 634 3917 754 3982; x_wconf 85' lang='lat' dir='ltr'>foetlera</span> <span class='ocrx_word' id='word_1_324' title='bbox 774 3917 855 3983; x_wconf 84' lang='lat' dir='ltr'>lecto</span> <span class='ocrx_word' id='word_1_325' title='bbox 874 3933 958 3998; x_wconf 88' lang='lat' dir='ltr'>sunt,</span> <span class='ocrx_word' id='word_1_326' title='bbox 974 3920 1232 4002; x_wconf 83' lang='lat' dir='ltr'>Atheniensibus,</span> <span class='ocrx_word' id='word_1_327' title='bbox 1247 3946 1378 3990; x_wconf 87' lang='lat' dir='ltr'>eorum·</span> 
     </span>
     <span class='ocr_line' id='line_1_42' title="bbox 332 4004 1378 4091; baseline 0.01 -24"><span class='ocrx_word' id='word_1_328' title='bbox 332 4023 395 4088; x_wconf 91' lang='lat' dir='ltr'>que</span> <span class='ocrx_word' id='word_1_329' title='bbox 409 4006 501 4070; x_wconf 88' lang='lat' dir='ltr'>sociis</span> <span class='ocrx_word' id='word_1_330' title='bbox 511 4006 565 4091; x_wconf 87' lang='lat' dir='ltr'>jus</span> <span class='ocrx_word' id='word_1_331' title='bbox 580 4027 621 4069; x_wconf 91' lang='lat' dir='ltr'>ne</span> <span class='ocrx_word' id='word_1_332' title='bbox 635 4004 687 4084; x_wconf 88' lang='lat' dir='ltr'>sit,</span> <span class='ocrx_word' id='word_1_333' title='bbox 697 4025 787 4068; x_wconf 84' lang='lat' dir='ltr'>arma</span> <span class='ocrx_word' id='word_1_334' title='bbox 795 4004 934 4070; x_wconf 85' lang='lat' dir='ltr'>nocendi</span> <span class='ocrx_word' id='word_1_335' title='bbox 949 4027 1043 4070; x_wconf 83' lang='lat' dir='ltr'>censs</span> <span class='ocrx_word' id='word_1_336' title='bbox 1055 4005 1117 4071; x_wconf 88' lang='lat' dir='ltr'>illis</span> <span class='ocrx_word' id='word_1_337' title='bbox 1131 4007 1258 4088; x_wconf 90' lang='lat' dir='ltr'>inferre,</span> <span class='ocrx_word' id='word_1_338' title='bbox 1275 4012 1303 4075; x_wconf 90' lang='lat' dir='ltr'>si</span> <span class='ocrx_word' id='word_1_339' title='bbox 1318 4013 1378 4077; x_wconf 90' lang='lat' dir='ltr'>tri·</span> 
     </span>
     <span class='ocr_line' id='line_1_43' title="bbox 333 4088 1380 4177; baseline 0.011 -25"><span class='ocrx_word' id='word_1_340' title='bbox 333 4089 445 4156; x_wconf 89' lang='lat' dir='ltr'>butum</span> <span class='ocrx_word' id='word_1_341' title='bbox 470 4091 623 4177; x_wconf 90' lang='lat' dir='ltr'>pendunt.</span> <span class='ocrx_word' id='word_1_342' title='bbox 670 4088 802 4154; x_wconf 90' lang='lat' dir='ltr'>Illorum</span> <span class='ocrx_word' id='word_1_343' title='bbox 824 4105 931 4156; x_wconf 87' lang='lat' dir='ltr'>sutem</span> <span class='ocrx_word' id='word_1_344' title='bbox 955 4092 1117 4158; x_wconf 82' lang='lat' dir='ltr'>oisitstunr</span> <span class='ocrx_word' id='word_1_345' title='bbox 1136 4093 1206 4161; x_wconf 90' lang='lat' dir='ltr'>heec</span> <span class='ocrx_word' id='word_1_346' title='bbox 1226 4111 1302 4163; x_wconf 89' lang='lat' dir='ltr'>sunt</span> <span class='ocrx_word' id='word_1_347' title='bbox 1317 4120 1380 4164; x_wconf 90' lang='lat' dir='ltr'>no-</span> 
     </span>
    </p>
   </div>
   <div class='ocr_carea' id='block_1_5' title="bbox 414 4287 1290 4344">
    <p class='ocr_par' dir='ltr' id='par_1_9' title="bbox 414 4287 1290 4344">
     <span class='ocr_line' id='line_1_44' title="bbox 414 4287 1290 4344; baseline 0.011 -10"><span class='ocrx_word' id='word_1_348' title='bbox 414 4291 427 4318; x_wconf 86' lang='lat'><em>⁰</em></span> <span class='ocrx_word' id='word_1_349' title='bbox 436 4289 511 4343; x_wconf 81' lang='lat' dir='ltr'>Quod</span> <span class='ocrx_word' id='word_1_350' title='bbox 523 4291 654 4336; x_wconf 80' lang='lat' dir='ltr'>castellnin</span> <span class='ocrx_word' id='word_1_351' title='bbox 663 4287 746 4336; x_wconf 79' lang='lat' dir='ltr'>Attica</span> <span class='ocrx_word' id='word_1_352' title='bbox 757 4291 933 4338; x_wconf 75' lang='lat' dir='ltr'>communituri</span> <span class='ocrx_word' id='word_1_353' title='bbox 944 4297 1024 4340; x_wconf 84' lang='lat' dir='ltr'>esseut</span> <span class='ocrx_word' id='word_1_354' title='bbox 1035 4297 1084 4342; x_wconf 87' lang='lat' dir='ltr'>ete.</span> <span class='ocrx_word' id='word_1_355' title='bbox 1105 4293 1166 4342; x_wconf 78' lang='lat' dir='ltr'>Alr&#39;r&#39;.</span> <span class='ocrx_word' id='word_1_356' title='bbox 1200 4294 1290 4344; x_wconf 63' lang='lat' dir='ltr'>llum</span> 
     </span>
    </p>
   </div>
   <div class='ocr_carea' id='block_1_6' title="bbox 0 0 1496 4786">
    <p class='ocr_par' dir='ltr' id='par_1_10' title="bbox 0 0 1496 4786">
     <span class='ocr_line' id='line_1_45' title="bbox 0 0 1496 4786; baseline 0 5"><span class='ocrx_word' id='word_1_357' title='bbox 0 0 1496 4786; x_wconf 95' lang='lat' dir='ltr'> </span> 
     </span>
    </p>
   </div>
  </div>
 </body>
</html>
