2964 4786
335 303 399 363 866
690 290 993 362 THUCYDIDIS

239 483 302 536 tut.
332 465 464 543 tionem,
487 475 519 530 et
539 485 613 530 cum
635 465 725 530 tenni
750 487 770 530 a
794 477 906 549 paratu
927 463 1060 549 profecti
1082 475 1168 530 sunt.
1211 465 1277 530 Sed
1301 464 1373 532 hac

227 549 310 612 Μῦν·
332 551 504 636 expeditio,
520 552 639 638 qnippe
657 549 743 650 quod
766 485 917 616 diuturna
936 549 1045 615 futura
1064 561 1154 628 esset,
1172 562 1308 637 utraque
1323 574 1372 618 ra-

221 625 261 660 ⁸¹²‘
275 615 318 740 ¹12
332 638 429 715 tione,
452 649 525 702 utra
546 658 626 721 opus
648 659 676 700 er
696 636 817 716 fuisset,
838 647 871 700 ct
891 635 1025 701 navibus
1046 636 1140 701 simul
1161 651 1193 702 et
1214 637 1371 721 peditatu,

227 740 309 790 Μ.
331 733 399 790 erat
420 723 585 787 instructa.
630 722 674 787 Et
695 723 801 786 dassia
822 721 951 808 quidem
974 722 1099 810 magnis
1121 723 1371 788 trierarcborum

228 805 263 916 3·
279 807 307 856 ⁰⁴
331 821 364 874 et
380 808 568 893 reipublicoe
590 808 746 874 sumtibus
767 821 836 872 erat
856 805 1013 873 laboriose
1033 821 1155 893 parata.
1200 809 1289 874 Nam
1308 831 1371 874 res·

238 885 303 984 ff·
330 893 459 979 publica
482 895 612 980 quidem
638 893 778 981 singulas
803 893 970 958 drachmas
1001 894 1132 981 singulis
1158 896 1267 960 nautis
1293 918 1371 982 quo-

287 968 295 984 ⁰
327 979 406 1045 tidie
430 979 537 1058 dabat,
564 992 595 1044 et
619 1001 715 1045 naves
739 975 853 1044 inanes
882 980 1049 1066 sexaginta
1077 981 1206 1066 quidem
1236 979 1370 1061 veloces,

326 1065 540 1152 quadraginta
565 1086 642 1130 uero
667 1066 708 1131 ad
796 1066 843 1130 vis
871 1079 1042 1130 armature
1065 1065 1180 1130 milites
1205 1065 1369 1131 vehendos

326 1152 556 1238 suppeditarat.
599 1151 748 1216 Trierarc
771 1151 782 1214 i
804 1172 879 1215 vero
908 1151 1183 1236 praestantissimos
1207 1153 1370 1218 ministros

325 1235 386 1314 bis,
398 1250 432 1303 et
445 1251 563 1324 proeter
584 1236 746 1321 publicum
762 1235 955 1320 stipendium
971 1238 1064 1302 etiam
1080 1237 1369 1304 extraordinarium

325 1323 364 1388 de
377 1327 441 1388 suis
457 1324 595 1406 priuatis
604 1323 750 1406 firrturrir
772 1322 891 1388 dabant
912 1321 974 1387 iliis
995 1323 1111 1403 nautis,
1127 1323 1183 1409 qui
1198 1321 1369 1388 Thranitae

325 1422 491 1487 vocantur,
506 1418 539 1471 et
547 1408 815 1490 praestamimimis
833 1409 957 1474 muium
979 1409 1141 1474 ministris.
1185 1408 1232 1473 Et
1245 1409 1368 1476 caeteris

323 1494 419 1558 aiam
436 1495 471 1558 in
494 1493 588 1558 rebus
610 1493 718 1594 signis,
733 1505 766 1560 et
786 1491 927 1560 artificiis
948 1495 1117 1559 sumtuosis
1138 1495 1368 1574 instruxerant,

324 1592 357 1644 et
374 1601 476 1646 eorum
491 1591 730 1678 ¹uuusquraque
751 1599 910 1646 summum
932 1579 1073 1645 studium
1090 1582 1135 1644 cd
1154 1582 1211 1645 boc
1230 1580 1367 1646 adbibu-

322 1679 402 1742 erat,
420 1678 455 1730 ut
469 1688 527 1730 sua
545 1686 633 1730 narra
652 1667 736 1730 inter
755 1676 887 1730 caeteras
907 1679 939 1729 et
957 1664 1065 1751 aliquo
1080 1665 1197 1730 decore
1211 1679 1244 1731 et
1258 1667 1368 1732 celeri·

322 1763 387 1814 tate
397 1749 493 1838 longe
508 1762 683 1836 praestaret.
718 1749 881 1816 Peditatus
891 1773 967 1816 sero
981 1752 1181 1835 conscriptus
1196 1754 1304 1818 fuerat
1314 1753 1366 1818 de·

322 1833 409 1900 lectu
423 1837 657 1904 accuratissime
671 1835 793 1917 habito,
808 1850 840 1902 ct
860 1858 979 1923 magno
996 1835 1102 1902 studio
1117 1837 1202 1902 inter
1216 1860 1252 1902 se
1267 1855 1366 1906 certa·

322 1934 434 1987 serant
447 1945 609 1987 armorum
625 1935 657 1988 et
672 1923 802 1987 vestitus
816 1921 981 2010 elegantia.
1027 1921 1173 2009 Contigit
1195 1936 1317 2004 autem,
1334 1935 1366 1990 ut

320 2006 417 2072 simul
431 2023 463 2074 et
476 2008 524 2072 illi
537 2010 621 2074 inter
634 2031 669 2074 se
682 2021 840 2072 certarent
855 2011 893 2072 de
907 2010 965 2072 itta
979 2031 1023 2085 re,
1037 2031 1111 2096 quae
1128 2009 1304 2096 unicuique
1317 2009 1364 2075 fu·

320 2106 389 2158 erat
408 2095 585 2182 assignata3
608 2105 640 2158 et
660 2093 749 2179 apud
770 2105 904 2158 ceteros
921 2093 1055 2159 Graecos
1070 2096 1125 2158 hoc
1138 2099 1295 2179 potentiae
1308 2118 1363 2181 po·

321 2179 383 2242 tius
405 2201 443 2244 ac
464 2201 652 2265 magnarum
675 2200 773 2263 opum
803 2180 973 2244 ostentatio
993 2179 1164 2256 uideretur,
1177 2203 1289 2266 quem
1309 2183 1362 2246 ad-

319 2285 428 2329 versus
443 2265 568 2329 hostem
591 2277 771 2349 apparatus.
817 2265 852 2330 Si
873 2267 944 2350 quis
965 2265 1050 2330 enim
1073 2265 1230 2331 rationem
1245 2267 1362 2334 iniisset

318 2361 352 2413 et
366 2363 539 2428 sumtuum,
555 2372 635 2437 quos
656 2350 765 2414 civitas
788 2350 916 2434 publice
937 2363 970 2416 et
992 2351 1209 2438 unusquisque
1225 2353 1361 2420 militum

318 2435 467 2520 privatim
482 2434 608 2513 fecerat,
624 2447 756 2516 tumea,
772 2457 845 2521 quae
864 2437 974 2502 civitas
991 2439 1058 2523 jam
1074 2449 1146 2502 ante
1161 2451 1360 2524 erogaverat,

318 2534 386 2586 tum
402 2545 451 2599 ea,
467 2545 539 2608 quae
562 2520 819 2607 imperatoribus,
835 2544 915 2608 quos
934 2523 1088 2600 mittebat,
1105 2545 1211 2588 secum
1227 2525 1360 2610 abspor-

316 2607 416 2681 tanda
430 2610 574 2688 dederat,
588 2623 658 2673 tum
673 2607 768 2673 etiam
783 2629 830 2686 ea,
843 2630 916 2694 quae
931 2608 1147 2695 unusquisque
1161 2611 1359 2693 privatorum

315 2691 350 2756 in
365 2695 510 2778 corporis
530 2694 663 2771 cultum,
679 2708 710 2759 et
726 2693 938 2760 Trierarohus
958 2697 993 2758 in
1007 2717 1092 2760 suom
1107 2715 1220 2760 navem
1238 2698 1359 2784 impen-

312 2776 416 2856 derat,
441 2791 498 2844 aut
523 2802 596 2865 quae
617 2793 774 2865 preterea
796 2779 831 2844 in
855 2793 1018 2866 posterum
1043 2793 1113 2846 erat
1136 2781 1356 2866 impensurus:

318 2876 436 2946 preater
451 2887 498 2941 ea,
509 2887 583 2952 quae
598 2865 767 2930 verisimile
780 2879 849 2930 erat
865 2888 1131 2953 unumquemque,
1142 2873 1264 2951 praeter
1279 2871 1356 2955 pub-

314 2947 411 3014 licum
434 2951 639 3034 stipendium,
656 2971 853 3035 preparasse
874 2951 980 3016 viatici
1002 2975 1106 3030 causa
1129 2952 1251 3039 quippe
1273 2957 1355 3043 quod

309 3035 352 3098 ad
372 3035 558 3101 diuturnam
580 3036 727 3102 militiam
750 3035 853 3101 iturus
875 3051 971 3114 esset3
995 3038 1070 3104 item
1093 3060 1297 3128 quaecunque
1310 3043 1355 3108 rel

309 3119 412 3200 miles,
428 3122 477 3187 vel
491 3134 649 3187 mercator
664 3121 887 3204 negotiationis
900 3124 1004 3210 gratia
1014 3146 1120 3189 secuns
1134 3123 1226 3190 tulit:
1246 3129 1354 3212 irpro-

296 3206 388 3290 fecto
401 3208 634 3292 permultorum
658 3207 851 3272 talentorum
873 3231 1029 3276 summam
1052 3231 1093 3274 ex
1116 3211 1196 3274 urbe
1210 3223 1286 3279 tunc
1299 3237 1354 3280 ex·

308 3303 468 3375 portatam
489 3293 587 3358 fuisse
613 3294 831 3379 comperisset.
877 3293 960 3360 Hoec
982 3294 1080 3382 igitur
1102 3297 1268 3381 expeditio
1291 3323 1352 3366 non

307 3378 414 3443 minus
428 3380 471 3444 ob
486 3378 705 3444 admirandam
720 3379 898 3457 audaciam,
912 3394 944 3446 et
957 3381 1127 3465 spectaculi
1138 3382 1351 3467 splendorem,

306 3483 403 3547 quam
425 3466 470 3528 ob
490 3466 648 3531 exercitus
670 3465 935 3552 magnitudinem,
951 3467 1082 3532 celebris
1103 3467 1164 3533 fuit
1184 3474 1275 3552 apud
1295 3496 1350 3551 eos,

217 3563 221 3572 ·
304 3546 457 3614 adversos
472 3573 552 3636 quos
566 3549 868 3635 proficiscebantur:
892 3567 1056 3633 praeterea,
1073 3552 1161 3640 quod
1179 3553 1252 3621 haec
1267 3560 1351 3624 nari·

302 3633 391 3781 gratio
413 3635 455 3699 ab
477 3658 555 3719 agro
577 3636 754 3702 domestico
776 3635 967 3723 longissime,
991 3652 1022 3703 et
1045 3660 1151 3703 rerum
1175 3640 1349 3726 adipiscen-

326 3739 417 3784 arum
442 3722 608 3806 proposita
633 3744 689 3806 spe
713 3721 810 3808 longe
836 3724 960 3809 majori,
981 3746 1077 3812 quam
1103 3741 1278 3809 praesentes
1303 3733 1348 3814 s'p-

301 3823 402 3870 romm
417 3827 493 3888 opes
507 3805 637 3885 ferrent,
654 3820 731 3872 tunc
746 3823 893 3893 suscepta
906 3809 1025 3874 fuisset.

343 3897 396 3955 82.
420 3889 532 3968 Quum
548 3905 654 3958 autem
671 3915 766 3959 naves
781 3897 860 3960 uiris
876 3895 1016 3980 impletas
1028 3894 1166 3974 suerunt,
1179 3901 1347 4000 omniaque

292 3973 362 4060 jam
380 3975 632 4065 impositaque
655 4000 766 4044 secum
787 3993 879 4045 erant
900 3981 1007 4059 laturi,
1024 3983 1101 4048 tuba
1121 3982 1283 4050 silentium
1299 4007 1345 4050 rn-

334 4185 511 4250 SUnoquoque
522 4191 548 4236 in
558 4191 731 4252 longissimum
743 4196 906 4254 praeparante,
917 4200 945 4241 ut
957 4205 1000 4241 sua
1011 4200 1056 4242 etc.
1084 4193 1161 4247 Valla.
1195 4198 1344 4262 Unoquoque

300 4250 327 4296 m
337 4264 412 4312 quam
424 4253 593 4316 longissimum
604 4257 650 4303 rtbt
664 4263 763 4318 tempus
774 4259 945 4320 prospiciente,
958 4265 986 4306 ut
997 4265 1044 4310 stc.
1064 4259 1174 4312 Amas.
1208 4263 1297 4313 rinos.
