2990 4792
390 301 638 371 morotum
661 301 750 369 LIB.
776 301 822 368 11.
1077 303 1139 368 127

94 475 234 542 naribus
255 473 425 541 &tionem
448 473 574 554 habuit,
593 471 711 562 quihus
732 475 828 540 etiam
848 473 882 540 in
900 471 1016 561 proelio
1036 469 1141 538 navali
1170 488 1236 540 asu

93 575 147 628 est
159 583 245 628 usus.
293 561 370 627 Hoc
384 573 489 628 antem
506 561 629 628 Rhium
645 561 894 628 Atheniensibus
908 573 978 626 erat
992 561 1140 626 amicum.
1162 557 1246 618 resp.

95 649 250 715 Alterum
279 651 356 714 re'ro
387 648 520 724 Rhium,
546 647 634 734 qnod
660 660 708 712 est
732 648 766 712 in
792 647 1026 733 Peloponneso,
1049 658 1096 711 est
1123 624 1248 752 ruffi

98 736 248 822 regione:
278 735 377 801 maris
401 746 506 800 autem
536 733 706 799 intervallo
730 733 906 800 stadiorum
932 733 998 800 fere
1021 747 1141 820 septem
1165 724 1257 802 ont?

98 821 239 888 alterum
263 822 305 887 ab
330 821 431 886 altero
451 820 562 887 distet.
586 818 650 887 hoo
674 839 750 885 vero
772 833 820 885 est
846 819 959 886 Crisaei
984 820 1071 885 sinus
1096 841 1143 886 os.
1169 823 1242 873 ¹1·st

100 907 334 994 Peloponnesii
360 907 460 995 igitur
488 906 529 971 ad
559 907 681 971 Rhium
707 905 899 988 Acheloum,
923 906 1010 994 quod
1036 929 1055 971 a
1081 907 1144 972 Pa-
1171 891 1241 1009 {2⁸2¹

101 1015 224 1060 normo
247 1015 315 1058 non
339 991 476 1058 multum
500 991 620 1071 aberat,
645 994 677 1057 in
706 1006 887 1080 quoerant
910 993 1071 1079 pedestres
1096 994 1146 1079 ip-
1225 994 1235 1012 ⁴

100 1103 214 1146 sorum
236 1078 350 1166 copies,
366 1091 400 1144 et
418 1079 491 1165 ipsi,
509 1091 679 1165 postquam
700 1093 733 1145 et
753 1079 965 1146 Athenienses
985 1091 1147 1166 conspex-

101 1155 311 1319 ms
331 1179 462 1338 arn
476 1165 1148 1337 augmentemus

103 1277 304 1418 hiisusrum,
325 1337 476 1425 proelium
501 1338 615 1403 navale
640 1339 830 1404 meditantes
857 1361 895 1406 ae
944 1353 1148 1424 roeparantes.

106 1427 162 1493 Eo
185 1424 332 1505 oonsilio,
353 1425 387 1490 hi
408 1423 551 1512 quidem,
576 1426 660 1510 quod
683 1438 775 1490 extra
795 1423 867 1491 hare
942 1427 973 1491 ia
991 1427 1026 1490 in
1048 1426 1149 1491 latum

106 1534 200 1580 mare
220 1533 259 1600 pr
360 1512 372 1576 i
394 1531 460 1576 non
478 1510 643 1588 auderent,
663 1511 828 1597 superiore
848 1510 940 1578 clade
958 1512 1078 1578 territi:
1102 1511 1151 1576 illi

106 1621 197 1676 vero,
213 1621 233 1682 q
315 1597 349 1664 in
363 1597 527 1685 angustias
541 1596 667 1682 ingredi
681 1597 813 1677 nollent,
829 1599 906 1685 quia
924 1598 1151 1665 existimabant

108 1709 173 1772 pro
195 1684 257 1749 illis
278 1683 393 1762 faeere,
412 1683 561 1770 proelium
581 1683 616 1748 in
637 1705 677 1748 an
725 1685 792 1749 stiis
810 1685 977 1751 oommitti.
1021 1685 1152 1752 Deinde

111 1773 270 1848 Cnemns,
281 1769 445 1847 Brasidas,
456 1769 628 1856 oaeterique
642 1705 948 1856 Peiuoponnesiorum
959 1772 1065 1850 duces,
1078 1791 1152 1837 otuu

110 1857 267 1946 proelinm
286 1856 399 1922 navale
420 1857 532 1941 primo:
548 1876 677 1942 quoque
701 1868 844 1958 tempore
867 1859 1066 1923 committere
1088 1857 1153 1922 sel·

111 1947 191 2023 lent,
206 1944 297 2030 priua
311 1965 407 2044 quam
425 1963 509 2006 nova
528 1940 637 2008 elassis
656 1943 793 2008 Athenis
811 1944 907 2008 missa
925 1943 993 2010 istis
1012 1943 1156 2009 subsidio

114 2030 248 2108 veniret,
277 2048 419 2114 primum
447 2029 564 2132 milites
598 2041 831 2108 oouvoesrunt3
865 2051 1002 2132 eumque
1033 2029 1154 2113 multos

113 2127 417 2353 hildelida}
434 2115 1155 2283 tuttuhlthhhlhtttlttt

107 2309 215 2356 mn
234 2335 243 2354 ,
776 2334 781 2342 .

160 2383 217 2444 87.
242 2382 265 2416 “
278 2375 316 2441 Sr
336 2373 407 2462 quis
427 2387 578 2452 vestrum,
599 2374 671 2440 Viri
697 2373 929 2462 Peloponnesii,
950 2387 1082 2463 propter
1103 2399 1157 2444 su·

115 2463 277 2563 perierem
298 2460 446 2563 navalem
462 2481 622 2565 pugnam,
638 2459 778 2528 futuram
801 2463 897 2528 etiam
921 2464 1158 2542 reformidatis

117 2546 459 2711 tumul
461 2561 758 2720 titillatu?
769 2548 1039 2713 ,ξι-ἰξὲἓωιέ
1046 2570 1159 2701 12²,th

119 2719 271 2806 proelinm
292 2721 521 2806 potiusquam
544 2719 585 2784 ad
609 2730 789 2786 terrestrem
811 2723 1049 2807 expeditionem
1072 2723 1161 2787 nevi·

118 2809 287 2896 gabauros.
332 2805 516 2882 Quinetiam
531 2827 597 2870 non
611 2827 723 2892 psueae
742 2828 794 2872 res
808 2808 958 2886 adversm,
972 2807 1102 2874 fortuna
1115 2809 1161 2873 ita

118 2897 262 2970 rotense,
288 2891 381 2958 nobis
405 2892 600 2958 acciderunt.
654 2893 812 2959 Nonnihil
837 2896 932 2970 etiarn
959 2896 1028 2980 ipsa
1041 2912 1161 2960 rerunt

119 2981 324 3046 nautiosrum
338 2979 498 3064 imperitia
510 2999 580 3056 nos,
596 2978 651 3065 qui
668 2994 744 3045 tuno
758 2979 898 3065 primum
913 2981 1021 3067 proelii
1041 2981 1162 3046 navalis

122 3064 302 3153 pericnlum
316 3063 458 3144 fecimus,
473 3063 684 3131 labefactavit.
728 3066 843 3152 Itaque
864 3087 933 3148 non¹
951 3077 1085 3153 propter
1103 3087 1163 3131 no·

121 3166 224 3218 utrem
246 3152 405 3238 ignaviam
426 3150 552 3227 accidit,
574 3163 611 3215 ut
631 3173 862 3239 superaremur.
889 3173 995 3240 nsque
1014 3153 1163 3218 eonvenit

123 3239 262 3320 animos,
300 3237 405 3323 uiper
420 3237 484 3301 vim
498 3237 638 3322 superati
652 3259 717 3314 uon
739 3237 880 3317 luerunt,
892 3251 927 3304 et
949 3239 1004 3325 qui
1025 3239 1165 3303 rationes

1 3387 2 3393 ,
125 3327 252 3412 aliquas
277 3259 414 3400 habent,
444 3345 522 3410 quas
557 3323 746 3390 adversariis
779 3324 941 3411 objiciant,
977 3324 1165 3391 calamitatis

127 3421 248 3477 eventu
273 3407 450 3474 debilitaris
479 3407 534 3474 sed
560 3409 750 3488 existimare,
776 3431 836 3475 usu
861 3411 982 3492 venire,
1006 3421 1043 3476 ut
1071 3411 1165 3476 rebus

128 3496 260 3582 quidem
282 3494 421 3560 fortuitis
441 3492 586 3560 homines
607 3493 777 3573 fallantur3
799 3495 854 3561 sed
875 3497 981 3576 iidem,
997 3497 1024 3561 si
1043 3497 1167 3562 animos
1219 3573 1221 3575 ¹

127 3583 228 3650 fortes
248 3581 397 3659 habeant,
413 3601 537 3667 semper
557 3593 640 3648 stent
660 3582 767 3648 erecti.
789 3603 893 3670 neque
907 3585 991 3649 decer
1004 3586 1086 3668 ipsos
1106 3584 1167 3648 im·

1 3699 2 3710 ¹
128 3669 280 3758 peritiam
302 3667 546 3752 pretendentes,
561 3689 634 3734 curn
656 3667 754 3734 animi
776 3668 877 3734 virtus
897 3669 990 3751 adsit,
1005 3669 1113 3756 aliqua
1133 3670 1169 3734 in

131 3779 168 3822 re
195 3755 322 3820 merito*
341 3755 472 3845 ignavos
501 3771 578 3820 esse.
622 3753 690 3820 Vos
713 3766 820 3820 autern
849 3775 915 3821 nou
945 3769 1010 3822 tam
1036 3763 1170 3842 propter

131 3840 326 3927 imperitiam
340 3840 414 3905 estis
428 3839 603 3918 inferiores,
618 3861 714 3926 quarn
736 3853 871 3927 propter
892 3841 1056 3908 audaciam
1077 3863 1170 3928 supa-

132 3930 245 3994 riores.
291 3924 424 3991 Horum
447 3947 521 3992 sero
542 3927 684 4004 seientia,
699 3930 960 4014 quammaxime
979 3927 1170 4008 formidatis,

134 4015 163 4082 si
191 4035 268 4080 eum
295 4011 481 4078 fortitudine
506 4013 546 4078 ait
571 4013 751 4163 oopp'unota,
778 4033 901 4080 memor
929 4015 1025 4081 etiam
1049 4015 1110 4079 'erit
1136 4015 1170 4078 in

136 4099 286 4188 perieulis
416 4119 512 4175 reea,
526 4121 601 4185 quse
638 4098 745 4166 idicit:
769 4099 906 4166 sedsine
920 4102 1017 4166 animi
1037 4119 1172 4190 genero·

119 4187 229 4253 ¹nitate
257 4182 346 4251 nula
374 4206 428 4265 ars
457 4183 606 4250 adversus
634 4184 775 4269 pericula
802 4186 895 4262 valet.
946 4186 1056 4252 Metus
1087 4187 1172 4250 enim

139 4271 324 4340 memoriam
339 4271 472 4353 excutit,
487 4293 538 4336 ars
554 4291 631 4337 vero
645 4273 714 4338 sine
728 4271 915 4338 fortitudine
929 4271 1009 4339 nihil
1030 4271 1172 4358 prodest.
