3004 4768
359 253 425 312 442
715 240 1019 311 THUCYDIDIS

221 389 224 405 Ι
266 431 328 480 sut
403 424 459 482 61.
482 412 673 480 “thrns
688 413 908 492 Athenienses,
928 424 962 480 et
982 435 1034 480 nos
1055 409 1108 478 alii
1130 409 1218 490 surii,
1239 421 1404 492 cunamen

257 497 342 556 ΜΡ·
360 501 502 590 quidem,
523 499 609 586 quod
631 501 722 565 nobis
747 514 795 566 est
819 501 1001 578 ineundem,
1024 497 1174 564 omnibns
1199 493 1321 582 pariter
1346 496 1408 560 erit

247 561 347 688 3¹1¹,ssss
361 609 541 664 commune,
565 599 598 652 et
621 587 793 672 unicuique
815 586 856 652 de
880 584 981 650 salute
1002 598 1035 650 et
1057 584 1170 669 patris,
1193 603 1259 648 uon
1285 585 1405 682 minus,

260 689 333 740 sus
361 694 458 762 quam
474 671 617 738 hostibus
631 675 755 750 uostris,
758 673 906 758 futurum
920 682 975 739 est.
1021 671 1104 736 Nam
1119 671 1145 734 si
1160 668 1266 734 nsrsli
1290 669 1407 752 proelso

262 754 337 865 pc.
362 781 450 824 nunc
475 757 653 835 vicerimus,
680 781 769 823 susm
796 758 911 844 cuique
939 756 1111 832 civitatem,
1138 755 1324 842 ubicunque
1353 753 1408 820 ills

270 831 330 930 ,ΞΤ
362 843 469 921 luerit,
486 843 618 909 revisere
632 843 750 910 licebit.
796 844 1018 910 Sedenimum
1033 841 1250 927 abjicereuon
1265 851 1406 926 oportet,

322 915 329 931 ⁸
361 952 421 995 nec
445 929 531 994 idem
559 931 637 1014 pati,
660 927 747 1016 quod
777 927 1019 1014 imperitissimis
1045 926 1229 992 hominibus
1257 926 1407 991 occidere

361 1015 459 1082 solete
482 1015 549 1101 qui,
570 1015 597 1079 si
618 1015 730 1100 primis
751 1015 784 1078 in
807 1013 931 1098 proeliis
955 1035 1023 1078 rem
1047 1010 1216 1078 infeliciter
1329 1013 1406 1088 rint,

361 1099 477 1166 deinde
491 1099 606 1166 similes
621 1099 816 1166 calamitates
830 1113 986 1185 perpetuo
1001 1097 1184 1167 formidant.
1311 1111 1407 1185 quot-

244 1251 249 1262 ,
361 1199 440 1288 quot
455 1187 666 1252 Athenienses
680 1188 731 1251 lts'c
745 1185 872 1263 sdcstis,
887 1187 943 1272 qui
958 1184 1130 1250 multorum
1145 1182 1304 1250 bellorum
1320 1185 1406 1248 noti·

362 1285 439 1338 tram
462 1271 597 1350 bebetis,
619 1284 651 1336 et
674 1284 832 1358 quotquot
856 1272 944 1349 socii,
966 1271 1021 1356 qui
1046 1271 1147 1336 nostri
1172 1269 1407 1336 commilitones

361 1380 486 1443 semper
508 1355 622 1434 fuistis,
643 1372 743 1422 estote
766 1379 931 1459 memores,
952 1355 1109 1423 bellorum
1135 1355 1242 1420 exitus
1265 1356 1406 1422 incertos

361 1455 486 1595 {til
503 1442 714 1614 ltilltlut
731 1444 1149 1614 lilipil‘lllilililil
1162 1441 1406 1592 turturi

361 1628 503 1680 vestrum
517 1614 766 1693 multitudinem,
782 1629 934 1701 quautam
950 1613 1078 1699 vosipsi
1094 1611 1242 1680 videtis.'’

405 1708 458 1768 62.
483 1705 505 1742 “
516 1699 601 1777 Quae
612 1713 718 1766 autem
735 1701 766 1764 in
783 1699 832 1764 his
844 1715 955 1786 portus
966 1699 1120 1787 angustiis
1134 1699 1225 1766 nobis
1236 1701 1407 1784 protutura

362 1787 580 1874 cognovimus,
590 1787 741 1853 adversus
755 1785 894 1852 suturam
911 1786 1038 1852 uarium
1055 1786 1195 1862 turbem,
1206 1799 1239 1850 et
1253 1785 1406 1852 adversm

361 1873 490 1937 illorum
505 1885 693 1960 apparatum
714 1896 752 1938 uc
765 1875 878 1940 milites
895 1873 927 1936 in
951 1871 1078 1936 nerium
1102 1869 1250 1936 tabulstis
1259 1874 1406 1956 fideres,

362 1958 448 2024 unde
468 1957 556 2043 prius
570 1959 690 2024 darnno
711 1959 829 2024 fuimus
851 1957 964 2036 affecti,
980 1957 1052 2022 hoee
1072 1959 1167 2024 etism
1181 1959 1404 2036 omnisonae,

362 2066 423 2130 pro
437 2045 586 2129 praesenti
602 2065 708 2110 rerum
730 2042 889 2122 facultate,
903 2066 976 2109 otuu
996 2042 1264 2132 gubernatoribus
1277 2068 1297 2109 e
1382 2045 1390 2058 '

362 2131 499 2196 terimus
513 2143 609 2216 etque
622 2129 814 2216 paravimus.
859 2130 944 2195 Nam
961 2129 1115 2212 sagittarii
1130 2129 1220 2194 multi
1236 2141 1270 2196 et
1283 2065 1405 2216 jiffi

363 2228 447 2282 tores
472 2217 506 2280 irs
532 2237 624 2282 nunes
649 2215 855 2296 adscendent,
878 2231 910 2281 et
935 2215 1118 2295 multitudo,
1142 2237 1216 2302 qua,
1241 2215 1269 2279 si
1296 2215 1406 2282 navale

362 2299 515 2385 proelium
539 2302 571 2365 in
595 2300 661 2366 alto
680 2302 959 2383 committeremus,
974 2321 1039 2368 non
1061 2314 1235 2380 uteremur,
1251 2301 1331 2388 quis
1351 2324 1406 2366 ns·

361 2387 448 2450 vium
464 2408 545 2452 onus
560 2387 605 2452 rei
621 2387 758 2454 nauticae
773 2387 972 2474 disciplinam
993 2387 1172 2472 impediret.
1218 2387 1283 2453 Sed
1308 2387 1405 2452 hicio

361 2472 499 2557 pedestri
526 2471 654 2558 proelio,
679 2473 766 2559 quod
792 2496 833 2538 ex
860 2475 992 2538 ossibus
1017 2475 1215 2540 committere
1241 2495 1405 2562 cogemur,

363 2557 450 2624 utilis
474 2559 542 2626 erit.
588 2557 748 2624 Praeterea
771 2558 1019 2646 excogitavimus
1043 2561 1138 2625 etiam
1164 2561 1314 2636 remedia,
1337 2583 1406 2647 qun

362 2643 512 2710 adversus
527 2645 757 2711 moestorum
777 2645 810 2709 in
826 2646 959 2711 navibus
973 2644 1170 2710 aedilinandis
1184 2655 1277 2710 erant
1292 2667 1406 2731 parea·

362 2728 414 2806 da,
438 2744 470 2794 et
492 2729 643 2796 adsersus
664 2731 829 2816 epotidum
856 2731 1096 2796 crassitudinem
1121 2730 1222 2816 (quod
1245 2733 1406 2816 praecipne

363 2813 493 2896 obfuit,)
509 2815 624 2880 ferreas
648 2838 761 2880 suenus
775 2819 1024 2900 compererimus,
1040 2839 1118 2901 quse
1142 2817 1265 2882 illorum
1279 2818 1407 2882 navitus

363 2899 549 2986 injiciemus,
573 2924 646 2985 quae
671 2923 784 2967 navem
810 2903 959 2980 hostilem,
984 2923 1081 2988 quum
1107 2902 1268 2983 invaserit,
1293 2903 1406 2968 retine·

363 2984 455 3064 bunt,
472 3008 512 3052 ne
537 3000 625 3052 retro
646 3011 680 3054 sc
702 2989 844 3073 recipiet,
860 2989 887 3052 si
912 2987 1008 3052 modo
1033 3001 1273 3074 vectoresque
1300 3001 1406 3073 postes

364 3071 580 3158 requiruntur,
597 3086 819 3158 exsequentur.
864 3073 902 3139 In
919 3096 989 3138 eam
1003 3075 1088 3138 enirn
1111 3076 1332 3138 necessitatem
1343 3075 1405 3160 jam

365 3179 473 3222 sumus
488 3156 658 3244 compulsi,
675 3171 711 3222 ut
730 3159 876 3242 pedestre
890 3159 1040 3244 proelium
1056 3181 1098 3224 ex
1117 3159 1248 3224 nuribus
1261 3161 1407 3224 commit·

365 3258 433 3318 tere
446 3267 609 3345 cogamur.
654 3245 729 3310 Hoc
743 3257 849 3310 autem
865 3245 949 3310 nobis
966 3245 1043 3310 utile
1056 3267 1122 3310 esse
1143 3257 1277 3321 constat,
1294 3257 1334 3310 ut
1349 3261 1406 3310 'ue

365 3351 427 3416 que
442 3329 503 3415 ipss
518 3331 558 3394 ab
572 3331 680 3396 hostili
692 3333 787 3396 classe
801 3330 984 3408 resiliamus,
997 3353 1101 3416 neque
1115 3330 1186 3395 illos
1200 3353 1221 3394 a
1236 3342 1348 3396 nemra
1362 3353 1407 3394 re·

365 3415 454 3480 sitire
486 3416 724 3500 permittamus:
758 3417 933 3501 prresertim
964 3415 1052 3504 quod
1085 3428 1171 3482 terre
1200 3416 1243 3482 sit
1274 3415 1406 3497 hostilis,

364 3513 483 3586 prester
497 3523 578 3578 eam,
594 3523 690 3588 quem
708 3515 813 3566 noster
830 3503 990 3588 peditatus
1004 3502 1209 3567 obtinuerit.”
1488 3513 1489 3520 ’

409 3596 464 3652 68.
488 3586 675 3664 “Quorum
698 3610 749 3653 uos
771 3610 925 3654 memores
946 3601 1073 3672 oportet
1094 3588 1169 3653 totis
1190 3587 1313 3654 viribus
1336 3607 1407 3654 oon·

366 3683 484 3736 stanter
506 3695 661 3757 pugnare,
678 3694 736 3736 nec
750 3676 849 3738 sinere
862 3697 914 3740 uos
927 3672 967 3738 sd
985 3695 1054 3738 eam
1069 3673 1215 3759 propelli,
1232 3675 1288 3738 sed
1313 3695 1406 3760 quum

366 3757 455 3820 navis
470 3779 542 3822 cum
565 3758 639 3824 navi
660 3759 831 3847 confligere
853 3759 996 3844 coeperit,
1013 3762 1200 3836 existimare,
1216 3781 1284 3824 non
1301 3761 1408 3826 decere

365 3843 455 3928 prius
473 3844 514 3907 ab
535 3845 669 3910 hostilem
691 3843 809 3921 dirimi,
825 3845 977 3931 quamde
998 3845 1105 3910 hostili
1128 3845 1275 3910 tabulato
1298 3847 1408 3912 milites

365 3927 582 3996 deturbsritis.
615 3930 721 4016 Atque
736 3931 777 3996 ad
791 3930 862 3996 haec
876 3953 941 3996 non
957 3931 1062 3996 minus
1077 3931 1201 4007 milites,
1217 3953 1317 4016 quem
1334 3953 1409 3996 nau·
1487 3969 1489 3982 2

347 4025 424 4092 ‘tas‚
437 4014 601 4094 adhortor,
614 4027 707 4099 atque
721 4039 756 4080 eo
770 4019 890 4100 quidem
905 4019 1013 4101 magis,
1024 4038 1088 4103 quo
1103 4018 1204 4104 magis
1218 4039 1347 4098 eorum,
1380 4016 1410 4080 ui
1487 4009 1489 4028 ⁴

367 4100 504 4186 desuper
524 4114 680 4187 puguant,
705 4100 767 4165 hoc
789 4101 927 4166 officium
951 4115 1007 4167 est.
1053 4103 1238 4176 Quinetiam
1263 4104 1297 4165 in
1324 4040 1411 4166 volsis

367 4187 462 4252 situm
479 4198 536 4269 cst,
552 4207 638 4252 nunc
653 4209 780 4272 quoque
796 4207 943 4275 magnam
957 4187 1099 4253 victorius
1121 4204 1244 4274 purtem
1268 4188 1410 4273 peditatu
