2996 4782
439 273 685 342 ntsnonnn
709 274 797 340 uo.
823 275 850 340 1.
1121 287 1160 361 n

123 461 155 514 et
178 453 268 530 (nem
282 469 358 514 cunr
374 448 460 513 nullo
475 447 663 513 Graeoortnn
679 447 805 513 civitate
829 445 950 512 findere
974 463 1066 514 erent
1079 471 1159 516 con-

120 534 234 618 juncti,
250 556 355 620 neque
367 549 425 598 out
447 534 478 598 in
495 533 747 611 Atheniensium,
768 547 823 598 unt
838 533 1158 602 Lacedaemoniorum

123 619 295 685 foederibus
313 642 347 684 se
361 619 604 704 adscripserant)
621 613 723 683 vistim
744 632 791 684 est
805 617 880 704 ipsis
894 618 935 684 cd
949 619 1158 688 Athenienses

74 745 78 754 =
122 704 290 786 proficisci,
317 721 353 770 et
373 705 557 771 societatem
581 727 653 769 eunt
674 703 735 768 illis
754 703 953 782 contrahere,
973 719 1006 770 et
1027 729 1158 791 opernm

121 789 208 866 dere,
226 803 263 856 ut
276 790 318 856 oli
346 790 409 855 uod
423 789 575 854 auxilium
591 792 631 853 nb
642 789 717 874 ipsis
730 790 951 875 impetrarent.
996 791 1158 858 Corinthii

121 897 204 952 vero,
225 874 278 940 his
289 813 377 941 redut
391 876 515 952 auditis,
531 875 651 959 legatos
665 875 767 960 stipsi
783 875 924 942 Athenas
935 877 1100 955 miserunt,
1124 891 1159 945 ut

121 963 321 1026 Athenienses
330 971 467 1040 orarent,
482 983 522 1024 ne
533 971 650 1046 prester
662 960 907 1048 Corcyraeorum
918 961 1058 1041 classem,
1070 965 1156 1050 ipso-

118 1067 188 1112 rum
203 1069 334 1132 quoque
348 1049 453 1110 clatris
468 1047 601 1110 hostibus
614 1045 773 1131 adjuncta,
789 1048 850 1112 sihi
864 1047 1093 1132 impedimento
1107 1075 1157 1116 es·

119 1145 176 1208 set,
191 1154 234 1198 ne
244 1131 363 1196 bellum
379 1131 534 1195 arbitratu
550 1153 608 1195 suo
627 1145 782 1218 gererent.
829 1133 944 1219 ltaque
957 1150 1066 1200 coacto
1080 1159 1157 1201 con-

77 1236 81 1248 *
120 1217 209 1282 cione
232 1221 266 1281 in
281 1217 545 1302 disceptationem
566 1233 730 1282 venerunt.
777 1219 884 1303 Atque
900 1219 1063 1306 Corcyraei
1087 1225 1157 1307 qui-

120 1301 191 1366 dem
207 1301 285 1366 haee
295 1304 392 1366 verbo
404 1301 556 1365 fecerunt.

161 1395 214 1452 82.
231 1393 255 1430 “
265 1387 415 1470 AEpuunt
427 1399 485 1464 est,
496 1387 554 1450 viri
568 1387 787 1465 Athenienses,
799 1390 897 1475 utqui
907 1389 948 1453 nd
960 1392 1038 1454 elios
1048 1393 1157 1456 erixilii

119 1471 312 1573 implorandi
322 1471 707 1573 consulquemndmodum
716 1494 1001 1574 nosquoquenunc
1011 1475 1157 1560 facimus)

118 1557 735 1742 ,itttintffitlttll'titlt
746 1558 1157 1714 ittittttttttttt

117 1729 205 1806 mita,
236 1731 376 1813 primurn
406 1729 633 1805 demonstrent,
659 1751 717 1793 sno
744 1730 906 1814 postulata
925 1734 1067 1799 inanime
1085 1735 1155 1820 qui·

8 1875 16 1900 ‚
117 1813 191 1878 dem
208 1815 337 1880 utilitati
351 1813 418 1878 iore
430 1816 506 1891 illis,
522 1838 544 1878 a
558 1815 665 1898 quibus
679 1818 861 1894 societatem,
882 1820 1156 1903 ourilirrmquepe·

117 1909 196 1976 unt,
212 1901 261 1964 sin
284 1901 400 1978 minus,
421 1899 531 1964 saltem
547 1920 612 1963 non
638 1897 847 1965 detrimento:
871 1901 990 1965 deinde
1011 1926 1097 1981 vero,
1123 1929 1156 1970 se

118 1984 242 2050 firmum
252 1986 328 2071 ipsis
336 1986 471 2070 gratiam
486 1984 662 2050 habituros.
692 1983 755 2049 Sed
767 1985 793 2048 si
809 1985 889 2050 nihil
903 1987 1019 2052 horum
1031 1993 1154 2075 perspi·

115 2092 211 2135 cuum
223 2066 365 2152 fecerint,
379 2093 442 2135 uon
454 2068 707 2157 indignefernnt,
723 2072 749 2133 si
757 2073 917 2154 postrdata
931 2095 995 2136 non
1005 2074 1154 2158 impetro·

116 2156 190 2220 rint.
237 2157 322 2220 Cone
344 2156 400 2220 raei
416 2156 513 2240 igitur
523 2177 707 2240 persuasum
722 2154 886 2233 hebentes,
899 2180 931 2221 se
944 2158 1014 2222 haec
1025 2181 1154 2245 quoque

115 2241 204 2306 vobis
218 2180 384 2308 manitlsre
397 2246 597 2329 probaturos,
615 2263 673 2304 nos
688 2241 870 2305 societatem
886 2245 1041 2327 petituros
1059 2250 1150 2310 mise-

116 2341 200 2392 runt.
251 2327 377 2392 Accidit
394 2341 510 2404 nutem,
526 2343 562 2391 ut
586 2325 669 2390 idem
685 2328 863 2392 institutum
880 2329 972 2393 nohis
987 2331 1028 2393 sit
1047 2344 1079 2394 et
1101 2331 1151 2394 in·

115 2413 293 2478 consultum
316 2413 402 2499 opud
423 2435 488 2488 vos,
513 2415 545 2475 in
569 2413 630 2474 hoc
645 2411 783 2498 negotio,
803 2413 913 2498 inquo
928 2429 1031 2479 vestro
1053 2438 1151 2500 opero

115 2521 256 2586 egemus,
271 2511 303 2562 et
318 2498 350 2562 in
366 2497 586 2562 nostrisrobus
601 2499 632 2560 in
650 2499 817 2581 praesentin
840 2499 926 2562 nohis
940 2521 1053 2582 purum
1063 2522 1150 2564 conr-

113 2583 258 2648 modurn.
306 2584 387 2648 Nam
415 2606 486 2648 cunt
512 2604 678 2666 nunquam
707 2583 839 2647 antehoc
865 2585 1048 2683 cujusquam
1074 2589 1150 2650 socii

113 2670 285 2736 voluntarii
299 2669 463 2746 fuerimus,
479 2691 564 2732 ntrnc
588 2667 650 2732 hoc
661 2671 757 2750 ipsum
772 2669 813 2732 nb
832 2668 902 2732 aliis
913 2673 1041 2754 petituri
1063 2673 1149 2736 veni-

112 2777 192 2834 mus,
209 2755 303 2819 simul
319 2756 413 2822 etiam
434 2759 466 2819 in
484 2754 631 2837 praesenti
654 2753 748 2829 hello,
765 2754 849 2839 quod
876 2777 950 2819 cum
971 2755 1151 2822 Corinthiis
1245 2823 1252 2838 ,

111 2842 262 2927 gerimus,
297 2854 428 2924 propter
449 2841 511 2905 hoc
532 2849 665 2904 nostrmn
685 2842 820 2921 priscum
843 2842 1013 2906 institutum
1034 2843 1151 2908 deserti

111 2949 219 2992 snmus
234 2925 275 2990 ob
290 2926 446 2991 omnihus.
494 2925 536 2990 Et
547 2924 795 3000 nostramillnm,
819 2947 891 3010 quae
907 2927 995 3009 prius
1010 2928 1150 3010 pruden-

112 3015 156 3078 tio
167 3011 346 3089 videbatur,
362 3012 460 3098 quod,
482 3012 631 3075 societate
646 3005 718 3074 culti
735 3009 898 3088 uliieinito,
916 3011 958 3075 ob
973 3013 1147 3078 amicorum

5 3169 6 3190 ,
111 3099 252 3175 consilia,
290 3119 463 3183 eorumque
487 3097 630 3177 nrhitric·
649 3095 741 3158 simul
779 3095 952 3180 periclitari
981 3097 1148 3178 nollemus,

111 3185 240 3248 nuncin
258 3182 454 3248 manifestam
466 3179 711 3266 imprudentiam
722 3195 753 3244 et
767 3180 1014 3246 imbecillitatem
1024 3199 1148 3248 constat

5 3295 7 3310 *
112 3281 357 3336 ommnutam.
403 3268 472 3332 Nos
481 3269 578 3355 igitur
590 3265 647 3329 soli
665 3265 849 3330 Corinthios
861 3268 893 3330 in
915 3268 1076 3352 superiore
1090 3291 1145 3334 nn·

40 3399 43 3408 t
112 3355 173 3420 ruli
187 3354 306 3438 proelio
320 3353 502 3438 repulimus.
548 3353 667 3416 Verum
684 3353 759 3436 quio
773 3353 891 3438 majore
912 3369 1068 3437 appntutu
1079 3368 1144 3419 torn

112 3461 152 3506 ex
178 3441 413 3524 Peloponneso,
429 3461 525 3525 quom
543 3461 582 3502 ex
596 3436 719 3522 reliqua
737 3439 864 3502 Graecin
881 3435 993 3502 contro
1017 3461 1074 3503 nos
1094 3464 1146 3505 ve·

110 3527 216 3605 niunt,
242 3527 425 3612 quinetiam
444 3525 586 3589 videmus
607 3545 666 3586 nos
688 3523 869 3588 domesticis
887 3535 1011 3588 tentum
1026 3526 1146 3592 viribus

110 3611 206 3678 iretos
219 3631 286 3676 non
301 3633 393 3697 posse
412 3611 585 3674 incolumes
600 3607 742 3684 eredere,
755 3608 848 3673 simul
863 3608 956 3672 etiarn
966 3613 1041 3694 quia
1057 3633 1146 3694 mag-

112 3719 187 3763 num
204 3709 254 3762 est
267 3696 553 3846 periculungtod
568 3697 687 3760 coeteris
704 3693 826 3756 Graecis
846 3697 989 3772 imminet,
1007 3683 1034 3760 si
1059 3697 1091 3760 in
1108 3697 1145 3761 il-

112 3783 213 3848 lorum
229 3777 418 3868 potestatem
433 3803 450 3844 r
493 3783 634 3867 'gamur3
651 3781 766 3844 idcirco
776 3793 807 3844 et
818 3793 920 3843 vostra
933 3795 966 3843 et
979 3782 1145 3866 cujuslibet

112 3865 190 3934 nlius
204 3870 326 3933 nuxilin
336 3867 507 3953 implorare
521 3867 607 3930 nobis
617 3877 809 3930 estnecesse.
855 3865 898 3928 Et
910 3867 999 3930 venin
1010 3879 1055 3932 est
1065 3869 1144 3932 den·

113 3953 161 4032 ds,
176 3956 202 4018 si
226 3976 294 4018 non
315 3953 451 4018 malitia:
474 3952 529 4016 sed
552 3951 659 4037 potius
679 3951 837 4035 opinionis
855 3973 971 4028 errore,
987 3955 1143 4036 superiori

113 4055 226 4106 nostrae
241 4039 340 4126 quieti
351 4062 400 4103 res
414 4039 587 4103 contrarios
598 4059 678 4100 nnnc
687 4035 846 4100 audemus.

154 4137 206 4192 33.
230 4125 404 4202 “Quodsi
420 4147 474 4189 nos
488 4121 658 4197 audieritis,
677 4123 745 4186 lraec
756 4136 873 4185 nostres
889 4122 1080 4187 necessitatis
1092 4147 1141 4187 so-

5 4209 6 4212 '
114 4209 205 4280 tietes
228 4211 319 4278 vohis
335 4209 441 4276 multis
460 4211 500 4275 de
522 4211 623 4274 causis
645 4209 678 4272 in
694 4207 848 4272 honorem
865 4207 956 4273 cedet
975 4223 1006 4273 et
1021 4209 1140 4274 emolu-

617 4316 635 4359 c
