3004 4768
390 312 636 382 HISTORIAE
662 315 748 380 LIB.
774 315 871 380 VIII.
1095 322 1159 380 513

113 486 278 569 antiquam
302 505 430 552 murum
457 509 545 552 mare
570 509 678 552 versus
702 487 942 566 exstruebatur,
967 467 1158 552 adeundam
1190 499 1251 548 ttett

114 575 226 638 norim
250 581 376 656 uterque
400 576 633 640 terminabatur.
687 574 874 651 Quinetiam
899 575 1045 659 proxime
1073 572 1159 638 hunc
1183 564 1266 675 9⁸¹3}

114 679 225 722 nonum
247 680 362 724 narrum
385 662 490 724 statim
516 665 685 726 maximam
707 662 868 745 porticum
891 663 976 726 intra
999 660 1158 724 Piraeeum
1175 643 1274 756 Sim,

114 743 366 824 aedihcaverunt,
389 748 479 832 cujus
493 749 553 832 ipsi
567 748 780 833 potiebantur.
826 750 863 812 ln
886 769 980 832 quam
1004 745 1161 834 cogebant
1185 759 1225 808 92·
1239 760 1263 818 t·

113 852 230 896 omnes
245 853 338 896 suum
354 831 552 898 frumentum
575 854 737 917 seponere,
754 848 819 898 tam
843 833 886 912 id,
902 834 990 920 quod
1007 837 1075 919 jam
1091 846 1160 900 erat
1189 823 1221 935 ῌ·
1233 827 1260 870 ‘²

117 919 154 980 in
182 919 266 996 urbe,
295 940 391 1004 quam
421 921 509 1006 quod
541 921 621 985 mari
647 919 873 998 advehebatur,
903 921 1056 1005 illincque
1085 943 1159 1007 pro-
1191 903 1259 1018 32³¹

119 1017 242 1069 mentes
257 1006 449 1071 venundare.

163 1099 218 1156 91.
241 1089 457 1157 Theramenes
473 1092 571 1178 igitur
593 1091 663 1156 haec
677 1105 708 1156 et
725 1091 919 1177 jampridem
937 1113 1011 1156 cum
1027 1095 1159 1178 quirita-
1184 1105 1263 1165 apriti

117 1177 207 1242 tione
220 1176 359 1260 dicebat,
373 1190 405 1243 et
426 1192 594 1264 postquam
618 1179 712 1262 legati
737 1177 970 1244 Lacedaemone
983 1179 1156 1258 redIerunt,
1178 1184 1252 1280 ,ἓξ

118 1263 209 1328 nulla
223 1264 371 1348 pactione
385 1287 458 1330 cum
474 1264 627 1331 universis
653 1266 895 1330 Lacedaemoniis
910 1265 1004 1346 facta,
1019 1265 1156 1342 dIcebat,
1194 1261 1264 1345 eum·

118 1349 199 1426 sore,
216 1363 252 1414 ut
265 1362 398 1436 propter
419 1350 503 1416 hano
517 1373 626 1416 novam
650 1352 858 1416 munitionem
876 1353 991 1420 ,ciuitas
1012 1352 1107 1416 etiarn
1124 1352 1156 1415 in
1176 1364 1271 1410 snecta.

118 1435 230 1500 salutis
251 1436 421 1502 discrimen
443 1437 666 1502 adduceretur.
713 1438 797 1502 Nam
813 1439 874 1504 sub
896 1438 958 1503 hoc
979 1437 1065 1502 idem
1080 1453 1158 1502 tem·

117 1543 181 1608 pus
202 1521 362 1588 affuerunt
383 1523 477 1589 etiam
502 1523 620 1607 pariter
641 1545 682 1588 ex
702 1523 922 1608 Peloponneso
943 1525 1019 1588 duae
1034 1539 1065 1588 et
1080 1547 1158 1612 qua-

1 1667 2 1700 ,
118 1608 271 1696 draginta
292 1631 386 1674 naves
400 1611 442 1676 ab
457 1609 679 1676 Euboensibm
695 1610 805 1675 accitae
822 1619 972 1696 (quarum
995 1613 1160 1676 nonnullae

1 1759 2 1770 ,
117 1709 213 1760 erant
237 1717 256 1759 e
282 1695 426 1761 Tarento
451 1710 483 1761 et
510 1697 623 1762 Locris
650 1697 772 1760 Italicae
798 1711 830 1763 et
858 1697 1059 1776 Sicilienses),
1087 1721 1160 1784 quea

1 1781 2 1786 ’
112 1783 184 1868 jam
200 1785 233 1845 in
248 1803 306 1846 ora
321 1781 482 1847 Laconica
497 1785 663 1848 stationem
688 1782 862 1863 habebunt,
876 1796 908 1848 et
923 1784 1158 1868 navigationem

117 1869 153 1932 in
171 1867 331 1934 Euboeatu
347 1868 582 1953 preparabant·
629 1871 768 1936 I’rtoerat
782 1882 887 1934 autem
900 1870 975 1956 ipsis
991 1869 1160 1954 Hegesau·

118 1954 228 2020 dridse
242 1955 295 2020 He
394 1955 540 2036 drifilius
551 1957 747 2040 Spartanum
770 1978 848 2040 quas
861 1955 1079 2021 Theramenes
1093 1979 1159 2021 non

118 2055 186 2106 tam
203 2041 235 2105 in
254 2041 304 2106 Eu
380 2065 425 2123 m,
440 2065 537 2128 quarn
552 2043 584 2106 in
602 2065 666 2118 eos,
683 2043 738 2128 qui
755 2040 940 2107 Eetioneam
962 2044 1158 2120 muniebant,

1 2190 2 2214 ,
119 2128 273 2214 navigare
298 2127 434 2204 dicebat,
461 2141 505 2206 et,
529 2129 588 2192 nisi
609 2129 767 2214 quiajam
793 2130 855 2194 sibi
873 2143 1008 2205 caveret,
1030 2132 1098 2194 illos
1120 2131 1161 2194 cd

116 2215 202 2278 hoste
215 2234 274 2298 per
288 2213 535 2299 imprudentiam
552 2217 720 2298 perituros.
767 2215 1032 2280 Proficiscebatur
1053 2231 1159 2281 autem

117 2303 215 2365 etiam
245 2299 309 2364 tnle
338 2300 502 2388 quippiam
528 2301 570 2366 ab
595 2302 667 2378 illis,
698 2302 754 2386 qui
782 2302 1039 2367 crimInntionem
1067 2304 1159 2368 istam

117 2388 330 2464 sustinebant,
361 2409 420 2452 neo
444 2392 527 2472 quod
550 2391 614 2452 illis
643 2389 683 2452 ob
708 2410 743 2452 eo
768 2398 840 2453 tune
864 2388 1070 2472 objiciebatur,
1097 2411 1166 2454 orn-

118 2473 200 2538 nino
228 2472 430 2538 obtrectandi
460 2486 588 2551 tantum
617 2473 727 2540 studio
755 2474 932 2539 dicebatur.
991 2475 1042 2538 Illi
1073 2477 1158 2540 enim

119 2558 320 2644 potissimum
349 2559 477 2646 quidem
509 2562 541 2626 iu
570 2582 746 2646 paucorum
781 2561 945 2625 dominatu
976 2573 1008 2624 et
1037 2563 1162 2626 civitati

118 2657 154 2710 et
176 2646 268 2710 sociis
294 2647 451 2732 Imperare
478 2647 666 2731 cupiebant:
698 2648 746 2710 sin
778 2648 896 2724 minus,
918 2662 1003 2711 certe
1029 2651 1160 2712 classem

118 2745 154 2796 et
168 2732 359 2797 munitiones
371 2732 440 2798 illas
455 2732 585 2810 habere,
601 2756 639 2799 ac
649 2732 804 2800 arbitratu
820 2755 879 2798 suo
893 2733 999 2798 rivere
1010 2735 1160 2799 volcbant.

98 2816 222 2894 .Quod
242 2819 269 2882 si
295 2818 357 2884 hnc
378 2841 507 2906 quoque
529 2842 564 2885 re
585 2820 841 2898 excluderentur,
864 2821 1026 2904 mpiebont
1049 2820 1160 2886 saltem

119 2925 186 2968 non
203 2905 366 2992 profligari
381 2905 441 2988 ipsi
462 2906 663 2991 potissimum
686 2922 760 2972 aute
780 2907 892 2971 aliosa
915 2905 1060 2991 populari
1076 2921 1161 2972 statu

2 3062 3 3068 q
119 3011 231 3056 rursus
257 2992 421 3057 restitutor
454 2992 509 3056 sed
536 2992 582 3056 vel
608 2991 752 3058 hostibus
777 2995 811 3056 r'n
836 2993 936 3057 urbem
960 2993 1161 3069 introductis,

2 3074 5 3098 ⁵
117 3077 189 3142 siue
203 3077 436 3142 munitionibus
449 3092 481 3143 ct
495 3081 561 3143 sine
575 3079 673 3144 classe
693 3079 872 3164 pactionem
888 3101 952 3142 erem
968 3080 1033 3143 illis
1047 3077 1160 3156 faeere,

119 3179 167 3241 ut,
183 3163 438 3250 qualemcunque
451 3165 588 3230 civitatis
609 3177 727 3230 statum
750 3164 914 3242 haberent,
930 3164 1108 3230 dummodo
1122 3165 1163 3230 de

118 3250 185 3315 suia
200 3272 238 3314 co
279 3251 387 3316 oribus
402 3251 505 3314 seond
520 3265 632 3316 essent.

164 3345 218 3402 92.
318 3336 463 3402 mobrem
485 3338 581 3402 etiam
603 3337 686 3402 hanc
708 3337 929 3414 munitionem,
946 3359 1019 3423 quae
1032 3353 1065 3403 et
1088 3359 1162 3422 por·

119 3422 205 3489 tulos
219 3435 253 3488 et
265 3423 414 3489 introitus
428 3437 461 3487 et
482 3423 621 3489 hostium
640 3423 838 3508 receptacula
859 3423 1008 3502 habebat,
1021 3426 1163 3490 studiose

120 3509 338 3587 aedificabant,
364 3521 396 3574 et
421 3510 511 3594 priua
534 3509 697 3574 absolvere
721 3509 903 3595 cupiebant,
929 3533 1020 3594 quam
1040 3532 1161 3593 proeoe-

119 3597 274 3662 eirenae.
320 3598 371 3661 Ac
393 3597 485 3661 initio
499 3597 628 3683 quidem
642 3597 726 3662 inter
740 3619 869 3682 paucos,
886 3609 918 3661 et
940 3597 1022 3662 clam
1044 3598 1160 3681 potius,

2 3681 7 3750 7'
108 3705 211 3771 ,pum
231 3685 347 3765 polam,
370 3682 443 3749 haeo
456 3682 655 3750 dicebantur.
699 3683 746 3748 At
767 3683 823 3748 ubi
839 3682 1042 3769 Phrynichus
1057 3705 1163 3748 rerer-

119 3791 175 3836 sus
190 3791 231 3834 ex
242 3769 417 3871 legatione,
439 3792 534 3855 quarn
549 3769 592 3834 ad
614 3770 879 3835 Lacedaemonios
893 3769 1025 3847 obierat,
1042 3794 1061 3834 n
1083 3793 1162 3856 quo-

3 3855 5 3882 *
119 3857 197 3922 dam
222 3870 406 3921 circitorum
429 3879 470 3920 ex
495 3856 618 3922 insidiis
641 3857 675 3921 in
695 3855 767 3922 loro
786 3857 943 3944 frequenti
964 3857 1161 3936 vulneratus,

118 3965 183 4008 neo
202 3943 319 4028 procul
342 3967 362 4008 a
383 3943 477 4008 curia
497 3941 666 4031 digressus,
689 3945 843 4008 continuo
864 3943 1014 4008 decessit:
1038 3960 1069 4007 et
1090 3965 1164 4028 per-

120 4051 234 4096 cussor
254 4029 382 4116 quidem
407 4031 502 4112 ipsius
523 4030 633 4106 evasit,
656 4041 689 4094 at
712 4030 776 4114 ejus
791 4031 928 4116 adjutor,
943 4029 1042 4095 homo
1067 4032 1164 4119 Argi-

120 4139 191 4193 vua,
214 4116 471 4201 comprehensus,
490 4129 655 4204 tortusque
676 4138 695 4180 a
717 4115 970 4204 quadringentis,
992 4117 1121 4193 nullius,
1145 4141 1165 4182 a

120 4224 188 4290 qno
196 4203 331 4289 focinus
352 4204 408 4268 hoc
424 4214 609 4286 perpetrare
625 4204 733 4289 jussus
759 4215 850 4281 esset,
875 4223 994 4267 nornen
1018 4206 1162 4286 protulit,

122 4309 184 4356 uec
212 4289 300 4354 aliud
330 4290 494 4376 quippiam
525 4291 615 4366 dicit,
640 4289 700 4352 nisi
730 4289 818 4376 quod
845 4288 938 4354 sciret
962 4291 1081 4355 multos
1105 4290 1163 4354 Iro-

121 4376 270 4448 minaret
292 4377 323 4442 in
340 4377 523 4444 circitorum
547 4374 690 4524 praefeqti
704 4390 736 4442 et
750 4377 782 4441 in
800 4375 875 4442 alias
889 4375 974 4440 redes
995 4379 1165 4442 convenire

619 4482 638 4526 1.
