2996 4782
431 307 677 378 HISTORIAE
702 309 791 377 Ltn.
809 311 837 377 Ι.
1112 318 1151 374 19

125 481 230 545 moniis
239 479 370 561 fecistis,
382 482 408 544 si
420 503 476 545 noa
487 483 655 568 recipiatis,
667 483 741 568 qnia
750 493 935 546 neutrorum
945 480 1022 545 socii
1034 501 1151 546 snmus.

126 567 157 631 ln
172 567 233 630 illis
247 567 332 630 enim
345 567 465 632 dictum
483 583 546 645 est3
569 591 768 654 quaecunque
783 568 824 631 de
835 568 959 632 Graecis
973 567 1153 631 civitatibus

9 733 10 742 ἵ
123 674 185 716 cum
202 652 299 716 nullis
315 654 496 718 societatem
513 653 617 729 habet,
633 656 661 718 ei
677 654 772 718 licere
792 653 834 717 nd
850 667 935 717 utras
951 665 1056 736 partes
1070 652 1153 716 libu-

122 739 173 801 erit
199 737 361 803 aecedere.
407 737 451 802 Et
475 760 550 802 sane
574 740 719 825 iniquum
750 739 853 818 fiuent,
877 740 903 802 si
932 739 998 802 istis
1024 737 1153 822 quidem

9 831 10 892 Ϊ
121 823 205 888 licem
220 823 525 888 classem'instrnere
546 845 618 889 curn
641 848 679 889 ex
700 823 860 888 foederatis
882 823 1068 900 civitatibus,
1085 834 1153 888 tum

120 911 204 973 etiam
230 923 384 994 praeterea
409 931 449 973 ex
475 910 597 996 reliqua
613 909 751 986 Graecia,
768 909 931 995 praecipue
951 931 1027 974 voro
1050 931 1090 972 ex
1116 909 1155 972 iis

9 993 11 1036 l
121 995 302 1071 ciuitatibus,
318 1015 391 1079 quae
406 1007 510 1058 vestro
534 996 671 1078 imperio
693 1009 823 1078 parent:
847 1017 905 1059 noa
927 1017 1003 1060 vero
1026 1017 1045 1059 a
1071 1016 1154 1079 prae·

119 1081 192 1144 senti
207 1079 281 1155 hac,
297 1093 338 1157 et,
356 1083 388 1144 in
403 1083 502 1144 medio
515 1085 622 1164 posita
637 1081 796 1160 societate,
811 1093 843 1144 et
858 1080 898 1144 ab
913 1081 976 1144 alio
993 1079 1155 1144 undecun-

121 1187 176 1250 que
186 1165 312 1230 auxilio
322 1180 460 1230 arceant.
507 1165 634 1231 Deinde
649 1188 724 1231 vero
739 1167 770 1230 in
782 1167 925 1231 criminis
937 1167 1008 1230 loco
1022 1181 1154 1249 ponant,

120 1256 143 1314 si
157 1272 340 1334 persuasum
356 1252 445 1314 robis
467 1251 571 1327 fucrit,
587 1252 672 1338 quod
689 1254 835 1336 petimus.
881 1251 949 1316 Nos
965 1273 1038 1316 vero
1059 1251 1156 1340 longe

9 1361 11 1378 ·
121 1339 268 1422 majorem
289 1357 344 1399 vos
369 1336 573 1400 insimulandi
598 1339 760 1401 materiam
784 1337 980 1413 habebimus,
1002 1337 1063 1401 nisi
1086 1358 1154 1401 rem

121 1423 204 1486 robis
231 1421 490 1507 persuadeamus.
535 1423 603 1486 Nos
626 1425 710 1486 enim
736 1423 958 1508 periclitantes,
983 1443 1043 1487 nec
1066 1423 1156 1488 vobis

121 1508 274 1584 inimicos,
296 1507 463 1592 repelletis.
509 1509 590 1572 letos
604 1529 689 1584 vero,
706 1512 760 1594 qui
783 1520 855 1573 sunt
874 1509 968 1572 vestri
991 1507 1108 1586 hostes,
1124 1523 1157 1573 et

119 1595 171 1680 qui
196 1604 311 1658 contra
337 1613 387 1657 uos
402 1594 543 1669 veniunt,
568 1615 633 1657 non
660 1593 760 1658 solum
788 1615 852 1657 non
880 1593 1076 1678 impedietis:
1100 1595 1156 1658 sed

84 1703 88 1712 ·
119 1680 211 1744 etiam
243 1679 374 1763 insuper
403 1679 512 1762 copias
538 1701 579 1743 ex
605 1691 709 1744 vestra
733 1679 854 1744 ditione
881 1680 943 1744 siti
971 1701 1156 1764 comparare

119 1764 235 1842 sinetis,
248 1786 327 1850 quaa
338 1778 461 1828 nonest
475 1786 621 1850 aequum:
645 1781 677 1831 at
692 1776 812 1848 oportet
826 1775 880 1828 aut
892 1764 1018 1829 illorum
1029 1787 1157 1851 qnoque

119 1851 231 1914 milites
255 1849 401 1913 mercede
423 1852 597 1915 conductos
617 1850 782 1936 impedire,
799 1873 877 1936 quos
898 1873 939 1914 ex
961 1873 1038 1936 ugro
1053 1864 1157 1915 vestro

9 2015 10 2018 Ἴ
117 1947 235 2020 cogant,
253 1942 308 1999 nirt
322 1935 414 1998 nobis
429 1937 523 1999 etiam
539 1934 693 2001 auxilium
708 1937 841 2012 mittere,
855 1957 1045 2022 quocunque
1061 1937 1157 2000 modo

120 2023 205 2086 robis
220 2021 324 2084 visum
341 2019 444 2084 feeerit.
491 2020 695 2086 Potissimum
712 2043 786 2086 vero
807 2043 859 2085 nos
877 2021 963 2086 nobis
978 2023 1008 2086 in
1025 2022 1158 2086 societa-

118 2121 178 2170 tem
195 2117 306 2190 aperte
321 2107 454 2190 receptis
468 2127 561 2190 opem
578 2106 661 2171 ferre
675 2110 767 2170 decet.
814 2105 936 2171 Multas
951 2120 1054 2170 autem
1070 2129 1158 2172 com·

117 2193 285 2258 meditatas
305 2191 586 2276 (quemadmodum
612 2205 729 2256 nostrae
750 2191 897 2257 dictionis
919 2192 1011 2257 initio
1033 2194 1159 2258 monni-

9 2281 11 2340 ἐ
121 2279 202 2360 mus)
217 2277 302 2344 vobis
324 2276 587 2354 demonstramus,
603 2279 828 2364 praecipueque
845 2277 932 2364 quod
952 2279 1076 2342 eosdem
1100 2278 1157 2343 ha·

9 2395 10 2404 ¹
119 2364 230 2428 bemus
244 2362 363 2439 hostes,
379 2363 479 2448 (quod
494 2364 702 2427 certissimum
727 2377 772 2426 eat
788 2368 1024 2451 argumentum)
1042 2386 1158 2450 eosque

118 2471 182 2512 non
206 2447 370 2512 infirmos:
394 2449 447 2513 sed
464 2449 520 2534 qui
538 2470 652 2512 nocere
672 2450 720 2527 iis,
736 2451 790 2534 qui
811 2472 830 2512 a
852 2471 885 2511 so
907 2447 1089 2526 defecerint,
1106 2472 1159 2513 ra-

9 2541 10 2576 i
119 2535 214 2599 leant.
261 2534 344 2598 Cum
380 2547 485 2598 antem
518 2534 648 2611 navalis,
680 2554 717 2598 ac
746 2555 810 2598 non
840 2535 996 2598 terrestris
1025 2534 1159 2599 societas

119 2621 231 2704 (nodis)
262 2619 424 2697 offeratur,
456 2618 606 2698 alienatio
641 2641 700 2703 par
732 2641 796 2682 non
835 2632 893 2684 est.
939 2617 1159 2695 Quamobrem

111 2715 239 2789 oportet
260 2727 312 2769 nos
332 2705 531 2788 potissimum
548 2704 676 2789 quidem
698 2705 736 2789 (si
758 2705 905 2786 potestis)
921 2726 1050 2804 operam
1070 2705 1158 2784 dare,

9 2811 10 2860 ξ
119 2803 155 2856 ut
178 2789 286 2855 nullos
312 2790 391 2855 ulios
416 2789 545 2854 classem
573 2789 738 2875 possidere
764 2791 889 2855 sinatis:
912 2811 960 2853 sm
987 2791 1178 2868 minuant.

9 2873 10 2896 ³
118 2899 230 2978 aprum
253 2875 424 2940 amicitiam
448 2877 531 2942 nobis
553 2875 737 2954 concilietis,
753 2877 807 2962 qui
823 2877 917 2941 classe
938 2875 1000 2940 sint
1015 2877 1159 2950 munitis·

117 2985 200 3027 srmr.

163 3059 217 3116 36.
242 3049 314 3114 “Si
341 3051 411 3133 quis
434 3072 509 3113 vero
533 3050 613 3125 haec,
634 3071 708 3135 qnae
731 3072 752 3112 c
778 3049 864 3114 nobis
886 3049 1045 3126 dicuntur,
1070 3049 1160 3114 utilia

118 3135 249 3222 quidem
273 3135 447 3201 existimet:
472 3134 526 3198 sed
548 3135 670 3211 metuit,
694 3157 735 3199 ne
757 3136 794 3198 iis
816 3134 1021 3220 obsequendo
1040 3133 1162 3198 foedera

120 3223 258 3320 frangat,
280 3221 359 3284 sciat
381 3242 471 3307 ¹sunm
489 3220 616 3305 quidem
639 3233 758 3284 metum
785 3219 902 3283 viribus
924 3232 1083 3283 armatum
1105 3219 1161 3282 ad·

9 3355 10 3390 3
120 3307 269 3370 versariis
294 3307 446 3391 majorem
472 3319 625 3370 terrorem
656 3307 872 3370 incussumm:
910 3304 1059 3369 fiduciam
1086 3325 1162 3368 vero

119 3414 216 3470 nram,
233 3393 258 3454 si
275 3413 329 3456 nos
344 3394 378 3455 in
399 3393 571 3455 societatem
593 3412 659 3454 non
682 3393 845 3475 receperit,
862 3389 1033 3467 infirmam,
1049 3402 1162 3474 poten·

9 3455 11 3494 *
119 3477 206 3542 tibus
221 3475 367 3540 hostibus
381 3477 485 3540 minus
506 3475 740 3540 formidolosam
756 3475 905 3540 suturam.
950 3475 1051 3540 Simul
1067 3477 1162 3542 etiarn

9 3579 10 3622 r
117 3565 277 3642 scintille,
291 3584 326 3625 se
339 3582 426 3626 nunc
440 3583 505 3625 non
522 3563 623 3647 magis
637 3561 676 3625 de
693 3551 953 3646 Corcyra,'qnam
970 3561 1010 3624 de
1025 3562 1163 3625 Athenis

118 3649 215 3713 etiam
231 3647 424 3724 consultare,
440 3669 536 3734 aeque
550 3669 615 3711 non
638 3650 757 3732 optime
771 3647 832 3710 illis
852 3647 1045 3732 prospicere,
1062 3669 1162 3733 quum

118 3747 312 3820 praesentem
330 3753 434 3797 rerum
450 3745 577 3811 statum,
588 3755 754 3817 pacemque
775 3744 928 3817 spectans,
946 3732 987 3795 ad
1008 3731 1162 3808 futurum,

119 3832 151 3884 et
167 3832 295 3891 tantum
311 3839 377 3884 non
398 3840 537 3904 praesens
559 3818 689 3894 bellum,
705 3817 815 3881 urbem
831 3817 892 3881 sibi
911 3818 1083 3904 adjungere
1103 3817 1164 3880 dn·

119 3904 213 3986 bitat,
230 3926 306 3990 quae
322 3904 557 3968 maximiscum
581 3905 749 3968 momentis
772 3904 874 3967 amica
897 3902 1041 3967 redditur
1058 3904 1163 3967 inimi·

118 4011 205 4056 cava.
252 3991 323 4055 Sita
337 3991 421 4054 enim
437 4001 484 4054 est
500 3991 531 4053 in
551 3989 622 4054 loco
636 4003 818 4075 opportuno
838 3987 877 4052 ad
894 3988 1115 4075 trajiciendum
1131 3991 1163 4051 in

120 4075 247 4142 ltaliam
273 4089 306 4140 et
322 4074 473 4152 Siciliam,
492 4075 535 4140 ita
555 4089 592 4139 ut
613 4097 672 4138 nec
695 4073 768 4139 inde
788 4074 918 4139 classem
945 4087 1056 4139 contra
1072 4073 1164 4138 Pelo·

39 4168 42 4176 '
117 4164 294 4245 ponnesios
304 4163 414 4226 venire
428 4162 520 4238 sinat,
537 4174 568 4225 et
585 4181 665 4238 eam,
683 4182 755 4245 quae
770 4159 845 4224 hinc
861 4160 956 4235 venit,
972 4161 1004 4222 in
1021 4157 1073 4222 illa
1093 4159 1165 4221 loca

116 4246 269 4328 deducat,
293 4248 466 4334 quinetiam
493 4247 561 4311 aliis
583 4247 615 4309 in
639 4248 733 4310 rebus
759 4245 999 4309 commoditates
1024 4244 1165 4330 egregins

615 4339 669 4398 οἳ
