2964 4786
423 280 669 384 nrsronms
693 279 782 348 ern.
808 281 884 348 vn.
1113 291 1174 350 nr

132 450 196 516 illic
211 471 286 516 cum
309 452 380 540 ipso
401 463 501 531 eraut,
517 451 656 520 delectos
679 451 739 538 ipsi
763 453 992 540 adjunxerunt,
1007 461 1071 518 *ne
1091 453 1178 522 solus
1210 470 1272 527 nen.

131 533 261 602 infirma
292 537 475 604 valetudine
508 550 688 604 vexaretur.
733 539 843 604 Alium
876 539 970 606 etiam
1003 539 1176 605 exercitum
1198 535 1284 594 ‘⁸¹⁰¹’-

131 627 283 688 censuere
304 623 507 704 mittendum,
523 637 555 688 et
577 624 776 690 nauticarum
798 639 831 692 et
852 625 1048 712 pedestrium
1070 625 1177 711 'copia-
1192 599 1292 724 ὃῗγᾷῗῇ

130 729 217 791 rum,
232 722 298 775 tarn
314 732 355 776 ex
373 709 617 776 Atheniensium
639 709 822 795 legionariis
844 712 1010 790 militibus,
1025 713 1120 799 quaro
1137 734 1178 778 ex
1194 727 1240 774 st.
1257 725 1282 772 s

132 796 236 860 sociis.
275 795 341 860 'Et
358 863 360 868 .
377 796 629 864 Demosthenem
665 796 868 874 Alcistbenis,
904 795 1179 886 Eurymedontem
1204 791 1234 848 υ·
1252 791 1280 838 ⁰

1203 853 1278 904 Varr.
1367 867 1369 872 ’

134 881 287 948 Theuclis
298 884 419 967 filium,
446 881 583 972 collegas
605 881 746 948 delectos
773 883 835 968 ipsi
858 883 1022 949 miserunt.
1068 885 1176 968 Atque
1209 919 1269 966 310,

133 965 409 1069 Eurymedontem
431 967 560 1055 quidem
576 970 681 1034 statim
697 970 782 1033 circa
804 967 974 1034 solstitium
998 969 1178 1060 hybernum
1212 989 1274 1053 1³5„

131 1055 163 1119 in
182 1045 324 1122 Siciliam
348 1055 503 1119 miserunt
526 1077 600 1120 eum
622 1055 732 1120 decern
757 1054 901 1132 navibus,
917 1069 948 1120 et
970 1077 1044 1120 cum
1066 1056 1179 1156 viginti
1193 1071 1297 1118 naem-

132 1141 257 1242 argenti
276 1140 414 1223 talentis,
429 1163 502 1226 quse
527 1162 633 1222 secum
659 1139 797 1218 ferebat3
821 1139 915 1206 simul
937 1142 1031 1206 etiam
1049 1153 1084 1206 ut
1105 1141 1178 1221 illis,
1214 1136 1270 1184 αἱ*

132 1231 188 1378 'pur
210 1227 276 1292 illic
297 1242 398 1307 erent,
416 1227 567 1294 auxilium
583 1242 763 1305 venturum,
780 1227 928 1314 ipsosque
949 1223 1069 1294 civitati
1091 1249 1179 1294 curre

146 1327 257 1378 uturos
272 1314 442 1379 nuntiaret.
663 1315 669 1322 “

140 1413 145 1420 ·
178 1407 230 1469 17.
254 1399 489 1465 Demosthenes
518 1421 595 1465 vero
625 1395 664 1464 ad
696 1397 917 1464 adornandam
949 1397 1179 1486 profectionem
1209 1418 1273 1465 nur.

132 1486 295 1565 remansit,
312 1498 348 1550 ut
369 1486 476 1572 primo
491 1487 595 1552 statim
613 1506 685 1550 vere
699 1485 896 1564 discederet3
916 1499 949 1551 et
971 1485 1013 1552 ad
1035 1486 1178 1552 indicen-
1201 1483 1282 1592 ¹³⁰¹}st

132 1573 210 1638 dum
234 1574 327 1638 sociis
345 1571 513 1649 delectum,
530 1584 562 1636 et
583 1571 623 1636 ad
648 1571 879 1657 comparandas
900 1570 990 1638 illinc
1097 1572 1177 1650 nias,
1192 1547 1291 1674 3¹1¹,ss

132 1681 238 1738 naves,
255 1672 286 1724 et
300 1659 405 1745 gravis
427 1669 598 1723 armaturae
621 1657 745 1724 milites.
777 1656 951 1724 'Praeterea
967 1661 1014 1723 At
1036 1659 1179 1724 enienses
1204 1673 1281 1723 ers

133 1746 267 1810 mittunt
288 1746 373 1810 circa
391 1743 646 1831 Peloponnesum
662 1741 775 1832 viginti
788 1766 894 1822 naves,
912 1756 947 1810 ut
962 1743 1177 1824 observarent,
1208 1741 1239 1850 3·
1252 1740 1281 1786 ⁰·

133 1831 268 1920 nequis
290 1855 307 1895 e
325 1830 485 1896 Corintho
506 1845 538 1896 et
559 1853 599 1895 ex
617 1830 835 1916 Peloponneso
859 1831 1018 1916 trajiceret
1041 1831 1073 1896 in
1097 1830 1179 1897 sici·
1212 1818 1278 1917 εἴ

132 1918 220 1982 liam.
266 1917 350 1982 Nam
369 1917 541 1998 Corinthii,
554 1927 723 2002 postquam
744 1915 840 2005 legati
855 1916 895 1981 ad
911 1918 997 2002 ipsos
1013 1929 1179 1994 venerunt,
1210 1935 1278 1980 inter
1374 1959 1391 1984 e

132 2017 166 2068 et
182 2026 232 2068 res
248 2003 279 2066 in
297 2003 406 2070 Sicilia
426 2003 556 2067 meliore
571 2001 754 2068 conditione
776 2024 846 2068 esse
865 2003 1108 2080 nunciaverunt,
1124 2025 1179 2068 ex·
1197 2001 1254 2046 ³⁸¹¹·
1268 1995 1291 2046 ¹·

132 2091 321 2172 istimantes,
337 2103 368 2155 et
388 2090 528 2174 priorem
549 2089 681 2154 classem
704 2110 770 2153 non
790 2088 1011 2183 intempestive
1025 2112 1045 2154 a
1059 2111 1092 2154 se
1108 2087 1179 2154 mis·
1190 2067 1304 2174 Mssflg,

133 2199 201 2241 sam
227 2173 333 2255 fnisse,
357 2176 458 2240 multo
483 2175 584 2262 magis
608 2175 716 2239 animo
740 2175 919 2240 confirmati
945 2186 1030 2253 sunt,
1053 2187 1180 2241 etcum

132 2263 195 2350 ipsi
212 2262 252 2326 ad
267 2264 372 2352 gravis
387 2276 557 2327 armaturae
573 2261 688 2325 milites
702 2263 736 2325 in
752 2261 905 2327 onerariis
926 2261 1061 2327 navibus
1080 2261 1112 2326 in
1132 2261 1183 2327 Si·

134 2349 243 2414 ciliain
268 2347 439 2416 mittendos
462 2371 528 2414 sese
543 2349 761 2434 accingebant,
778 2359 846 2412 tum
862 2349 955 2412 etiam
973 2347 1182 2412 Lacedaemo·

132 2436 183 2500 nii
199 2435 239 2500 ad
257 2438 362 2520 copias
377 2434 488 2500 eodem
511 2435 609 2500 modo
624 2456 664 2498 ex
686 2445 802 2499 caetera
816 2433 1040 2519 Peloponneso
1056 2437 1182 2500 mitten·

133 2523 195 2587 das
209 2544 272 2586 sese
283 2521 518 2606 praeparabant.
565 2521 609 2586 Et
626 2519 786 2584 Corinthii
803 2520 915 2607 viginti
930 2521 1072 2608 quinque
1086 2541 1182 2585 nares

133 2611 377 2689 instruxerunt,
390 2619 426 2672 ut
447 2629 588 2696 pugnam
615 2605 761 2671 navalem
784 2609 1007 2690 experirentur
1021 2605 1184 2670 ¹adversus

135 2693 367 2780 speculatorias
396 2693 476 2769 illas,
503 2717 575 2781 quae
605 2693 732 2758 stabant
761 2693 801 2758 ad
833 2691 1054 2779 Naupactum
1085 2704 1184 2780 utque
1219 2691 1221 2695 ’

135 2781 361 2863 Athenienses,
373 2781 428 2868 qni
445 2779 603 2865 Naupacti
619 2791 722 2860 erant,
737 2780 954 2844 onerariarum
971 2779 1114 2865 ipsorum
1127 2801 1185 2844 na·

134 2867 228 2932 vium
249 2865 476 2954 profectionem
500 2870 606 2932 minus
628 2863 831 2950 impedirent,
845 2879 957 2952 utpote
972 2888 1103 2932 suarum
1127 2883 1205 2954 na·'

135 2956 227 3019 vium
249 2953 400 3040 praesidio
415 2951 564 3018 adversus
586 2951 713 3016 illorum
738 2953 891 3036 triremes,
908 2975 980 3042 quae
994 2975 1028 3017 se
1041 2975 1184 3040 oppone·

135 3041 229 3119 bant,
245 3041 363 3126 seipsos
378 3053 512 3104 tuentes.

189 3135 238 3192 18.
262 3125 499 3191 Lacedaemonii
529 3147 605 3190 vero
632 3129 742 3210 (prout
767 3125 865 3190 etiam
890 3137 964 3190 ante
992 3147 1099 3190 secum
1125 3120 1185 3210 ipsi
1224 3140 1229 3148 ·

137 3213 386 3294 constituerant)
402 3212 634 3298 expeditionem
658 3211 690 3274 in
708 3211 847 3276 Atticam
871 3210 1080 3297 apparabant,
1097 3211 1187 3274 insti·
1226 3271 1229 3278 i

136 3298 292 3390 gentibus
304 3299 506 3384 Syracusanis
518 3309 613 3384 atque
624 3296 813 3376 Corinthiis,
823 3310 991 3386 postquam
1003 3293 1186 3372 audierunt,

138 3383 297 3451 auxilium
313 3383 355 3450 ab
371 3383 616 3449 Atheniensibus
637 3384 670 3448 in
689 3383 828 3448 Siciliam
845 3384 938 3465 mitti,
956 3396 990 3448 ut
1008 3381 1188 3468 irruptione

137 3472 225 3536 facta
257 3473 300 3534 im
326 3471 477 3536 ediretur.
522 3469 708 3547 Quinetiam
738 3469 921 3535 Alcibiades
956 3469 1086 3546 instans,
1117 3471 1188 3534 illos

138 3559 287 3635 docebat,
339 3559 476 3622 eceleam
492 3556 696 3622 muniendam
713 3580 788 3634 esse,
805 3577 864 3622 nec
885 3555 1004 3620 bellurn
1025 3554 1187 3620 remitten-

139 3643 234 3710 dum.
280 3643 445 3729 Praecipue
465 3665 539 3708 vero
557 3641 719 3730 quoddam
743 3645 845 3708 animi
866 3642 965 3708 robur
980 3639 1187 3708 Laeedoemo-

141 3729 207 3796 niis
230 3731 368 3806 accessit,
387 3729 472 3817 quod
496 3729 723 3806 existimarent,
748 3729 970 3807 Athenienses,
1013 3729 1046 3792 ui
1068 3727 1189 3813 duplex

139 3815 266 3882 bellum
286 3816 451 3902 gerebant,
468 3827 580 3881 contra
594 3839 627 3880 se
644 3828 675 3881 et
693 3815 884 3893 Sicilienses,
900 3839 918 3880 a
937 3839 970 3880 se
991 3752 1113 3880 Pacilius
1132 3814 1189 3880 de-

139 3902 297 3970 bellatum
311 3903 369 3968 iric
392 3917 549 3988 praeterea
563 3901 649 3994 quod
672 3901 757 3988 ipsos
779 3903 901 3990 priores
918 3899 1039 3968 foedera
1060 3901 1189 3986 fregisse

175 4156 194 4196 h
210 4157 253 4204 Ne
263 4158 329 4204 solus
340 4157 438 4204 relictus
448 4159 480 4204 ob
490 4157 596 4217 eorporis
607 4155 774 4202 infirmitatem
784 4155 961 4203 succumberet.
982 4151 1091 4202 Aeneiae.

178 4216 188 4256 ἰ
205 4224 272 4270 Male
283 4223 354 4268 vertit
365 4222 492 4282 Interprer.
525 4221 658 4268 Debuisset
674 4221 741 4266 enim
760 4220 795 4266 ita
811 4221 925 4266 reddere:
941 4218 1051 4267 adversas
1066 4219 1127 4276 tuns,
1139 4231 1190 4279 ynoe

138 4292 170 4339 tn
183 4289 283 4337 rtatim
292 4289 358 4360 eraut
369 4285 432 4348 apud
440 4285 593 4348 Naupactum
603 4290 645 4333 cte.
678 4285 740 4332 Vide
750 4284 848 4332 Annon.
882 4279 969 4333 fluas
1085 4357 1088 4366 ,
