2964 4786
371 332 619 400 Hlsronlm
642 331 733 440 mn.
756 333 832 399 Vll.
1059 343 1124 404 483

1 503 8 545 ¹
100 501 240 566 niensium
257 503 395 590 ingonis,
408 503 497 568 nolle.
504 505 822 590 dicebat'ob'turpsm
835 521 963 578 causum
976 519 1008 576 et
1018 509 1128 597 inique
1157 529 1220 580 999.

1 586 9 673 ¹,
98 587 134 652 ab
147 587 389 655 Atheniensibus
403 593 509 674 potius
520 601 623 654 morte
634 589 794 667 mulctari,
807 613 903 678 quem
920 592 960 661 ab
971 591 1124 674 1999111999,
1146 595 1234 660 19109

1 676 9 756 ff
97 674 206 758 eiopus
227 688 317 752 99991,
333 675 397 740 1999
417 677 523 762 ipsum
544 679 668 762 privato
693 675 836 762 periculo
857 679 937 764 poti.
983 663 1239 786 (1999991931ὲέλ

2 763 9 805 l
95 764 491 846 9991999,999999999’9)19999
509 773 540 826 et
554 763 689 850 afflictus
708 765 895 843 9999991991,
910 777 1015 832 tamen
1040 767 1126 836 dice·
1149 741 1231 852 919.

1 848 9 894 t
96 843 154 923 1991,
175 867 223 910 res
248 847 520 934 Syracusanorum
543 847 639 935 longe
660 847 816 914 deteriore
841 852 1025 919 conditione
1047 877 1128 934 esso,
1152 855 1224 904 Μ·

1 939 7 981 ¹
95 951 179 1014 quem
204 953 287 998 suas.
331 933 410 1000 lllos
438 933 536 1011 enim,
563 933 651 1021 quod
668 955 729 999 ’999
754 937 891 1019 monnio
916 943 1128 1010 mercenarios
1153 919 1223 1042 {21¹¹

1 1027 8 1069 1
92 1016 198 1081 milites
212 1019 343 1094 9199991,
358 1019 453 1084 simul
468 1019 575 1100 etism,
589 1019 677 1106 quod
699 1021 778 1086 91199
793 1021 1071 1098 sumtosfsoerent
1091 1027 1131 1099 in
1208 1016 1217 1032 ’

1 1113 6 1156 ¹
91 1099 197 1168 9199919
217 1104 367 1190 9999919119
388 1105 421 1169 19
445 1105 582 1170 castellis
596 1106 717 1172 circum
742 1108 852 1172 urbem
874 1108 942 1175 sitis
961 1108 1126 1196 disposita,

1 1201 8 1328 1
88 1190 363 1362 ltm‘tttl
385 1191 1126 1363 11119111111111111111

1 1353 6 1425 1
89 1323 288 1442 partim'vero
302 1363 336 1426 in
351 1297 420 1427 91119
432 1363 527 1428 etiam
543 1363 700 1450 aragustiis
713 1361 792 1431 fote.
874 1305 1126 1437 noenimptalon:

1 1461 6 1498 ¹
88 1457 185 1510 torum
208 1447 309 1514 millia
325 1449 394 1534 jem
417 1451 635 1525 consumsisse,
650 1461 806 1532 praeterea
825 1449 928 1518 multa
950 1452 1046 1522 etiam
1070 1455 1127 1520 de-

1 1548 5 1588 t
86 1527 165 1596 19999.
211 1531 266 1610 Ε1,
282 1534 308 1598 si
322 1533 372 1598 vel
385 1534 554 1602 minimum
579 1533 620 1598 de
634 1534 782 1618 praesenti
806 1549 960 1620 apparatu
980 1537 1126 1608 detrehe-
1155 1557 1158 1562 “

84 1629 161 1693 rent,
188 1618 446 1704 stipendiumque
470 1620 618 1684 militibus
641 1619 719 1686 91999
743 1634 911 1700 cessarent,
938 1645 990 1691 res
1014 1647 1125 1692 eorum

1 1721 5 1762 1
82 1702 254 1785 perituram
276 1706 396 1791 quippe
417 1705 503 1790 quod
519 1705 620 1790 copiis
635 1705 845 1770 auxiliaribus
867 1709 1046 1776 niterentur
1067 1733 1126 1796 po-

1 1811 5 1852 1
82 1787 155 1870 tius,
169 1811 267 1875 quem
282 1792 492 1867 'necessariis
508 1790 617 1876 quales
636 1803 739 1856 essent
754 1813 821 1857 suae
842 1793 956 1877 copim.
1002 1797 1126 1872 Quem·

2 1897 3 1934 l
80 1873 190 1938 obrem
205 1875 333 1940 dicebat
352 1890 501 1962 oportere
523 1898 555 1941 se
573 1876 607 1940 in
628 1876 793 1942 obsidione
813 1899 1028 1962 perseveraret
1053 1886 1126 1948 'ne-
1232 1935 1234 1938 -

2 1967 4 2022 i
81 1981 143 2044 que
156 1962 296 2046 pecunia
309 1974 481 2047 superatos,
496 1985 561 2048 qno
575 1963 629 2026 lon
685 1963 862 2048 superiores
876 1977 989 2045 essent,
1004 1966 1104 2032 abire.

121 2055 175 2114 49.
200 2051 311 2134 Atque
333 2047 442 2114 Nicias
464 2047 592 2135 quidem
613 2053 620 2088 ¹
651 2069 698 2114 oec
712 2049 820 2114 dicens
841 2048 1028 2126 affirmabat,
1075 2053 1128 2121 uis

2 2177 3 2192 .
78 2151 185 2198 rerum
204 2135 477 2221 Syrtcusnnorum
499 2146 617 2199 statum
639 2133 735 2219 plene
755 2147 953 2220 compertum
976 2075 1125 2218 1991991991,

76 2231 108 2283 91
123 2222 335 2303 pecuniarum
350 2221 503 2304 inopiam,
520 2232 551 2284 et
566 2217 720 2306 quosdam
744 2219 809 2284 illic
823 2242 899 2298 esse,
915 2223 971 2308 qui
986 2244 1035 2288 res
1057 2224 1127 2290 illas

77 2302 109 2368 io
126 2305 375 2370 Atheniensium
388 2317 576 2390 potestatem
591 2303 699 2369 venire
707 2317 870 2390 cuperent,
883 2321 915 2374 et
929 2309 984 2393 qui
997 2311 1126 2376 99991199

75 2389 115 2456 ad
131 2413 166 2456 99
183 2392 357 2468 mitterent,
373 2413 415 2456 oe
429 2390 622 2464 discederem
646 2389 742 2455 simul
755 2391 848 2458 etism
861 2394 942 2456 illud
954 2405 1037 2460 certo
1050 2399 1126 2460 scie-

73 2477 139 2556 tat,
158 2500 194 2542 99
215 2477 314 2543 classe
327 2478 450 2558 saltem,
464 2477 609 2561 maybrem
631 2474 795 2540 fidentiam
809 2475 1005 2555 habiturum,
1029 2501 1126 2565 quom

2 2595 3 2604 1
74 2576 161 2644 9919,
192 2583 293 2650 quom
323 2563 471 2627 91919919
499 2564 601 2626 rietus
625 2559 745 2626 firisset.
789 2560 1022 2628 Demosthenes
1049 2587 1127 2631 vero

72 2649 166 2714 nullo
181 2649 284 2714 modo
299 2648 456 2733 probabat
467 2649 534 2734 'ejus
548 2646 715 2713 consilinm
731 2646 773 2711 de
787 2647 907 2714 diutius
919 2651 952 2712 in
968 2651 1054 2716 urhis
1066 2651 1126 2716 ob-

74 2735 203 2800 sidione
218 2733 460 2820 perseverando.
504 2731 609 2812 Quod,
619 2732 645 2796 si
660 2731 729 2798 sine
739 2732 983 2798 Atheniensium
999 2735 1127 2802 decreto

69 2823 237 2886 exercitus
251 2841 316 2884 non
338 2835 420 2885 esset
439 2817 656 2895 abducendus,
672 2831 706 2884 at
723 2820 756 2882 in
770 2819 880 2884 Sicilia
902 2823 1125 2905 perstandum:

70 2905 217 2983 dicebat,
234 2905 297 2970 hoc
308 2907 383 2992 ipsis
398 2927 464 2970 esse
477 2903 669 2983 iaciendum,
685 2904 728 2968 119
743 2915 789 2980 ut,
806 2905 916 2970 cestris
931 2909 1004 2971 inde
1019 2907 1125 2990 motis,

67 3004 125 3056 sut
143 2991 332 3075 Thapsum,
353 3003 409 3056 991
432 2993 588 3055 Catannm
609 2999 766 3073 peterent,
781 2989 868 3054 unde
887 3012 960 3056 99999
982 2993 1128 3076 peditatu

2 3069 3 3078 ’
67 3077 103 3142 19
118 3079 233 3142 varies
246 3078 367 3142 hostilis
387 3078 456 3166 egri
475 3087 582 3161 partes
603 3096 669 3138 9999
683 3087 914 3154 converterent,
937 3089 969 3140 et
990 3078 1127 3144 incursi·

66 3183 150 3229 9999
163 3163 321 3240 facerent,
338 3175 372 3226 91
390 3185 440 3227 res
454 3161 592 3226 hostium
615 3159 801 3243 diriperent,
817 3183 854 3224 ac
880 3161 943 3225 11119
956 3175 1125 3241 9999999919

66 3262 200 3316 etcum
218 3252 282 3314 9919
297 3249 476 3312 9991199919
492 3248 569 3326 9119,
585 3267 644 3311 neo
659 3247 692 3308 in
707 3246 860 3330 sngustiis
876 3250 963 3332 (quae
977 3268 1038 3332 pro
1052 3247 1127 3312 bos-

66 3334 159 3401 tibus
176 3334 284 3435 magis
299 3333 450 3414 iacerent)
467 3331 592 3434 proelie
616 3330 860 3409 committerent,
881 3331 936 3397 9991
959 3333 992 3396 19
1014 3345 1125 3417 aperto

63 3419 300 3502 99991,919999
322 3441 380 3484 sus
393 3421 507 3503 perimo
520 3418 658 3482 fructum
722 3417 893 3501 rciperent,
912 3431 945 3482 et
965 3439 999 3481 se
1011 3417 1126 3504 recipi-

64 3509 149 3573 endi
165 3521 204 3572 et
221 3508 332 3572 hostem
347 3503 517 3570 invadendi
532 3503 665 3568 liberem
690 3502 859 3570 eoultotem
879 3503 1045 3584 heberent,
1060 3525 1126 3573 non

61 3615 107 3659 ex
125 3593 228 3660 brevi
243 3592 495 3678 prtescsiptoque
510 3592 568 3654 1991
588 3590 691 3672 spotti)
705 3589 865 3656 1919919999
887 3590 1127 3674 impressionem

61 3679 244 3755 1999199199,
260 3689 292 3743 91
313 3679 447 3744 9919999
467 3679 670 3742 nationesne
686 3683 812 3757 portum
833 3676 1041 3760 appellentes.
1087 3677 1127 3744 19

95 3889 260 3943 ¹Militibus
280 3893 421 3940 necessitate
441 3889 536 3938 9999919
573 3889 627 3948 Vel,
646 3889 686 3948 119,
701 3891 733 3936 ed
752 3901 857 3950 quorum
873 3889 980 3936 9111919999
997 3893 1128 3956 9991199999

56 3971 198 4024 pirgum.
234 3957 283 4012 Qut
299 3957 412 4004 9191911991
427 3967 536 4018 pogntre
551 3960 704 4016 regnentur,
722 3956 770 4002 olsl
786 3954 893 4002 officiam
908 3955 1019 4002 (19999999
1029 3956 1127 4002 venem,

94 4087 114 4128 k
128 4089 194 4136 Nec
207 4093 326 4150 1999999999
338 4087 463 4134 interiores
473 4085 585 4146 9999919,
596 4083 639 4144 qui
655 4083 734 4130 999119
744 4075 879 4144 9999919999
890 4088 980 4140 essent,
992 4083 1127 4131 abscedere.

61 4155 207 4268 Via'd'hlis
220 4215 323 4264 dicendo
333 4217 359 4265 19
370 4213 492 4264 sententie
503 4214 622 4260 1991999199
631 4213 800 4271 perseverabat
809 4217 858 4258 etc.
890 4209 998 4259 Arathe.

584 4273 635 4338 rf
