<?xml version="1.0" encoding="UTF-8"?>
<!DOCTYPE html PUBLIC "-//W3C//DTD XHTML 1.0 Transitional//EN"
    "http://www.w3.org/TR/xhtml1/DTD/xhtml1-transitional.dtd">
<html xmlns="http://www.w3.org/1999/xhtml" xml:lang="en" lang="en">
 <head>
  <title>
</title>
<meta http-equiv="Content-Type" content="text/html;charset=utf-8" />
  <meta name='ocr-system' content='tesseract 3.04.00' />
  <meta name='ocr-capabilities' content='ocr_page ocr_carea ocr_par ocr_line ocrx_word'/>
</head>
<body>
  <div class='ocr_page' id='page_1' title='image "./thucydidisdebel00wassgoog_0146.png"; bbox 0 0 2990 4792; ppageno 0'>
   <div class='ocr_carea' id='block_1_1' title="bbox 351 283 985 357">
    <p class='ocr_par' dir='ltr' id='par_1_1' title="bbox 351 283 985 357">
     <span class='ocr_line' id='line_1_1' title="bbox 351 283 985 357; baseline 0 0"><span class='ocrx_word' id='word_1_1' title='bbox 351 291 413 357; x_wconf 72' lang='lat' dir='ltr'><strong>ltu</strong></span> <span class='ocrx_word' id='word_1_2' title='bbox 678 283 985 357; x_wconf 75' lang='lat' dir='ltr'>&#39;l-&#39;HUCYDIDIS</span> 
     </span>
    </p>
   </div>
   <div class='ocr_carea' id='block_1_2' title="bbox 223 451 1491 4098">
    <p class='ocr_par' dir='ltr' id='par_1_2' title="bbox 228 451 1491 804">
     <span class='ocr_line' id='line_1_2' title="bbox 237 451 1491 612; baseline 0.003 -86"><span class='ocrx_word' id='word_1_3' title='bbox 237 473 322 598; x_wconf 48' lang='lat' dir='ltr'><strong>,¹¹ss</strong></span> <span class='ocrx_word' id='word_1_4' title='bbox 342 458 423 612; x_wconf 66' lang='lat' dir='ltr'><strong>ptei</strong></span> <span class='ocrx_word' id='word_1_5' title='bbox 437 457 637 562; x_wconf 72' lang='lat' dir='ltr'><strong>promiserat.</strong></span> <span class='ocrx_word' id='word_1_6' title='bbox 683 459 769 530; x_wconf 76' lang='lat' dir='ltr'><strong>llaec</strong></span> <span class='ocrx_word' id='word_1_7' title='bbox 783 461 881 550; x_wconf 74' lang='lat' dir='ltr'><strong>igitm</strong></span> <span class='ocrx_word' id='word_1_8' title='bbox 905 459 1315 546; x_wconf 78' lang='lat' dir='ltr'><strong>Sltaloisexpeditiohuuc</strong></span> <span class='ocrx_word' id='word_1_9' title='bbox 1329 459 1388 530; x_wconf 83' lang='lat' dir='ltr'><strong>hc·</strong></span> <span class='ocrx_word' id='word_1_10' title='bbox 1490 451 1491 538; x_wconf 54' lang='grc' dir='ltr'><strong>Ῠ</strong></span> 
     </span>
     <span class='ocr_line' id='line_1_3' title="bbox 366 560 1491 626; baseline -0.006 -14"><span class='ocrx_word' id='word_1_11' title='bbox 366 560 414 613; x_wconf 85' lang='lat' dir='ltr'><strong>nrt</strong></span> <span class='ocrx_word' id='word_1_12' title='bbox 428 560 562 612; x_wconf 78' lang='lat' dir='ltr'><strong>exitam.</strong></span> <span class='ocrx_word' id='word_1_13' title='bbox 1490 601 1491 626; x_wconf 16' lang='grc' dir='ltr'><strong>χ</strong></span> 
     </span>
     <span class='ocr_line' id='line_1_4' title="bbox 228 603 1491 728; baseline 0.002 -30"><span class='ocrx_word' id='word_1_14' title='bbox 228 603 327 728; x_wconf 52' lang='lat' dir='ltr'><strong>affl,</strong></span> <span class='ocrx_word' id='word_1_15' title='bbox 387 641 460 699; x_wconf 73' lang='lat'><strong>102.</strong></span> <span class='ocrx_word' id='word_1_16' title='bbox 483 633 695 699; x_wconf 81' lang='lat' dir='ltr'><strong>Athenienses</strong></span> <span class='ocrx_word' id='word_1_17' title='bbox 709 655 795 711; x_wconf 83' lang='lat' dir='ltr'><strong>vero,</strong></span> <span class='ocrx_word' id='word_1_18' title='bbox 811 634 865 721; x_wconf 88' lang='lat' dir='ltr'><strong>qni</strong></span> <span class='ocrx_word' id='word_1_19' title='bbox 883 633 1042 720; x_wconf 77' lang='lat' dir='ltr'><strong>Naupacti</strong></span> <span class='ocrx_word' id='word_1_20' title='bbox 1065 645 1166 712; x_wconf 74' lang='lat' dir='ltr'><strong>amnt,</strong></span> <span class='ocrx_word' id='word_1_21' title='bbox 1182 633 1293 700; x_wconf 83' lang='lat' dir='ltr'><strong>cadem</strong></span> <span class='ocrx_word' id='word_1_22' title='bbox 1309 635 1388 722; x_wconf 80' lang='lat' dir='ltr'><strong>hye-</strong></span> <span class='ocrx_word' id='word_1_23' title='bbox 1490 641 1491 658; x_wconf 66' lang='lat'>¹</span> 
     </span>
     <span class='ocr_line' id='line_1_5' title="bbox 235 719 1388 804; baseline 0.006 -25"><span class='ocrx_word' id='word_1_24' title='bbox 235 729 311 779; x_wconf 71' lang='lat' dir='ltr'><strong>aaa</strong></span> <span class='ocrx_word' id='word_1_25' title='bbox 340 741 401 798; x_wconf 82' lang='lat' dir='ltr'><strong>me,</strong></span> <span class='ocrx_word' id='word_1_26' title='bbox 418 733 490 804; x_wconf 85' lang='lat' dir='ltr'><strong>post</strong></span> <span class='ocrx_word' id='word_1_27' title='bbox 505 722 662 786; x_wconf 69' lang='lat' dir='ltr'><strong>aimatosa</strong></span> <span class='ocrx_word' id='word_1_28' title='bbox 685 720 991 804; x_wconf 71' lang='lat' dir='ltr'>Peloponnesiorum</span> <span class='ocrx_word' id='word_1_29' title='bbox 1014 719 1157 797; x_wconf 88' lang='lat' dir='ltr'><strong>classem,</strong></span> <span class='ocrx_word' id='word_1_30' title='bbox 1173 720 1258 786; x_wconf 86' lang='lat' dir='ltr'><strong>duce</strong></span> <span class='ocrx_word' id='word_1_31' title='bbox 1282 721 1388 786; x_wconf 86' lang='lat' dir='ltr'><strong>Phor·</strong></span> 
     </span>
    </p>

    <p class='ocr_par' dir='ltr' id='par_1_3' title="bbox 237 795 1387 906">
     <span class='ocr_line' id='line_1_6' title="bbox 237 795 1387 906; baseline 0.002 -36"><span class='ocrx_word' id='word_1_32' title='bbox 237 795 311 906; x_wconf 46' lang='grc' dir='ltr'><strong>Ψ·</strong></span> <span class='ocrx_word' id='word_1_33' title='bbox 341 805 459 888; x_wconf 86' lang='lat' dir='ltr'><strong>mione,</strong></span> <span class='ocrx_word' id='word_1_34' title='bbox 480 806 672 872; x_wconf 87' lang='lat' dir='ltr'><strong>maritimam</strong></span> <span class='ocrx_word' id='word_1_35' title='bbox 693 827 784 872; x_wconf 84' lang='lat' dir='ltr'><strong>oram</strong></span> <span class='ocrx_word' id='word_1_36' title='bbox 807 805 961 893; x_wconf 80' lang='lat' dir='ltr'><strong>legentes,</strong></span> <span class='ocrx_word' id='word_1_37' title='bbox 984 808 1103 872; x_wconf 78' lang='lat' dir='ltr'><strong>Antaeo</strong></span> <span class='ocrx_word' id='word_1_38' title='bbox 1128 805 1248 872; x_wconf 84' lang='lat' dir='ltr'><strong>bellam</strong></span> <span class='ocrx_word' id='word_1_39' title='bbox 1269 807 1387 872; x_wconf 76' lang='lat' dir='ltr'><strong>inuale-</strong></span> 
     </span>
    </p>

    <p class='ocr_par' dir='ltr' id='par_1_4' title="bbox 247 875 1387 981">
     <span class='ocr_line' id='line_1_7' title="bbox 247 875 1387 981; baseline 0 -23"><span class='ocrx_word' id='word_1_40' title='bbox 247 875 316 974; x_wconf 54' lang='grc' dir='ltr'><strong>ἐξ·</strong></span> <span class='ocrx_word' id='word_1_41' title='bbox 342 905 428 971; x_wconf 87' lang='lat' dir='ltr'><strong>runt,</strong></span> <span class='ocrx_word' id='word_1_42' title='bbox 439 913 657 981; x_wconf 83' lang='lat' dir='ltr'><strong>exeoeosuque</strong></span> <span class='ocrx_word' id='word_1_43' title='bbox 670 913 711 958; x_wconf 85' lang='lat' dir='ltr'><strong>ex</strong></span> <span class='ocrx_word' id='word_1_44' title='bbox 722 891 858 958; x_wconf 83' lang='lat' dir='ltr'><strong>navibus</strong></span> <span class='ocrx_word' id='word_1_45' title='bbox 868 894 903 957; x_wconf 90' lang='lat' dir='ltr'><strong>in</strong></span> <span class='ocrx_word' id='word_1_46' title='bbox 913 904 1030 958; x_wconf 78' lang='lat' dir='ltr'><strong>terram</strong></span> <span class='ocrx_word' id='word_1_47' title='bbox 1043 891 1138 971; x_wconf 84' lang='lat' dir='ltr'><strong>fecto,</strong></span> <span class='ocrx_word' id='word_1_48' title='bbox 1151 891 1387 958; x_wconf 81' lang='lat' dir='ltr'><strong>mediterranea</strong></span> 
     </span>
    </p>

    <p class='ocr_par' dir='ltr' id='par_1_5' title="bbox 248 978 1385 1068">
     <span class='ocr_line' id='line_1_8' title="bbox 248 978 1385 1068; baseline -0.001 -23"><span class='ocrx_word' id='word_1_49' title='bbox 248 1008 306 1056; x_wconf 54' lang='lat' dir='ltr'><strong>pur</strong></span> <span class='ocrx_word' id='word_1_50' title='bbox 342 978 536 1045; x_wconf 68' lang='lat' dir='ltr'><strong>Acarnania)</strong></span> <span class='ocrx_word' id='word_1_51' title='bbox 562 979 635 1044; x_wconf 90' lang='lat' dir='ltr'><strong>loca</strong></span> <span class='ocrx_word' id='word_1_52' title='bbox 666 978 838 1063; x_wconf 85' lang='lat' dir='ltr'><strong>petierunt,</strong></span> <span class='ocrx_word' id='word_1_53' title='bbox 868 999 942 1042; x_wconf 85' lang='lat' dir='ltr'><strong>curu</strong></span> <span class='ocrx_word' id='word_1_54' title='bbox 971 978 1216 1068; x_wconf 69' lang='lat' dir='ltr'>quadringentis</span> <span class='ocrx_word' id='word_1_55' title='bbox 1252 1001 1385 1044; x_wconf 87' lang='lat' dir='ltr'><strong>auorum</strong></span> 
     </span>
    </p>

    <p class='ocr_par' dir='ltr' id='par_1_6' title="bbox 227 1063 1492 1238">
     <span class='ocr_line' id='line_1_9' title="bbox 227 1063 1384 1140; baseline 0.006 -23"><span class='ocrx_word' id='word_1_56' title='bbox 227 1070 329 1122; x_wconf 73' lang='lat' dir='ltr'><strong>tenua·</strong></span> <span class='ocrx_word' id='word_1_57' title='bbox 380 1067 447 1131; x_wconf 84' lang='lat' dir='ltr'><strong>avis</strong></span> <span class='ocrx_word' id='word_1_58' title='bbox 468 1077 640 1131; x_wconf 75' lang='lat' dir='ltr'><strong>armaturae</strong></span> <span class='ocrx_word' id='word_1_59' title='bbox 662 1065 798 1130; x_wconf 86' lang='lat' dir='ltr'><strong>militum</strong></span> <span class='ocrx_word' id='word_1_60' title='bbox 822 1063 1065 1140; x_wconf 84' lang='lat' dir='ltr'><strong>classiariorum,</strong></span> <span class='ocrx_word' id='word_1_61' title='bbox 1092 1079 1125 1130; x_wconf 86' lang='lat' dir='ltr'><strong>at</strong></span> <span class='ocrx_word' id='word_1_62' title='bbox 1149 1085 1222 1130; x_wconf 88' lang='lat' dir='ltr'><strong>cum</strong></span> <span class='ocrx_word' id='word_1_63' title='bbox 1250 1066 1384 1130; x_wconf 73' lang='lat' dir='ltr'><strong>laud·</strong></span> 
     </span>
     <span class='ocr_line' id='line_1_10' title="bbox 236 1150 1384 1238; baseline -0.002 -20"><span class='ocrx_word' id='word_1_64' title='bbox 236 1153 310 1228; x_wconf 56' lang='grc' dir='ltr'><strong>ἈΨ</strong></span> <span class='ocrx_word' id='word_1_65' title='bbox 383 1153 528 1231; x_wconf 79' lang='lat' dir='ltr'><strong>esseniis3</strong></span> <span class='ocrx_word' id='word_1_66' title='bbox 550 1165 583 1217; x_wconf 85' lang='lat' dir='ltr'><strong>et</strong></span> <span class='ocrx_word' id='word_1_67' title='bbox 598 1173 638 1217; x_wconf 82' lang='lat' dir='ltr'><strong>ex</strong></span> <span class='ocrx_word' id='word_1_68' title='bbox 652 1153 771 1226; x_wconf 85' lang='lat' dir='ltr'><strong>Strato,</strong></span> <span class='ocrx_word' id='word_1_69' title='bbox 794 1165 827 1216; x_wconf 88' lang='lat' dir='ltr'><strong>et</strong></span> <span class='ocrx_word' id='word_1_70' title='bbox 843 1150 1004 1228; x_wconf 76' lang='lat' dir='ltr'><strong>Coronas,</strong></span> <span class='ocrx_word' id='word_1_71' title='bbox 1027 1150 1160 1238; x_wconf 86' lang='lat' dir='ltr'><strong>aliisque</strong></span> <span class='ocrx_word' id='word_1_72' title='bbox 1176 1152 1303 1236; x_wconf 89' lang='lat' dir='ltr'><strong>oppidis</strong></span> <span class='ocrx_word' id='word_1_73' title='bbox 1316 1175 1384 1231; x_wconf 86' lang='lat' dir='ltr'><strong>eoa,</strong></span> 
     </span>
    </p>

    <p class='ocr_par' dir='ltr' id='par_1_7' title="bbox 223 1215 1384 1322">
     <span class='ocr_line' id='line_1_11' title="bbox 223 1215 1384 1322; baseline 0 -18"><span class='ocrx_word' id='word_1_74' title='bbox 223 1215 327 1276; x_wconf 54' lang='grc' dir='ltr'><strong>ΔΜ·</strong></span> <span class='ocrx_word' id='word_1_75' title='bbox 361 1239 396 1304; x_wconf 90' lang='lat' dir='ltr'><strong>ui</strong></span> <span class='ocrx_word' id='word_1_76' title='bbox 421 1238 610 1304; x_wconf 83' lang='lat' dir='ltr'><strong>videbantur</strong></span> <span class='ocrx_word' id='word_1_77' title='bbox 634 1238 743 1303; x_wconf 77' lang='lat' dir='ltr'><strong>dubiae</strong></span> <span class='ocrx_word' id='word_1_78' title='bbox 765 1235 840 1302; x_wconf 83' lang='lat' dir='ltr'><strong>fidei</strong></span> <span class='ocrx_word' id='word_1_79' title='bbox 866 1238 1020 1314; x_wconf 87' lang='lat' dir='ltr'><strong>homines,</strong></span> <span class='ocrx_word' id='word_1_80' title='bbox 1043 1238 1223 1322; x_wconf 85' lang='lat' dir='ltr'><strong>ejecerunt:</strong></span> <span class='ocrx_word' id='word_1_81' title='bbox 1253 1251 1286 1303; x_wconf 84' lang='lat' dir='ltr'><strong>et</strong></span> <span class='ocrx_word' id='word_1_82' title='bbox 1307 1261 1384 1304; x_wconf 83' lang='lat' dir='ltr'><strong>cum</strong></span> 
     </span>
    </p>

    <p class='ocr_par' dir='ltr' id='par_1_8' title="bbox 339 1261 1384 1413">
     <span class='ocr_line' id='line_1_12' title="bbox 339 1261 1384 1413; baseline 0 -23"><span class='ocrx_word' id='word_1_83' title='bbox 339 1261 504 1413; x_wconf 54' lang='lat' dir='ltr'><strong>lynetem,</strong></span> <span class='ocrx_word' id='word_1_84' title='bbox 528 1323 679 1410; x_wconf 85' lang='lat' dir='ltr'><strong>Theolyti</strong></span> <span class='ocrx_word' id='word_1_85' title='bbox 692 1324 811 1404; x_wconf 74' lang='lat' dir='ltr'><strong>ffliam,</strong></span> <span class='ocrx_word' id='word_1_86' title='bbox 833 1323 867 1386; x_wconf 91' lang='lat' dir='ltr'><strong>in</strong></span> <span class='ocrx_word' id='word_1_87' title='bbox 889 1321 1046 1408; x_wconf 88' lang='lat' dir='ltr'><strong>oppidum</strong></span> <span class='ocrx_word' id='word_1_88' title='bbox 1069 1323 1214 1388; x_wconf 84' lang='lat' dir='ltr'><strong>Coronta</strong></span> <span class='ocrx_word' id='word_1_89' title='bbox 1236 1324 1384 1390; x_wconf 85' lang='lat' dir='ltr'><strong>reduxis-</strong></span> 
     </span>
    </p>

    <p class='ocr_par' dir='ltr' id='par_1_9' title="bbox 327 1407 1383 4098">
     <span class='ocr_line' id='line_1_13' title="bbox 338 1407 1382 1494; baseline -0.001 -17"><span class='ocrx_word' id='word_1_90' title='bbox 338 1425 418 1488; x_wconf 82' lang='lat' dir='ltr'><strong>sent,</strong></span> <span class='ocrx_word' id='word_1_91' title='bbox 441 1411 483 1475; x_wconf 86' lang='lat' dir='ltr'><strong>ad</strong></span> <span class='ocrx_word' id='word_1_92' title='bbox 505 1433 578 1475; x_wconf 84' lang='lat' dir='ltr'><strong>suaa</strong></span> <span class='ocrx_word' id='word_1_93' title='bbox 599 1431 694 1475; x_wconf 77' lang='lat' dir='ltr'><strong>navae</strong></span> <span class='ocrx_word' id='word_1_94' title='bbox 715 1409 887 1474; x_wconf 79' lang='lat' dir='ltr'><strong>redierunt.</strong></span> <span class='ocrx_word' id='word_1_95' title='bbox 934 1407 1017 1474; x_wconf 81' lang='lat' dir='ltr'><strong>Nam</strong></span> <span class='ocrx_word' id='word_1_96' title='bbox 1043 1407 1206 1486; x_wconf 83' lang='lat' dir='ltr'><strong>OEniadis‚</strong></span> <span class='ocrx_word' id='word_1_97' title='bbox 1231 1414 1242 1494; x_wconf 93' lang='lat'>(</span> <span class='ocrx_word' id='word_1_98' title='bbox 1267 1411 1298 1474; x_wconf 89' lang='lat' dir='ltr'><strong>ui</strong></span> <span class='ocrx_word' id='word_1_99' title='bbox 1321 1411 1382 1476; x_wconf 88' lang='lat' dir='ltr'><strong>soli</strong></span> 
     </span>
     <span class='ocr_line' id='line_1_14' title="bbox 336 1433 1382 1579; baseline -0.001 -18"><span class='ocrx_word' id='word_1_100' title='bbox 336 1497 482 1563; x_wconf 87' lang='lat' dir='ltr'><strong>omnium</strong></span> <span class='ocrx_word' id='word_1_101' title='bbox 499 1499 704 1562; x_wconf 84' lang='lat' dir='ltr'><strong>Acarnanum</strong></span> <span class='ocrx_word' id='word_1_102' title='bbox 717 1493 968 1561; x_wconf 72' lang='lat' dir='ltr'><strong>Atheniensibus</strong></span> <span class='ocrx_word' id='word_1_103' title='bbox 982 1507 1137 1579; x_wconf 85' lang='lat' dir='ltr'><strong>perpetuo</strong></span> <span class='ocrx_word' id='word_1_104' title='bbox 1146 1433 1382 1579; x_wconf 68' lang='lat' dir='ltr'><strong>eranthostaa)</strong></span> 
     </span>
     <span class='ocr_line' id='line_1_15' title="bbox 335 1578 1383 1670; baseline -0.001 -22"><span class='ocrx_word' id='word_1_105' title='bbox 335 1595 468 1670; x_wconf 81' lang='lat' dir='ltr'><strong>propter</strong></span> <span class='ocrx_word' id='word_1_106' title='bbox 481 1581 661 1668; x_wconf 83' lang='lat' dir='ltr'><strong>hybernum</strong></span> <span class='ocrx_word' id='word_1_107' title='bbox 677 1582 754 1646; x_wconf 87' lang='lat' dir='ltr'><strong>anni</strong></span> <span class='ocrx_word' id='word_1_108' title='bbox 768 1593 905 1666; x_wconf 76' lang='lat' dir='ltr'><strong>tempus,</strong></span> <span class='ocrx_word' id='word_1_109' title='bbox 919 1578 1039 1646; x_wconf 84' lang='lat' dir='ltr'><strong>bellum</strong></span> <span class='ocrx_word' id='word_1_110' title='bbox 1055 1581 1145 1647; x_wconf 92' lang='lat' dir='ltr'><strong>nullo</strong></span> <span class='ocrx_word' id='word_1_111' title='bbox 1156 1581 1254 1646; x_wconf 86' lang='lat' dir='ltr'><strong>modo</strong></span> <span class='ocrx_word' id='word_1_112' title='bbox 1267 1582 1383 1648; x_wconf 82' lang='lat' dir='ltr'><strong>inferri</strong></span> 
     </span>
     <span class='ocr_line' id='line_1_16' title="bbox 336 1666 1383 1754; baseline 0 -22"><span class='ocrx_word' id='word_1_113' title='bbox 336 1691 428 1754; x_wconf 79' lang='lat' dir='ltr'><strong>pocae</strong></span> <span class='ocrx_word' id='word_1_114' title='bbox 447 1669 624 1734; x_wconf 82' lang='lat' dir='ltr'><strong>videbatur.</strong></span> <span class='ocrx_word' id='word_1_115' title='bbox 670 1667 756 1732; x_wconf 87' lang='lat' dir='ltr'><strong>Nam</strong></span> <span class='ocrx_word' id='word_1_116' title='bbox 772 1667 935 1733; x_wconf 75' lang='lat' dir='ltr'>Achelous</span> <span class='ocrx_word' id='word_1_117' title='bbox 948 1666 1065 1733; x_wconf 83' lang='lat' dir='ltr'><strong>flavius</strong></span> <span class='ocrx_word' id='word_1_118' title='bbox 1079 1690 1118 1732; x_wconf 83' lang='lat' dir='ltr'><strong>ex</strong></span> <span class='ocrx_word' id='word_1_119' title='bbox 1140 1677 1251 1733; x_wconf 80' lang='lat' dir='ltr'><strong>monte</strong></span> <span class='ocrx_word' id='word_1_120' title='bbox 1273 1667 1383 1734; x_wconf 86' lang='lat' dir='ltr'><strong>Pindo</strong></span> 
     </span>
     <span class='ocr_line' id='line_1_17' title="bbox 335 1752 1383 1844; baseline -0.002 -22"><span class='ocrx_word' id='word_1_121' title='bbox 335 1777 395 1842; x_wconf 84' lang='lat' dir='ltr'><strong>per</strong></span> <span class='ocrx_word' id='word_1_122' title='bbox 409 1754 597 1841; x_wconf 85' lang='lat' dir='ltr'><strong>Dolopiam,</strong></span> <span class='ocrx_word' id='word_1_123' title='bbox 614 1757 749 1844; x_wconf 69' lang='lat' dir='ltr'><strong>Agnos,</strong></span> <span class='ocrx_word' id='word_1_124' title='bbox 766 1752 1010 1839; x_wconf 85' lang='lat' dir='ltr'><strong>Amphilochos,</strong></span> <span class='ocrx_word' id='word_1_125' title='bbox 1026 1766 1059 1818; x_wconf 89' lang='lat' dir='ltr'><strong>et</strong></span> <span class='ocrx_word' id='word_1_126' title='bbox 1073 1773 1133 1838; x_wconf 83' lang='lat' dir='ltr'><strong>per</strong></span> <span class='ocrx_word' id='word_1_127' title='bbox 1147 1755 1383 1820; x_wconf 73' lang='lat' dir='ltr'><strong>Acarnanicam</strong></span> 
     </span>
     <span class='ocr_line' id='line_1_18' title="bbox 335 1839 1382 1927; baseline 0.001 -21"><span class='ocrx_word' id='word_1_128' title='bbox 335 1840 503 1927; x_wconf 71' lang='lat' dir='ltr'><strong>planitiem</strong></span> <span class='ocrx_word' id='word_1_129' title='bbox 516 1841 629 1921; x_wconf 81' lang='lat' dir='ltr'><strong>flaons,</strong></span> <span class='ocrx_word' id='word_1_130' title='bbox 644 1861 780 1926; x_wconf 77' lang='lat' dir='ltr'><strong>superne</strong></span> <span class='ocrx_word' id='word_1_131' title='bbox 795 1839 924 1927; x_wconf 87' lang='lat' dir='ltr'><strong>quidem</strong></span> <span class='ocrx_word' id='word_1_132' title='bbox 939 1840 1034 1925; x_wconf 81' lang='lat' dir='ltr'><strong>juxta</strong></span> <span class='ocrx_word' id='word_1_133' title='bbox 1048 1839 1159 1906; x_wconf 85' lang='lat' dir='ltr'><strong>arbem</strong></span> <span class='ocrx_word' id='word_1_134' title='bbox 1175 1841 1332 1918; x_wconf 86' lang='lat' dir='ltr'><strong>Stratum,</strong></span> <span class='ocrx_word' id='word_1_135' title='bbox 1348 1855 1382 1907; x_wconf 85' lang='lat' dir='ltr'><strong>et</strong></span> 
     </span>
     <span class='ocr_line' id='line_1_19' title="bbox 336 1924 1381 2014; baseline -0.002 -20"><span class='ocrx_word' id='word_1_136' title='bbox 336 1927 504 2007; x_wconf 65' lang='lat' dir='ltr'><strong>OEnisdaa</strong></span> <span class='ocrx_word' id='word_1_137' title='bbox 520 1949 579 2014; x_wconf 82' lang='lat' dir='ltr'><strong>per</strong></span> <span class='ocrx_word' id='word_1_138' title='bbox 592 1927 742 2013; x_wconf 85' lang='lat' dir='ltr'><strong>spatium,</strong></span> <span class='ocrx_word' id='word_1_139' title='bbox 758 1926 847 2013; x_wconf 89' lang='lat' dir='ltr'><strong>quod</strong></span> <span class='ocrx_word' id='word_1_140' title='bbox 861 1926 944 1990; x_wconf 82' lang='lat' dir='ltr'><strong>inter</strong></span> <span class='ocrx_word' id='word_1_141' title='bbox 965 1924 1117 1991; x_wconf 76' lang='lat' dir='ltr'><strong>handuns</strong></span> <span class='ocrx_word' id='word_1_142' title='bbox 1132 1925 1227 1992; x_wconf 84' lang='lat' dir='ltr'><strong>nrbes</strong></span> <span class='ocrx_word' id='word_1_143' title='bbox 1248 1941 1296 1992; x_wconf 87' lang='lat' dir='ltr'><strong>est</strong></span> <span class='ocrx_word' id='word_1_144' title='bbox 1311 1949 1381 1993; x_wconf 87' lang='lat' dir='ltr'><strong>me·</strong></span> 
     </span>
     <span class='ocr_line' id='line_1_20' title="bbox 335 2012 1382 2096; baseline 0.001 -18"><span class='ocrx_word' id='word_1_145' title='bbox 335 2013 435 2096; x_wconf 81' lang='lat' dir='ltr'><strong>(lium,</strong></span> <span class='ocrx_word' id='word_1_146' title='bbox 454 2014 488 2078; x_wconf 91' lang='lat' dir='ltr'><strong>in</strong></span> <span class='ocrx_word' id='word_1_147' title='bbox 511 2036 600 2080; x_wconf 84' lang='lat' dir='ltr'><strong>mare</strong></span> <span class='ocrx_word' id='word_1_148' title='bbox 621 2012 780 2090; x_wconf 65' lang='lat' dir='ltr'><strong>desertum</strong></span> <span class='ocrx_word' id='word_1_149' title='bbox 810 2024 843 2078; x_wconf 85' lang='lat' dir='ltr'><strong>et</strong></span> <span class='ocrx_word' id='word_1_150' title='bbox 864 2013 1007 2096; x_wconf 89' lang='lat' dir='ltr'><strong>ipsorum</strong></span> <span class='ocrx_word' id='word_1_151' title='bbox 1030 2012 1241 2078; x_wconf 84' lang='lat' dir='ltr'><strong>OEsss&#39;aclasssss</strong></span> <span class='ocrx_word' id='word_1_152' title='bbox 1264 2013 1382 2079; x_wconf 84' lang='lat' dir='ltr'><strong>urbem</strong></span> 
     </span>
     <span class='ocr_line' id='line_1_21' title="bbox 333 2096 1379 2190; baseline 0 -24"><span class='ocrx_word' id='word_1_153' title='bbox 333 2112 519 2190; x_wconf 70' lang='lat' dir='ltr'><strong>mugnano</strong></span> <span class='ocrx_word' id='word_1_154' title='bbox 533 2099 704 2188; x_wconf 83' lang='lat' dir='ltr'><strong>paludibus</strong></span> <span class='ocrx_word' id='word_1_155' title='bbox 717 2096 913 2177; x_wconf 78' lang='lat' dir='ltr'><strong>circsrmslat3</strong></span> <span class='ocrx_word' id='word_1_156' title='bbox 935 2097 1068 2175; x_wconf 85' lang='lat' dir='ltr'><strong>etfacit,</strong></span> <span class='ocrx_word' id='word_1_157' title='bbox 1084 2111 1121 2163; x_wconf 88' lang='lat' dir='ltr'><strong>ut</strong></span> <span class='ocrx_word' id='word_1_158' title='bbox 1158 2110 1268 2183; x_wconf 80' lang='lat' dir='ltr'><strong>raptor</strong></span> <span class='ocrx_word' id='word_1_159' title='bbox 1277 2123 1379 2186; x_wconf 85' lang='lat' dir='ltr'><strong>equa-</strong></span> 
     </span>
     <span class='ocr_line' id='line_1_22' title="bbox 334 2119 1379 2274; baseline -0.001 -22"><span class='ocrx_word' id='word_1_160' title='bbox 334 2205 407 2252; x_wconf 85' lang='lat' dir='ltr'><strong>rum</strong></span> <span class='ocrx_word' id='word_1_161' title='bbox 421 2188 547 2274; x_wconf 87' lang='lat' dir='ltr'><strong>oopisro</strong></span> <span class='ocrx_word' id='word_1_162' title='bbox 569 2187 599 2252; x_wconf 86' lang='lat' dir='ltr'><strong>ei</strong></span> <span class='ocrx_word' id='word_1_163' title='bbox 619 2185 739 2252; x_wconf 89' lang='lat' dir='ltr'><strong>bellum</strong></span> <span class='ocrx_word' id='word_1_164' title='bbox 761 2185 876 2272; x_wconf 83' lang='lat' dir='ltr'><strong>hyeme</strong></span> <span class='ocrx_word' id='word_1_165' title='bbox 893 2204 961 2249; x_wconf 89' lang='lat' dir='ltr'><strong>non</strong></span> <span class='ocrx_word' id='word_1_166' title='bbox 976 2185 1075 2269; x_wconf 84' lang='lat' dir='ltr'><strong>poasit</strong></span> <span class='ocrx_word' id='word_1_167' title='bbox 1095 2119 1217 2251; x_wconf 67' lang='lat' dir='ltr'><strong>inllrri.</strong></span> <span class='ocrx_word' id='word_1_168' title='bbox 1259 2186 1379 2252; x_wconf 84' lang='lat' dir='ltr'><strong>lacent</strong></span> 
     </span>
     <span class='ocr_line' id='line_1_23' title="bbox 333 2265 1380 2358; baseline 0.001 -22"><span class='ocrx_word' id='word_1_169' title='bbox 333 2286 440 2338; x_wconf 80' lang='lat' dir='ltr'><strong>sutem</strong></span> <span class='ocrx_word' id='word_1_170' title='bbox 454 2285 487 2338; x_wconf 87' lang='lat' dir='ltr'><strong>et</strong></span> <span class='ocrx_word' id='word_1_171' title='bbox 524 2272 664 2358; x_wconf 81' lang='lat' dir='ltr'><strong>leraaqne</strong></span> <span class='ocrx_word' id='word_1_172' title='bbox 679 2265 883 2336; x_wconf 82' lang='lat' dir='ltr'><strong>thlnsdum</strong></span> <span class='ocrx_word' id='word_1_173' title='bbox 894 2269 1071 2336; x_wconf 85' lang='lat' dir='ltr'><strong>insularum</strong></span> <span class='ocrx_word' id='word_1_174' title='bbox 1087 2271 1247 2358; x_wconf 77' lang='lat' dir='ltr'><strong>eregione</strong></span> <span class='ocrx_word' id='word_1_175' title='bbox 1258 2271 1380 2337; x_wconf 85' lang='lat' dir='ltr'><strong>OEnis-</strong></span> 
     </span>
     <span class='ocr_line' id='line_1_24' title="bbox 332 2293 1377 2443; baseline -0.001 -19"><span class='ocrx_word' id='word_1_176' title='bbox 332 2356 459 2438; x_wconf 85' lang='lat' dir='ltr'><strong>darum,</strong></span> <span class='ocrx_word' id='word_1_177' title='bbox 482 2293 525 2424; x_wconf 69' lang='lat' dir='ltr'><strong>ah</strong></span> <span class='ocrx_word' id='word_1_178' title='bbox 548 2357 684 2424; x_wconf 82' lang='lat' dir='ltr'><strong>Acheloi</strong></span> <span class='ocrx_word' id='word_1_179' title='bbox 705 2359 787 2424; x_wconf 88' lang='lat' dir='ltr'><strong>ostio</strong></span> <span class='ocrx_word' id='word_1_180' title='bbox 811 2377 878 2422; x_wconf 92' lang='lat' dir='ltr'><strong>non</strong></span> <span class='ocrx_word' id='word_1_181' title='bbox 905 2355 1020 2443; x_wconf 87' lang='lat' dir='ltr'><strong>procul</strong></span> <span class='ocrx_word' id='word_1_182' title='bbox 1043 2355 1205 2422; x_wconf 76' lang='lat' dir='ltr'><strong>distentae.</strong></span> <span class='ocrx_word' id='word_1_183' title='bbox 1251 2356 1377 2434; x_wconf 87' lang='lat' dir='ltr'><strong>Quam-</strong></span> 
     </span>
     <span class='ocr_line' id='line_1_25' title="bbox 333 2442 1378 2531; baseline -0.001 -22"><span class='ocrx_word' id='word_1_184' title='bbox 333 2443 445 2512; x_wconf 88' lang='lat' dir='ltr'><strong>obrem</strong></span> <span class='ocrx_word' id='word_1_185' title='bbox 469 2443 524 2510; x_wconf 89' lang='lat' dir='ltr'><strong>hic</strong></span> <span class='ocrx_word' id='word_1_186' title='bbox 544 2445 671 2521; x_wconf 84' lang='lat' dir='ltr'><strong>fluvius,</strong></span> <span class='ocrx_word' id='word_1_187' title='bbox 697 2445 849 2531; x_wconf 89' lang='lat' dir='ltr'><strong>quoniam</strong></span> <span class='ocrx_word' id='word_1_188' title='bbox 873 2454 921 2508; x_wconf 83' lang='lat' dir='ltr'><strong>est</strong></span> <span class='ocrx_word' id='word_1_189' title='bbox 945 2463 1093 2531; x_wconf 81' lang='lat' dir='ltr'><strong>magnus,</strong></span> <span class='ocrx_word' id='word_1_190' title='bbox 1114 2442 1227 2508; x_wconf 88' lang='lat' dir='ltr'><strong>limum</strong></span> <span class='ocrx_word' id='word_1_191' title='bbox 1248 2466 1378 2530; x_wconf 83' lang='lat' dir='ltr'><strong>semper</strong></span> 
     </span>
     <span class='ocr_line' id='line_1_26' title="bbox 332 2528 1377 2702; baseline 0 -20"><span class='ocrx_word' id='word_1_192' title='bbox 332 2533 469 2682; x_wconf 54' lang='lat' dir='ltr'><strong>ath</strong></span> <span class='ocrx_word' id='word_1_193' title='bbox 484 2529 905 2685; x_wconf 53' lang='lat' dir='ltr'><strong>”lllfflill‘tl</strong></span> <span class='ocrx_word' id='word_1_194' title='bbox 917 2528 1377 2702; x_wconf 57' lang='lat' dir='ltr'><strong>itlffiltffll:</strong></span> 
     </span>
     <span class='ocr_line' id='line_1_27' title="bbox 333 2699 1378 2792; baseline 0.001 -24"><span class='ocrx_word' id='word_1_195' title='bbox 333 2703 467 2770; x_wconf 87' lang='lat' dir='ltr'><strong>modurn</strong></span> <span class='ocrx_word' id='word_1_196' title='bbox 494 2725 582 2792; x_wconf 79' lang='lat' dir='ltr'><strong>ongo</strong></span> <span class='ocrx_word' id='word_1_197' title='bbox 596 2703 748 2788; x_wconf 81' lang='lat' dir='ltr'><strong>temporis</strong></span> <span class='ocrx_word' id='word_1_198' title='bbox 762 2723 929 2790; x_wconf 72' lang='lat' dir='ltr'><strong>prognosin</strong></span> <span class='ocrx_word' id='word_1_199' title='bbox 945 2699 1029 2766; x_wconf 86' lang='lat' dir='ltr'><strong>idem</strong></span> <span class='ocrx_word' id='word_1_200' title='bbox 1042 2713 1242 2768; x_wconf 73' lang='lat' dir='ltr'><strong>avennorum.</strong></span> <span class='ocrx_word' id='word_1_201' title='bbox 1288 2703 1378 2770; x_wconf 86' lang='lat' dir='ltr'><strong>Naro</strong></span> 
     </span>
     <span class='ocr_line' id='line_1_28' title="bbox 332 2787 1380 2876; baseline 0 -22"><span class='ocrx_word' id='word_1_202' title='bbox 332 2800 365 2854; x_wconf 84' lang='lat' dir='ltr'><strong>et</strong></span> <span class='ocrx_word' id='word_1_203' title='bbox 378 2788 467 2854; x_wconf 80' lang='lat' dir='ltr'><strong>fluvii</strong></span> <span class='ocrx_word' id='word_1_204' title='bbox 482 2809 591 2855; x_wconf 77' lang='lat' dir='ltr'><strong>mrsus</strong></span> <span class='ocrx_word' id='word_1_205' title='bbox 613 2802 660 2855; x_wconf 85' lang='lat' dir='ltr'><strong>est</strong></span> <span class='ocrx_word' id='word_1_206' title='bbox 676 2789 817 2874; x_wconf 77' lang='lat' dir='ltr'><strong>rapidus,</strong></span> <span class='ocrx_word' id='word_1_207' title='bbox 832 2800 865 2854; x_wconf 84' lang='lat' dir='ltr'><strong>et</strong></span> <span class='ocrx_word' id='word_1_208' title='bbox 879 2787 1007 2865; x_wconf 86' lang='lat' dir='ltr'><strong>multus,</strong></span> <span class='ocrx_word' id='word_1_209' title='bbox 1023 2799 1057 2854; x_wconf 87' lang='lat' dir='ltr'><strong>et</strong></span> <span class='ocrx_word' id='word_1_210' title='bbox 1076 2787 1232 2866; x_wconf 86' lang='lat' dir='ltr'><strong>turbidus,</strong></span> <span class='ocrx_word' id='word_1_211' title='bbox 1247 2802 1281 2854; x_wconf 85' lang='lat' dir='ltr'><strong>et</strong></span> <span class='ocrx_word' id='word_1_212' title='bbox 1294 2790 1380 2876; x_wconf 67' lang='lat' dir='ltr'><strong>ipse</strong></span> 
     </span>
     <span class='ocr_line' id='line_1_29' title="bbox 331 2873 1379 2964; baseline 0.003 -25"><span class='ocrx_word' id='word_1_213' title='bbox 331 2874 444 2940; x_wconf 86' lang='lat' dir='ltr'><strong>insulae</strong></span> <span class='ocrx_word' id='word_1_214' title='bbox 457 2887 532 2941; x_wconf 85' lang='lat' dir='ltr'><strong>aunt</strong></span> <span class='ocrx_word' id='word_1_215' title='bbox 543 2874 674 2954; x_wconf 78' lang='lat' dir='ltr'><strong>crebrae,</strong></span> <span class='ocrx_word' id='word_1_216' title='bbox 689 2889 722 2940; x_wconf 86' lang='lat' dir='ltr'><strong>et</strong></span> <span class='ocrx_word' id='word_1_217' title='bbox 731 2873 810 2940; x_wconf 91' lang='lat' dir='ltr'><strong>limo</strong></span> <span class='ocrx_word' id='word_1_218' title='bbox 824 2887 977 2964; x_wconf 80' lang='lat' dir='ltr'><strong>congesto</strong></span> <span class='ocrx_word' id='word_1_219' title='bbox 987 2873 1088 2960; x_wconf 89' lang='lat' dir='ltr'><strong>(quod</strong></span> <span class='ocrx_word' id='word_1_220' title='bbox 1098 2873 1233 2940; x_wconf 85' lang='lat' dir='ltr'><strong>diffirrrdi</strong></span> <span class='ocrx_word' id='word_1_221' title='bbox 1245 2877 1379 2963; x_wconf 83' lang='lat' dir='ltr'><strong>nequit)</strong></span> 
     </span>
     <span class='ocr_line' id='line_1_30' title="bbox 331 2959 1380 3049; baseline 0.003 -23"><span class='ocrx_word' id='word_1_222' title='bbox 331 2959 488 3028; x_wconf 69' lang='grc' dir='ltr'>ιιὶἰωοιιιιι</span> <span class='ocrx_word' id='word_1_223' title='bbox 511 2961 580 3027; x_wconf 86' lang='lat' dir='ltr'><strong>aliis</strong></span> <span class='ocrx_word' id='word_1_224' title='bbox 601 2963 851 3049; x_wconf 79' lang='lat' dir='ltr'><strong>conjunguntur,</strong></span> <span class='ocrx_word' id='word_1_225' title='bbox 873 2959 1059 3049; x_wconf 79' lang='lat' dir='ltr'><strong>=gradotim,</strong></span> <span class='ocrx_word' id='word_1_226' title='bbox 1081 2981 1148 3026; x_wconf 86' lang='lat' dir='ltr'><strong>non</strong></span> <span class='ocrx_word' id='word_1_227' title='bbox 1170 2974 1276 3028; x_wconf 83' lang='lat' dir='ltr'><strong>autam</strong></span> <span class='ocrx_word' id='word_1_228' title='bbox 1293 2965 1380 3029; x_wconf 82' lang='lat' dir='ltr'><strong>serie</strong></span> 
     </span>
     <span class='ocr_line' id='line_1_31' title="bbox 330 3045 1377 3134; baseline 0 -20"><span class='ocrx_word' id='word_1_229' title='bbox 330 3045 453 3114; x_wconf 84' lang='lat' dir='ltr'><strong>directa</strong></span> <span class='ocrx_word' id='word_1_230' title='bbox 466 3048 546 3128; x_wconf 76' lang='lat' dir='ltr'><strong>eitra,</strong></span> <span class='ocrx_word' id='word_1_231' title='bbox 561 3070 621 3114; x_wconf 84' lang='lat' dir='ltr'><strong>nec</strong></span> <span class='ocrx_word' id='word_1_232' title='bbox 634 3059 757 3114; x_wconf 74' lang='grc' dir='ltr'>ιωῑιιιιι</span> <span class='ocrx_word' id='word_1_233' title='bbox 776 3048 867 3134; x_wconf 88' lang='lat' dir='ltr'><strong>aquis</strong></span> <span class='ocrx_word' id='word_1_234' title='bbox 881 3048 1005 3112; x_wconf 85' lang='lat' dir='ltr'><strong>exitum</strong></span> <span class='ocrx_word' id='word_1_235' title='bbox 1021 3047 1055 3112; x_wconf 90' lang='lat' dir='ltr'><strong>in</strong></span> <span class='ocrx_word' id='word_1_236' title='bbox 1077 3045 1209 3133; x_wconf 79' lang='lat' dir='ltr'><strong>pelagus</strong></span> <span class='ocrx_word' id='word_1_237' title='bbox 1222 3048 1377 3133; x_wconf 75' lang='lat' dir='ltr'><strong>praeben·</strong></span> 
     </span>
     <span class='ocr_line' id='line_1_32' title="bbox 330 3133 1374 3222; baseline 0.002 -22"><span class='ocrx_word' id='word_1_238' title='bbox 330 3142 388 3200; x_wconf 81' lang='lat' dir='ltr'><strong>tes.</strong></span> <span class='ocrx_word' id='word_1_239' title='bbox 433 3137 518 3202; x_wconf 88' lang='lat' dir='ltr'><strong>Sunt</strong></span> <span class='ocrx_word' id='word_1_240' title='bbox 546 3145 653 3202; x_wconf 67' lang='lat' dir='ltr'><strong>aaoem</strong></span> <span class='ocrx_word' id='word_1_241' title='bbox 683 3133 829 3216; x_wconf 66' lang='lat' dir='ltr'><strong>(imme,</strong></span> <span class='ocrx_word' id='word_1_242' title='bbox 858 3153 918 3198; x_wconf 82' lang='lat' dir='ltr'><strong>nec</strong></span> <span class='ocrx_word' id='word_1_243' title='bbox 946 3153 1084 3222; x_wconf 72' lang='lat' dir='ltr'><strong>magnac.</strong></span> <span class='ocrx_word' id='word_1_244' title='bbox 1129 3133 1245 3200; x_wconf 84' lang='lat' dir='ltr'><strong>Fertur</strong></span> <span class='ocrx_word' id='word_1_245' title='bbox 1273 3137 1374 3202; x_wconf 86' lang='lat' dir='ltr'><strong>etiam</strong></span> 
     </span>
     <span class='ocr_line' id='line_1_33' title="bbox 330 3219 1378 3307; baseline 0.004 -22"><span class='ocrx_word' id='word_1_246' title='bbox 330 3219 512 3288; x_wconf 75' lang='lat' dir='ltr'><strong>Alcmaeoni</strong></span> <span class='ocrx_word' id='word_1_247' title='bbox 536 3221 727 3307; x_wconf 70' lang='lat' dir='ltr'><strong>Amphiarai</strong></span> <span class='ocrx_word' id='word_1_248' title='bbox 739 3221 829 3306; x_wconf 74' lang='lat' dir='ltr'><strong>flio,</strong></span> <span class='ocrx_word' id='word_1_249' title='bbox 851 3241 917 3306; x_wconf 89' lang='lat' dir='ltr'><strong>qno</strong></span> <span class='ocrx_word' id='word_1_250' title='bbox 941 3230 1087 3305; x_wconf 85' lang='lat' dir='ltr'><strong>tempore</strong></span> <span class='ocrx_word' id='word_1_251' title='bbox 1107 3231 1241 3306; x_wconf 82' lang='lat' dir='ltr'><strong>propter</strong></span> <span class='ocrx_word' id='word_1_252' title='bbox 1261 3226 1378 3289; x_wconf 85' lang='lat' dir='ltr'><strong>matria</strong></span> 
     </span>
     <span class='ocr_line' id='line_1_34' title="bbox 328 3304 1376 3394; baseline 0.003 -22"><span class='ocrx_word' id='word_1_253' title='bbox 328 3307 450 3374; x_wconf 78' lang='lat' dir='ltr'><strong>casdem</strong></span> <span class='ocrx_word' id='word_1_254' title='bbox 473 3331 492 3373; x_wconf 85' lang='lat' dir='ltr'>v</span> <span class='ocrx_word' id='word_1_255' title='bbox 553 3309 659 3384; x_wconf 85' lang='lat' dir='ltr'><strong>batur,</strong></span> <span class='ocrx_word' id='word_1_256' title='bbox 674 3306 793 3392; x_wconf 84' lang='lat' dir='ltr'>Apollo</span> <span class='ocrx_word' id='word_1_257' title='bbox 814 3304 979 3372; x_wconf 85' lang='lat' dir='ltr'><strong>oraculum</strong></span> <span class='ocrx_word' id='word_1_258' title='bbox 994 3304 1178 3382; x_wconf 82' lang='lat' dir='ltr'><strong>reddidisse,</strong></span> <span class='ocrx_word' id='word_1_259' title='bbox 1198 3327 1264 3394; x_wconf 88' lang='lat' dir='ltr'><strong>quo</strong></span> <span class='ocrx_word' id='word_1_260' title='bbox 1285 3307 1376 3376; x_wconf 85' lang='lat' dir='ltr'><strong>banc</strong></span> 
     </span>
     <span class='ocr_line' id='line_1_35' title="bbox 328 3390 1371 3479; baseline 0.004 -22"><span class='ocrx_word' id='word_1_261' title='bbox 328 3403 447 3458; x_wconf 83' lang='lat' dir='ltr'><strong>terram</strong></span> <span class='ocrx_word' id='word_1_262' title='bbox 458 3395 493 3459; x_wconf 82' lang='lat' dir='ltr'><strong>&#39;ei</strong></span> <span class='ocrx_word' id='word_1_263' title='bbox 530 3393 714 3459; x_wconf 86' lang='lat' dir='ltr'><strong>abitandsm</strong></span> <span class='ocrx_word' id='word_1_264' title='bbox 734 3390 935 3478; x_wconf 81' lang='lat' dir='ltr'><strong>significavit,</strong></span> <span class='ocrx_word' id='word_1_265' title='bbox 950 3391 1084 3458; x_wconf 69' lang='lat' dir='ltr'><strong>obscum</strong></span> <span class='ocrx_word' id='word_1_266' title='bbox 1096 3391 1280 3479; x_wconf 70' lang='lat' dir='ltr'><strong>significans</strong></span> <span class='ocrx_word' id='word_1_267' title='bbox 1293 3417 1371 3462; x_wconf 82' lang='lat' dir='ltr'><strong>enm</strong></span> 
     </span>
     <span class='ocr_line' id='line_1_36' title="bbox 327 3477 1377 3567; baseline 0.004 -23"><span class='ocrx_word' id='word_1_268' title='bbox 327 3481 516 3563; x_wconf 81' lang='lat' dir='ltr'><strong>terroribus,</strong></span> <span class='ocrx_word' id='word_1_269' title='bbox 527 3479 635 3564; x_wconf 72' lang='lat' dir='ltr'><strong>quitos</strong></span> <span class='ocrx_word' id='word_1_270' title='bbox 649 3479 842 3566; x_wconf 78' lang='lat' dir='ltr'><strong>agitabatur,</strong></span> <span class='ocrx_word' id='word_1_271' title='bbox 855 3477 1023 3546; x_wconf 81' lang='lat' dir='ltr'><strong>liberatam</strong></span> <span class='ocrx_word' id='word_1_272' title='bbox 1033 3498 1100 3543; x_wconf 90' lang='lat' dir='ltr'><strong>non</strong></span> <span class='ocrx_word' id='word_1_273' title='bbox 1111 3477 1162 3560; x_wconf 82' lang='lat' dir='ltr'><strong>iri,</strong></span> <span class='ocrx_word' id='word_1_274' title='bbox 1176 3479 1265 3564; x_wconf 89' lang='lat' dir='ltr'><strong>priua</strong></span> <span class='ocrx_word' id='word_1_275' title='bbox 1273 3503 1377 3567; x_wconf 82' lang='lat' dir='ltr'><strong>quam</strong></span> 
     </span>
     <span class='ocr_line' id='line_1_37' title="bbox 327 3561 1372 3654; baseline 0.005 -25"><span class='ocrx_word' id='word_1_276' title='bbox 327 3561 435 3630; x_wconf 88' lang='lat' dir='ltr'><strong>locum</strong></span> <span class='ocrx_word' id='word_1_277' title='bbox 454 3563 665 3632; x_wconf 85' lang='lat' dir='ltr'><strong>habitandum</strong></span> <span class='ocrx_word' id='word_1_278' title='bbox 689 3563 855 3650; x_wconf 77' lang='lat' dir='ltr'><strong>reperisset</strong></span> <span class='ocrx_word' id='word_1_279' title='bbox 877 3565 912 3628; x_wconf 87' lang='lat' dir='ltr'><strong>in</strong></span> <span class='ocrx_word' id='word_1_280' title='bbox 933 3585 971 3629; x_wconf 86' lang='lat' dir='ltr'><strong>es</strong></span> <span class='ocrx_word' id='word_1_281' title='bbox 995 3562 1136 3650; x_wconf 65' lang='grc' dir='ltr'>ιεςίοιιε,</span> <span class='ocrx_word' id='word_1_282' title='bbox 1183 3587 1245 3644; x_wconf 75' lang='lat' dir='ltr'><strong>nse,</strong></span> <span class='ocrx_word' id='word_1_283' title='bbox 1267 3589 1372 3654; x_wconf 87' lang='lat' dir='ltr'><strong>quum</strong></span> 
     </span>
     <span class='ocr_line' id='line_1_38' title="bbox 328 3647 1375 3734; baseline 0.005 -19"><span class='ocrx_word' id='word_1_284' title='bbox 328 3661 465 3716; x_wconf 80' lang='lat' dir='ltr'><strong>matrem</strong></span> <span class='ocrx_word' id='word_1_285' title='bbox 486 3647 688 3728; x_wconf 51' lang='lat' dir='ltr'><strong>interficita</strong></span> <span class='ocrx_word' id='word_1_286' title='bbox 711 3650 786 3717; x_wconf 88' lang='lat' dir='ltr'><strong>Sole</strong></span> <span class='ocrx_word' id='word_1_287' title='bbox 806 3650 949 3716; x_wconf 88' lang='lat' dir='ltr'><strong>nundum</strong></span> <span class='ocrx_word' id='word_1_288' title='bbox 968 3661 1137 3734; x_wconf 85' lang='lat' dir='ltr'><strong>conspecta</strong></span> <span class='ocrx_word' id='word_1_289' title='bbox 1195 3651 1281 3730; x_wconf 83' lang='lat' dir='ltr'><strong>isset,</strong></span> <span class='ocrx_word' id='word_1_290' title='bbox 1309 3675 1375 3720; x_wconf 87' lang='lat' dir='ltr'><strong>nec</strong></span> 
     </span>
     <span class='ocr_line' id='line_1_39' title="bbox 328 3735 1373 3822; baseline 0.006 -20"><span class='ocrx_word' id='word_1_291' title='bbox 328 3735 423 3802; x_wconf 83' lang='lat' dir='ltr'><strong>tellus</strong></span> <span class='ocrx_word' id='word_1_292' title='bbox 444 3747 544 3803; x_wconf 86' lang='lat' dir='ltr'><strong>esset:</strong></span> <span class='ocrx_word' id='word_1_293' title='bbox 600 3735 665 3802; x_wconf 90' lang='lat' dir='ltr'><strong>uod</strong></span> <span class='ocrx_word' id='word_1_294' title='bbox 687 3757 815 3803; x_wconf 88' lang='lat' dir='ltr'><strong>omnem</strong></span> <span class='ocrx_word' id='word_1_295' title='bbox 838 3736 932 3802; x_wconf 88' lang='lat' dir='ltr'><strong>aliam</strong></span> <span class='ocrx_word' id='word_1_296' title='bbox 959 3749 1076 3802; x_wconf 86' lang='lat' dir='ltr'><strong>terram</strong></span> <span class='ocrx_word' id='word_1_297' title='bbox 1102 3737 1169 3822; x_wconf 86' lang='lat' dir='ltr'><strong>ipsa</strong></span> <span class='ocrx_word' id='word_1_298' title='bbox 1192 3737 1373 3822; x_wconf 85' lang='lat' dir='ltr'><strong>polluisset.</strong></span> 
     </span>
     <span class='ocr_line' id='line_1_40' title="bbox 328 3757 1375 3908; baseline 0.005 -20"><span class='ocrx_word' id='word_1_299' title='bbox 328 3821 388 3888; x_wconf 85' lang='lat' dir='ltr'><strong>llle</strong></span> <span class='ocrx_word' id='word_1_300' title='bbox 401 3843 478 3889; x_wconf 80' lang='lat' dir='ltr'><strong>sero</strong></span> <span class='ocrx_word' id='word_1_301' title='bbox 491 3757 616 3888; x_wconf 75' lang='lat' dir='ltr'><strong>consilii</strong></span> <span class='ocrx_word' id='word_1_302' title='bbox 630 3823 723 3908; x_wconf 85' lang='lat' dir='ltr'><strong>inope</strong></span> <span class='ocrx_word' id='word_1_303' title='bbox 754 3833 790 3888; x_wconf 88' lang='lat' dir='ltr'><strong>ut</strong></span> <span class='ocrx_word' id='word_1_304' title='bbox 808 3823 911 3902; x_wconf 86' lang='lat' dir='ltr'><strong>aiunt)</strong></span> <span class='ocrx_word' id='word_1_305' title='bbox 926 3822 979 3888; x_wconf 81' lang='lat' dir='ltr'><strong>uix</strong></span> <span class='ocrx_word' id='word_1_306' title='bbox 993 3823 1121 3888; x_wconf 81' lang='lat' dir='ltr'><strong>tandem</strong></span> <span class='ocrx_word' id='word_1_307' title='bbox 1142 3824 1375 3894; x_wconf 83' lang='lat' dir='ltr'><strong>animadvertit</strong></span> 
     </span>
     <span class='ocr_line' id='line_1_41' title="bbox 327 3905 1374 3997; baseline 0.004 -23"><span class='ocrx_word' id='word_1_308' title='bbox 327 3905 412 3974; x_wconf 81' lang='lat' dir='ltr'><strong>hanc</strong></span> <span class='ocrx_word' id='word_1_309' title='bbox 425 3906 560 3974; x_wconf 78' lang='lat' dir='ltr'><strong>Acheloi</strong></span> <span class='ocrx_word' id='word_1_310' title='bbox 574 3908 715 3976; x_wconf 80' lang='lat' dir='ltr'><strong>fluminis</strong></span> <span class='ocrx_word' id='word_1_311' title='bbox 770 3908 915 3974; x_wconf 74' lang='lat' dir='ltr'><strong>unionem</strong></span> <span class='ocrx_word' id='word_1_312' title='bbox 930 3909 971 3972; x_wconf 87' lang='lat' dir='ltr'><strong>ab</strong></span> <span class='ocrx_word' id='word_1_313' title='bbox 981 3907 1213 3990; x_wconf 75' lang='lat' dir='ltr'><strong>mndosaisse</strong></span> <span class='ocrx_word' id='word_1_314' title='bbox 1222 3913 1374 3997; x_wconf 79' lang='lat' dir='ltr'><strong>designa-</strong></span> 
     </span>
     <span class='ocr_line' id='line_1_42' title="bbox 327 3994 1375 4098; baseline 0.005 -38"><span class='ocrx_word' id='word_1_315' title='bbox 327 4003 403 4060; x_wconf 79' lang='lat' dir='ltr'><strong>tam.</strong></span> <span class='ocrx_word' id='word_1_316' title='bbox 448 3994 603 4098; x_wconf 73' lang='lat' dir='ltr'><strong>istudque</strong></span> <span class='ocrx_word' id='word_1_317' title='bbox 621 3995 738 4072; x_wconf 83' lang='lat' dir='ltr'><strong>solnm,</strong></span> <span class='ocrx_word' id='word_1_318' title='bbox 760 3994 845 4080; x_wconf 90' lang='lat' dir='ltr'><strong>quod</strong></span> <span class='ocrx_word' id='word_1_319' title='bbox 861 3994 939 4058; x_wconf 88' lang='lat' dir='ltr'><strong>limo</strong></span> <span class='ocrx_word' id='word_1_320' title='bbox 960 4007 1113 4083; x_wconf 75' lang='lat' dir='ltr'><strong>congosto</strong></span> <span class='ocrx_word' id='word_1_321' title='bbox 1132 3995 1375 4065; x_wconf 86' lang='lat' dir='ltr'><strong>consolidatum</strong></span> 
     </span>
    </p>
   </div>
   <div class='ocr_carea' id='block_1_3' title="bbox 328 4079 1374 4170">
    <p class='ocr_par' dir='ltr' id='par_1_10' title="bbox 328 4079 1374 4170">
     <span class='ocr_line' id='line_1_43' title="bbox 328 4079 1374 4170; baseline 0.006 -24"><span class='ocrx_word' id='word_1_322' title='bbox 328 4079 440 4161; x_wconf 72' lang='lat' dir='ltr'><strong>luent,</strong></span> <span class='ocrx_word' id='word_1_323' title='bbox 455 4081 516 4168; x_wconf 85' lang='lat' dir='ltr'><strong>ipsr</strong></span> <span class='ocrx_word' id='word_1_324' title='bbox 529 4079 699 4148; x_wconf 74' lang='lat' dir='ltr'><strong>ardebatur</strong></span> <span class='ocrx_word' id='word_1_325' title='bbox 719 4080 880 4147; x_wconf 73' lang='lat' dir='ltr'><strong>exstitisse</strong></span> <span class='ocrx_word' id='word_1_326' title='bbox 893 4079 935 4146; x_wconf 91' lang='lat' dir='ltr'><strong>ab</strong></span> <span class='ocrx_word' id='word_1_327' title='bbox 956 4101 995 4146; x_wconf 84' lang='lat' dir='ltr'><strong>eo</strong></span> <span class='ocrx_word' id='word_1_328' title='bbox 1009 4093 1164 4170; x_wconf 76' lang='lat' dir='ltr'><strong>tompore,</strong></span> <span class='ocrx_word' id='word_1_329' title='bbox 1178 4103 1244 4169; x_wconf 87' lang='lat' dir='ltr'><strong>qno</strong></span> <span class='ocrx_word' id='word_1_330' title='bbox 1262 4097 1374 4152; x_wconf 85' lang='lat' dir='ltr'><strong>matre</strong></span> 
     </span>
    </p>
   </div>
   <div class='ocr_carea' id='block_1_4' title="bbox 441 4277 1256 4342">
    <p class='ocr_par' dir='ltr' id='par_1_11' title="bbox 441 4277 1256 4342">
     <span class='ocr_line' id='line_1_44' title="bbox 441 4277 1256 4342; baseline -0.005 -12"><span class='ocrx_word' id='word_1_331' title='bbox 441 4279 518 4330; x_wconf 67' lang='lat' dir='ltr'><strong>*Situ</strong></span> <span class='ocrx_word' id='word_1_332' title='bbox 529 4283 664 4331; x_wconf 72' lang='lat' dir='ltr'><strong>altanants</strong></span> <span class='ocrx_word' id='word_1_333' title='bbox 675 4281 761 4342; x_wconf 73' lang='grc' dir='ltr'>μοιὶιιι</span> <span class='ocrx_word' id='word_1_334' title='bbox 772 4286 798 4326; x_wconf 83' lang='lat' dir='ltr'><strong>st</strong></span> <span class='ocrx_word' id='word_1_335' title='bbox 809 4291 858 4328; x_wconf 85' lang='lat' dir='ltr'><strong>noc</strong></span> <span class='ocrx_word' id='word_1_336' title='bbox 868 4287 935 4330; x_wconf 81' lang='lat' dir='ltr'><strong>recta</strong></span> <span class='ocrx_word' id='word_1_337' title='bbox 946 4281 1007 4330; x_wconf 82' lang='lat' dir='ltr'><strong>serie</strong></span> <span class='ocrx_word' id='word_1_338' title='bbox 1017 4287 1064 4328; x_wconf 86' lang='lat' dir='ltr'><strong>eto.</strong></span> <span class='ocrx_word' id='word_1_339' title='bbox 1080 4277 1142 4331; x_wconf 79' lang='lat' dir='ltr'><strong>Alii.</strong></span> <span class='ocrx_word' id='word_1_340' title='bbox 1165 4279 1256 4330; x_wconf 82' lang='lat' dir='ltr'><strong>liuns.</strong></span> 
     </span>
    </p>
   </div>
   <div class='ocr_carea' id='block_1_5' title="bbox 0 0 1500 4792">
    <p class='ocr_par' dir='ltr' id='par_1_12' title="bbox 0 0 1500 4792">
     <span class='ocr_line' id='line_1_45' title="bbox 0 0 1500 4792; baseline 0 4"><span class='ocrx_word' id='word_1_341' title='bbox 0 0 1500 4792; x_wconf 95' lang='lat' dir='ltr'><strong> </strong></span> 
     </span>
    </p>
   </div>
  </div>
 </body>
</html>
