3004 4768
329 319 331 326 ’
368 281 375 288 ’
403 283 652 363 maroam
676 295 765 362 LlB.
790 291 886 362 Vlli.
984 331 988 336 ·
1109 305 1173 364 ὅθι

130 454 209 533 Illas
223 480 328 619 eptem
351 491 444 536 naves
469 471 655 619 mastigam
674 471 707 534 in
729 470 850 535 victrici
867 469 1172 621 mnnffirum
1198 477 1278 610 &api

128 569 802 728 strennuitate?
818 569 1173 731 tarnem:
1186 615 1280 726 ,2-

127 742 163 792 et
184 729 246 812 ipsi
267 729 335 814 jans
356 741 515 794 cesserant
540 728 589 805 iis,
605 729 660 814 qui
685 751 759 794 eam
781 727 955 816 Thrasyllo
969 743 1070 807 erant,
1086 743 1118 796 et
1137 730 1170 794 in
1230 743 1277 818 ,a

111 813 238 988 Qud
251 816 434 968 v{plerrplrpgin
463 838 496 880 ae
525 816 740 900 conjecerunt,
769 828 937 940 postquam
968 815 1047 880 alios
1076 818 1171 882 etiam
1203 807 1232 854 υ·
1245 807 1272 854 ⁰·

1122 931 1126 940 Ι
1202 873 1272 919 Varr.

175 995 247 1054 106.
271 987 356 1053 Corn
371 1001 476 1054 autern
491 989 590 1054 hostes
605 991 637 1054 in
653 989 760 1078 hagam
774 989 858 1054 versi
872 987 1013 1068 fuissem,
1029 1002 1061 1055 et
1078 989 1171 1055 Pelo·
1204 935 1278 1034 ul·

128 1074 272 1157 ponneaii
288 1075 428 1160 priorum
444 1078 564 1160 quiden
579 1075 619 1141 ed
633 1076 752 1142 flumen
764 1074 901 1162 Pydium
918 1076 1080 1162 praecipue
1094 1099 1171 1142 coa·
1298 1089 1302 1096 '

127 1157 291 1246 fugissent,
308 1159 425 1226 deinde
447 1183 524 1227 vero
545 1163 709 1249 Abydum,
730 1163 940 1228 Athenienses
964 1183 1079 1248 paucas
1102 1164 1171 1249 qui·

2 1283 3 1286 =
128 1245 202 1310 deta
233 1249 355 1312 illonnn
384 1269 480 1312 naves
509 1263 661 1332 ceperunt
689 1247 935 1335 (Hellespontus
964 1249 1059 1328 eninr,
1084 1247 1171 1336 quod

128 1345 211 1397 oeset
224 1347 388 1436 angustus,
405 1335 522 1436 breyia
535 1335 678 1436 hostibus
694 1335 811 1423 effugia
833 1335 1011 1440 praebebat)
1026 1334 1108 1399 hanc
1123 1345 1171 1438 ta·
1200 1391 1205 1402 .

128 1419 656 1606 lilhlilfflillillffli
671 1421 1170 1594 tttittlttlllttl‘t
1268 1573 1272 1585 .

125 1591 389 1677 loponnearorurn
426 1593 567 1671 classem,
602 1615 674 1660 curn
711 1607 845 1680 propter
873 1593 979 1659 clades
1013 1593 1170 1680 paulatim
1277 1637 1282 1646 ·

148 1687 279 1827 sceptus,
304 1692 372 1744 tum
402 1681 496 1745 etiarn
529 1687 659 1766 propter
688 1681 908 1758 calamitatem,
935 1701 1005 1765 quoe
1033 1682 1111 1763 ipsis
1135 1681 1168 1744 in

125 1701 193 1828 ldici
208 1767 237 1828 ia
265 1765 455 1868 contigerat,
474 1766 545 1849 jora
574 1779 607 1832 et
635 1789 669 1832 ss
697 1767 783 1853 ipsos
812 1787 971 1843 accusare,
1002 1779 1034 1830 et
1061 1765 1169 1831 hostes
1210 1767 1213 1776 ’

1 1835 2 1928 s
126 1850 161 1913 in
190 1849 285 1915 rebus
308 1853 441 1918 nauticus
465 1854 533 1939 jam
559 1853 770 1939 magnifacere
794 1852 964 1918 desierant.
1011 1851 1169 1918 Adversa·

1 1985 3 1998 .
125 1936 246 2000 riorum
277 1949 383 2003 tamen
406 1941 464 2004 aas
488 1961 583 2004 nares
607 1951 771 2025 ceperunt,
799 1938 898 2004 Chias
922 1937 1052 2026 quidem
1082 1949 1167 2015 octo,

1 2095 2 2102 ἵ
126 2021 323 2128 Corinthiae·
337 2043 413 2088 vero
434 2025 584 2176 quffllw’
600 2038 633 2089 et
647 2026 900 2090 Ambracioticas
921 2023 1024 2124 binas,
1040 2035 1072 2087 et
1093 2023 1166 2087 toti-

1 2187 2 2194 *
124 2107 200 2172 dem
217 2107 387 2188 Βσιοῑιοιι,
405 2110 475 2175 Lea
536 2131 640 2176 rorum
654 2133 731 2176 vero
749 2124 781 2176 et
797 2110 1116 2176 Lacedaemoniorum
1135 2119 1168 2174 et

1 2247 3 2280 r
126 2194 399 2280 Syracusanorum
436 2211 469 2261 et
503 2196 743 2274 Pellenaeorurn,
781 2196 921 2284 singulas
957 2194 1166 2281 singulorum.

13 2285 17 2292 '
125 2278 193 2364 Ipsi
214 2301 291 2344 vero
310 2281 509 2362 Athenienses
530 2281 710 2368 quindecim
734 2303 830 2346 naves
854 2281 1057 2345 amiseruntu
1083 2281 1165 2344 Cum

125 2377 231 2430 antem
262 2365 294 2430 in
325 2368 555 2450 promontorio,
584 2367 638 2432 nbi
668 2380 737 2431 erat
767 2365 1073 2450 Oanis-sepulcrum,
1102 2381 1166 2430 tro-

1 2508 2 2520 ,
125 2471 231 2534 preurn
248 2452 438 2531 statuissent,
454 2467 487 2518 et
500 2453 664 2539 naufragia
679 2453 720 2517 ad
739 2473 773 2516 se
786 2452 998 2529 attraxissent,
1013 2465 1046 2516 et
1067 2451 1166 2517 hosti·

1 2534 3 2612 ζ
124 2537 185 2601 hos
196 2538 360 2616 cadavera,
373 2539 437 2604 fids
450 2539 578 2625 publica
589 2539 783 2622 interposita,
794 2537 1014 2614 reddidissent,
1026 2539 1166 2603 Athenas

1 2684 3 2694 ,
122 2623 220 2686 etiam
243 2625 385 2692 victoriae
406 2625 556 2690 nuntium
583 2625 703 2689 triremi
728 2625 889 2688 miserunt
935 2623 987 2688 Illi
1010 2643 1095 2703 vero,
1111 2627 1166 2710 qni

1 2715 3 2782 ζ
125 2709 258 2774 Athenis
271 2722 370 2788 nant,
386 2733 460 2777 cum
475 2713 539 2775 berc
560 2712 650 2776 naria
664 2733 700 2775 eo
721 2712 921 2796 pervenisset,
936 2705 1047 2774 audita
1068 2709 1165 2775 felici-

1 2793 3 2812 *
124 2808 190 2859 tate
210 2796 377 2880 insperata,
392 2810 525 2883 propter
546 2796 660 2875 clades,
677 2819 750 2883 quse
772 2809 804 2862 et
825 2798 945 2862 circum
961 2795 1119 2860 Euboeam
1133 2810 1167 2861 et

1 2888 3 2894 ’
122 2901 181 2964 per
194 2881 382 2947 seditionem
404 2904 507 2968 nuper
528 2886 605 2967 ipsis
619 2886 827 2972 contigerant,
843 2881 1044 2947 vehementer
1058 2883 1166 2947 animo

1 3041 2 3044 Ἴ
121 2965 303 3032 confirmati
318 2983 446 3046 suntet
460 2970 695 3046 existimarunt,
706 2991 756 3033 res
771 2991 842 3034 suaa
857 2966 962 3032 adlruo
975 2968 1015 3053 (si
1030 2968 1166 3054 impigre

1 3125 2 3134 ἵ
122 3075 175 3118 eas
189 3057 402 3139 capesserent)
418 3057 595 3140 superiores
609 3054 742 3119 madere
758 3075 861 3140 posse.
928 3104 931 3116 .
1057 3061 1060 3066 '

170 3147 241 3209 107.
263 3139 392 3218 Quarto
405 3155 511 3206 autem
526 3141 675 3227 posthoc
689 3142 800 3206 navale
821 3138 971 3227 proelium
986 3139 1048 3217 die,
1064 3139 1164 3205 Athe·
1193 3157 1264 3205 cun

121 3225 257 3304 nienses,
274 3227 328 3312 qui
351 3227 436 3311 apud
462 3229 586 3293 Sestum
608 3239 710 3303 erant,
729 3227 863 3291 navibus
884 3240 1094 3310 properanter
1114 3247 1163 3290 re-
1176 3221 1279 3272 ’Μ

119 3310 225 3392 fectis,
240 3313 431 3414 navigarunt
450 3316 600 3379 adversm
615 3314 779 3402 Cyzicum,
795 3335 869 3399 quae
891 3312 931 3376 ab
952 3313 1029 3394 ipsis
1042 3310 1163 3377 defece·
1287 3345 1290 3351 ·

119 3411 183 3461 rat.
208 3397 295 3463 Cons
319 3401 391 3464 reati
406 3411 513 3465 autem
529 3399 599 3465 illas
613 3413 687 3465 octo
701 3421 796 3464 naves
810 3423 828 3463 a
845 3398 1001 3486 Bynantio
1014 3419 1162 3477 recensa,

122 3505 197 3567 quse
212 3484 252 3548 ad
309 3486 476 3574 arpagium
497 3501 529 3552 et
547 3485 699 3572 Priapum
721 3487 754 3550 in
781 3486 916 3550 statione
938 3484 1074 3562 stabant,
1091 3486 1166 3549 illuc

122 3568 236 3633 infesta
250 3569 348 3635 classe
363 3571 508 3657 profecti,
525 3571 702 3658 proelioque
717 3572 873 3658 superatis
888 3569 937 3646 iis,
948 3571 1007 3656 vqui
1025 3581 1117 3635 erant
1130 3571 1165 3635 in

123 3668 219 3731 terra,
234 3676 330 3721 nares
345 3657 413 3723 illas
427 3672 591 3743 ceperunt.
625 3659 707 3723 Cum
723 3671 828 3724 autem
842 3655 884 3722 ad
900 3657 1053 3743 Cyzicum
1069 3657 1165 3721 nullis

122 3741 224 3805 muris
238 3744 393 3808 munitam
407 3745 631 3829 pervenissent,
647 3766 715 3808 eom
738 3765 845 3808 rursus
865 3743 1003 3807 insuam
1026 3755 1179 3828 potesta·-

122 3844 187 3893 tem
204 3826 405 3914 redegerunt,
421 3843 454 3894 et
475 3831 625 3915 pecunias
639 3831 679 3894 ad
696 3832 862 3914 oppidanis
876 3843 1061 3916 exegerunt.
1096 3829 1163 3896 ,Ιιι-
1232 3909 1234 3915 Ι

119 3929 207 3979 terea
222 3935 298 3978 vero
320 3929 353 3978 et
368 3914 592 4001 Peloponnesii
614 3939 655 3980 ex
673 3916 792 4002 Abydo
813 3915 961 3981 adversus
981 3914 1163 3980 Elaeuntem
1269 3911 1273 3918 ’

121 3999 324 4087 navigarunt,
336 4016 368 4067 et
382 4025 455 4067 suas
470 4025 564 4068 naves
578 4025 615 4067 ca
640 4004 729 4080 tiras,
739 4015 899 4088 quotquot
913 4013 1004 4066 erant
1018 4000 1084 4065 inte
1109 4023 1161 4078 rte,

121 4103 322 4170 receperunt,
337 4092 482 4171 (ceteras
504 4089 589 4152 enim
636 4089 736 4154 laeusii
758 4089 1012 4167 concremarant)
1027 4099 1059 4150 et
1115 4087 1162 4173 ip·

119 4187 284 4257 pocratem
299 4188 331 4238 et
346 4173 491 4258 Epiclenr
509 4177 540 4238 in
558 4174 715 4240 Euhoeam
739 4175 903 4253 miserunt,
923 4186 957 4241 ut
971 4173 1040 4240 illas
1055 4193 1160 4250 aava,

119 4279 190 4346 qnae
205 4260 269 4324 illic
284 4271 385 4338 nant,
401 4260 488 4328 illinc
503 4260 708 4330 adducerent.
