2990 4792
404 321 652 390 HISTORIAE
676 319 765 388 LlB.
789 321 832 388 11.
1077 330 1137 388 115

113 493 273 580 appellans.
318 493 404 560 Hac
421 508 537 562 autem
569 496 644 561 urbs
674 495 817 562 omnium
849 495 881 560 in
910 491 1136 580 Amphilochia
1171 504 1233 552 Mt·

113 581 232 646 sitarum
256 580 396 648 maxime
418 595 497 660 erat,
520 596 553 648 et
576 581 808 669 potentissimos
832 579 1137 668 quotqnehnbebat
1160 569 1240 684 ξιξ·

114 666 231 732 incolas.
264 667 327 734 sed
341 667 405 752 ejus
420 670 529 733 incolae
542 669 651 733 multis
665 683 738 753 post
751 667 887 743 saeculis,
902 665 1135 732 calamitatibus
1151 664 1249 758 0173,ss

112 751 220 832 afflicti,
236 754 457 819 Ambraciotas
472 775 550 842 agro
566 753 814 839 Amphilochico
829 751 993 833 finitimos,
1008 754 1042 818 in
1060 754 1136 818 ciri·
1163 762 1237 814 aaa

111 840 177 903 tatis
205 841 384 906 societatem
420 841 659 906 arcessiverunt.
718 839 781 905 Lin
827 861 943 926 amque
973 839 1135 918 Graecam,
1157 827 1236 876 M·

111 945 176 1010 quae
188 947 273 990 nnnc
287 938 335 991 est
356 926 389 990 in
405 947 475 1003 ιιιιν,
491 939 568 992 tunc
582 927 723 1011 primum
738 861 921 992 dttllemnt
939 947 982 990 ex
996 927 1137 992 Ambra·
1165 892 1237 1008 ¹321

111 1012 201 1089 ciotis,
220 1014 275 1099 qui
297 1015 330 1075 in
353 1012 464 1077 eedem
486 1012 566 1078 urbe
587 1033 661 1078 cum
683 1012 760 1098 ipsis
782 1011 973 1078 habitarunt.
1017 1013 1065 1078 At
1087 1035 1137 1078 re·
1217 1071 1220 1084 .

110 1095 179 1183 liqui
197 1097 402 1184 Amphilochi
423 1098 553 1164 barbari
574 1113 659 1164 aunt.
705 1098 920 1164 Ambraciotae
942 1097 1042 1186 igitur
1062 1121 1137 1184 pro-

111 1205 208 1269 gressu
236 1185 389 1270 temporis
413 1184 551 1270 Argivos
576 1184 657 1250 urbe
685 1183 818 1270 pellunt,
845 1184 970 1272 ipsique
997 1185 1138 1251 retinent

111 1269 222 1337 urbem.
269 1269 477 1355 Amphilochi
502 1293 577 1336 vero
607 1273 685 1336 urbe
709 1271 793 1356 pulsi
820 1293 886 1336 sese
913 1272 1136 1338 Acarnanibus
1164 1275 1168 1282 ’

108 1353 306 1423 dediderunt:
333 1369 366 1422 et
387 1359 514 1445 utrique
535 1357 749 1424 Athenienses
770 1359 802 1422 in
825 1356 980 1423 auxilium
1001 1357 1137 1424 advoca-

109 1457 185 1521 mnt,
214 1444 268 1530 qui
301 1443 527 1508 Phormionem
557 1443 683 1522 ducem,
714 1459 747 1508 et
776 1443 907 1530 triginta
935 1465 1031 1510 naves
1059 1445 1136 1530 ipsis

109 1528 258 1594 mberunt.
318 1530 401 1594 Cum
431 1545 537 1596 autem
571 1531 723 1596 Phormio
745 1553 780 1595 eo
801 1531 1008 1616 pervenisset,
1032 1533 1136 1620 Argoa

108 1617 231 1698 pervim
253 1631 418 1702 ceperunt,
435 1631 468 1682 et
489 1617 708 1682 Ambraciotaa
731 1617 762 1680 in
786 1617 967 1682 servitutem
991 1617 1136 1684 abstrax-

104 1717 207 1778 erunt3
229 1702 409 1854 urbernrppe
432 1702 640 1788 Amphilochi
662 1717 695 1768 et
718 1705 901 1768 Acarnanes
921 1705 1136 1770 commonitor

109 1785 312 1854 incoluerunt.
386 1800 474 1855 ostes
500 1811 576 1854 vero
606 1781 738 1856 societas
762 1790 845 1855 inter
873 1789 1081 1855 Athenienses
1104 1804 1137 1857 et

108 1873 284 1940 Acarnanes
307 1888 385 1940 tnnc
413 1875 553 1960 primum
580 1891 627 1940 eat
655 1875 745 1939 inita.
789 1875 1008 1941 Ambraciotoe
1037 1877 1136 1964 igitur

108 1971 179 2062 tunc
199 1962 554 2063 primumninimieitias
579 1984 660 2028 mm
681 1963 819 2048 Argivis,
844 1975 977 2048 propter
1003 1984 1077 2028 suos
1101 1963 1135 2064 in

103 2061 283 2234 tumr
294 2047 1136 2219 accuratissimamque

107 2219 261 2302 militibus,
277 2220 523 2300 accessibus,
539 2237 572 2288 et
592 2221 662 2287 aliis
683 2221 873 2309 quibusdam
897 2221 1041 2286 finitimis
1062 2223 1135 2287 bar-

105 2303 181 2370 baris
202 2307 348 2372 collecto.
393 2307 438 2374 Et
458 2310 496 2372 sd
520 2310 628 2397 Argos
650 2305 795 2394 profecti,
814 2329 927 2460 aarum
949 2307 1077 2404 quidem
1100 2309 1135 2374 in

1079 2417 1121 2460 ex

106 2413 187 2458 ruam
202 2406 391 2480 potestatem
408 2393 615 2482 redegerunt:
638 2395 693 2460 sed
707 2415 780 2460 curu
796 2417 835 2460 ur
877 2415 908 2458 m

103 2497 330 2632 Affiieagm
353 2484 536 2582 potuissent,
551 2481 683 2634 dorppm
705 2480 887 2633 redireurppt,t
895 2494 929 2546 et
942 2481 1052 2653 Albab
1064 2483 1138 2632 pliis

214 2589 224 2632 ι
310 2589 399 2634 suam
437 2589 467 2634 ιιι
494 2589 533 2633 ue
588 2589 763 2632 nmreve
851 2589 897 2631 n.
1010 2589 1051 2632 ue
1087 2590 1136 2634 aec

102 2651 225 2737 qudem
241 2667 353 2720 estate
367 2590 435 2720 istril
442 2591 517 2720 suist
530 2589 630 2743 gu.

143 2747 194 2806 69.
217 2740 356 2806 lnennte
369 2753 474 2806 sutem
490 2741 615 2842 hyeme,
633 2740 843 2806 Athenienses
855 2739 969 2829 viginti
982 2761 1089 2820 nares,
1104 2757 1138 2808 et

106 2822 331 2892 Phormionem
354 2826 468 2892 ducem
490 2847 576 2892 circa
599 2827 855 2913 Peloponnesum
878 2828 1050 2894 miserunt:
1080 2830 1136 2916 qni

14 2969 15 2974 ,
103 2931 141 2975 cx
161 2911 235 2978 belli
258 2911 344 2990 sede,
366 2935 462 3000 quam
486 2913 646 2998 Naupacti
664 2912 812 3004 habebat,
827 2911 1042 2999 proficiscens,
1063 2915 1137 2980 dili-

14 3065 15 3070 ,
103 3011 208 3083 genter
229 3000 430 3077 observabat,
450 3021 493 3065 ne
514 2997 585 3086 quis
607 2998 778 3080 Corintho,
800 3011 895 3065 etex
918 3001 990 3066 sinu
1013 3000 1137 3067 Crisaeo

103 3085 292 3174 aurigaret,
308 3107 387 3150 neve
402 3087 594 3153 reintraret
617 3085 694 3152 alias
715 3087 810 3152 etiam
827 3107 883 3151 ses
898 3086 932 3150 in
948 3086 1089 3166 Cariam,
1105 3101 1138 3154 ct

103 3167 245 3256 Lyciam,
261 3185 296 3237 et
310 3171 550 3238 Melesandrum
571 3171 685 3238 ducem
706 3175 863 3250 manant,
879 3187 916 3237 ut
929 3173 1081 3258 pausias
1094 3173 1138 3238 ab

101 3255 229 3326 icarum
312 3257 420 3322 ’onum
442 3259 555 3324 incolis
579 3260 759 3347 exigerentr
789 3279 893 3345 neque
913 3259 1060 3323 oneraria
1079 3281 1137 3324 nse

100 3343 281 3508 blm
305 3453 325 3495 ι
348 3344 1137 3518 llmtiltlittlthffllrelatur

101 3535 241 3599 ponnew
256 3517 436 3595 veniebant,
452 3517 593 3584 infestari
606 3519 756 3584 sinerent.
842 3515 1007 3582 cletander
1028 3532 1136 3584 autem

100 3622 171 3668 cum
201 3604 348 3669 exercitu
377 3605 633 3682 Atheniensium,
658 3617 692 3672 et
719 3605 890 3680 sociorum,
917 3603 972 3689 qni
1000 3604 1135 3670 mribus

101 3688 191 3754 omui
212 3688 422 3769 vehebantur,
438 3693 471 3754 in
488 3691 622 3778 Lyciam
644 3691 812 3774 ingressus,
832 3689 950 3776 praelio
971 3705 1137 3777 superatus
1170 3735 1223 3782 Be„

98 3775 225 3854 occidit,
241 3788 277 3840 et
290 3775 449 3862 quandam
464 3780 630 3929 copiarum
645 3789 768 3862 partem
784 3777 897 3842 amisit,
1159 3767 1241 3862 ruofi

94 3907 98 3913 -
142 3870 196 3931 70.
221 3861 347 3927 Eadem
363 3863 477 3949 hyeme
521 3863 690 3942 otidaeatae,
706 3885 780 3930 cum
802 3863 923 3928 diutius
937 3864 1136 3930 obsidionem
1164 3879 1203 3912 ⁸¹¹·
1216 3867 1240 3914 ²·

100 3947 234 4014 tolerare
257 3969 322 4014 non
342 3965 482 4034 possent,
503 3963 536 4014 et
559 3949 638 4016 Pelo
681 3950 862 4016 unesiorum
886 3950 1080 4037 irruptiones
1103 3951 1137 4015 in
1152 3931 1252 4044 (ζ’ζωξ

101 4034 241 4100 Atticam
256 4034 349 4100 factae
363 4036 464 4101 nihilo
480 4037 579 4123 magis
594 4038 641 4101 At
682 4037 805 4101 niensea
819 4049 1030 4114 removerent,
1042 4053 1075 4102 et
1089 4060 1138 4102 res
1167 4061 1196 4105 u.
1208 4061 1237 4106 c.

101 4120 309 4188 frumentaria
325 4121 499 4201 deiecisset,
514 4136 547 4188 et
566 4123 630 4188 alia
651 4123 751 4188 multa
770 4135 927 4207 praterea
948 4145 1010 4208 pro
1031 4145 1138 4188 oeces-
1167 4125 1237 4171 Vm.

100 4207 182 4271 sario
196 4208 284 4275 victu
299 4207 365 4276 illic
377 4209 446 4297 jam
461 4209 658 4286 accidissent,
674 4209 848 4295 quinetiam
862 4209 1010 4274 nonnulli
1025 4223 1138 4273 mutuo
1169 4189 1235 4300 ᾗῇ

100 4313 133 4356 ae
146 4307 335 4380 gustassent,
350 4299 394 4362 ita
408 4297 537 4363 demum
554 4297 587 4361 in
603 4294 796 4383 colloquium
812 4295 853 4361 de
867 4294 1029 4360 deditione
1044 4317 1137 4360 vene·
1147 4319 1211 4367 Mar.
1222 4317 1260 4367 rs.

596 4389 646 4448 rs
