2996 4782
420 277 665 346 HlS'l'ORlAE
689 277 774 344 blB.
798 279 823 342 1.
1120 288 1164 352 ts

73 487 82 500 e
123 451 270 536 protinus
280 471 354 516 cum
365 453 485 517 retnis
497 449 648 536 navigare
656 448 765 528 nollet,
776 463 810 516 st
820 447 1072 528 tamenoqlonioe
1085 469 1160 536 par·

122 541 219 623 ticeps
234 537 418 616 essevellet,
429 537 602 602 numeratis
616 537 848 624 quinquaginta
857 535 1018 602 drachmis
1044 537 1160 602 Corin·

5 623 6 664 i
122 625 195 688 thiis
210 627 243 688 ei
257 626 292 707 in
306 624 380 688 urbe
393 645 556 688 remanere
570 626 662 690 licere
685 625 839 688 dicerunt.
886 623 1029 688 Fuerunt
1051 635 1159 700 autem

5 753 6 805 q
122 709 286 792 permulti,
309 724 342 771 et
356 711 409 794 qui
426 709 625 796 navigarunt,
640 710 741 795 etqui
756 709 922 792 pecuniam
938 725 1158 774 numerarunt.

124 795 293 884 lingarum
309 795 404 860 etiam
422 795 635 880 Megarenses,
658 810 695 860 ut
720 795 784 860 suis
803 796 937 860 naribus
963 795 989 859 si
1012 796 1159 862 comitari

5 943 6 952 ,
121 882 247 958 veilent,
264 881 290 946 si
300 879 382 946 forte
397 903 462 947 auae
482 882 695 968 navigationis
708 901 818 946 cursus
833 905 852 946 a
868 881 1043 967 Corcyraeis
1057 882 1160 966 impe-

5 955 6 1040 i
122 967 255 1034 diretur.
282 967 347 1030 'Illi
363 967 1158 1054 verocumillisnavigareoctonaribusparsbant,

123 1068 154 1118 et
168 1053 318 1118 Palenses
334 1052 626 1152 Cephalleniorum,
639 1067 786 1140 quatuor.
825 1051 1017 1137 Epidaurios
1032 1076 1160 1141 quoque

5 1179 6 1186 κ
123 1153 288 1226 rogarunt,
314 1161 369 1223 qur
384 1141 527 1226 quinque
541 1141 760 1225 praebuerunt.
807 1138 1057 1204 Hermionenses
1072 1163 1157 1218 vero,

5 1227 6 1270 ἕ
121 1229 259 1290 unicam.
284 1224 327 1288 Et
341 1226 514 1302 Troezenii,
527 1226 616 1290 duas.
640 1225 805 1302 Leucadii,
818 1225 936 1289 decem.
962 1224 1006 1290 Et
1020 1225 1159 1292 Ambra·

5 1389 6 1392 Ἴ
121 1312 225 1392 ciotte,
241 1323 325 1376 octo.
369 1316 401 1374 A
417 1310 581 1376 Thebanis
598 1334 684 1392 vero,
699 1326 732 1374 at
753 1311 901 1376 Phliasiis
916 1311 1159 1397 pecuniaspeti-

5 1421 7 1440 ν
122 1413 225 1473 erunt,
250 1399 291 1462 ab
304 1395 388 1460 Eleis
404 1419 499 1462 naves
518 1419 632 1462 vacuas
652 1412 683 1462 et
706 1397 868 1483 pecunias.
912 1397 1060 1482 Ipsorum
1083 1421 1159 1464 vero

124 1481 365 1548 Corinthiorum
381 1503 476 1548 naves
491 1484 633 1572 triginta,
649 1497 681 1549 et
700 1485 763 1549 tria
779 1482 914 1548 militurn
929 1485 1035 1570 gravis
1053 1507 1157 1550 arma-

5 1601 6 1650 t
122 1581 202 1634 turae
212 1569 313 1634 millia
326 1568 534 1654 parabantur.

160 1663 216 1720 28,
241 1655 416 1742 Postquam
440 1678 517 1720 vero
540 1655 701 1743 Corcyraei
725 1656 810 1720 hunc
833 1668 1021 1741 apparatum
1048 1657 1158 1722 audie-

120 1756 203 1818 runt,
217 1741 413 1806 Corinthum
425 1741 558 1826 profecti
569 1763 642 1806 cum
654 1741 919 1823 Lacedaemoniis,
937 1743 1157 1830 Sicyoniisque

5 1849 6 1913 ἦ
119 1827 243 1912 legatia,
258 1849 338 1913 quos
352 1827 412 1892 sihi
426 1828 648 1914 adjunxerant,
666 1829 828 1913 jusserunt
844 1828 1030 1901 Corinthios
1044 1831 1157 1914 presi-

118 1911 173 1978 dia
186 1926 219 1977 et
233 1935 324 1978 nouos
338 1913 468 1978 colonos
483 1913 667 1999 Epidamno
682 1912 851 1990 deducere,
875 1927 912 1978 ut
925 1935 967 1978 ex
976 1914 1067 1994 urba,
1083 1939 1157 2003 quae

5 2007 9 2030 '
119 1998 159 2062 ad
170 2021 226 2064 eos
241 1998 518 2084 nihilpertineret.
563 1998 662 2076 Quod
672 1999 698 2063 si
708 2021 778 2064 cam
792 1999 850 2064 sibi
863 1999 1029 2065 vendicare
1044 2023 1156 2086 perge-

119 2099 200 2163 rent,
217 2087 251 2149 in
276 2085 507 2170 Peloponneso,
523 2085 609 2168 apud
634 2085 868 2163 illaseivitatea,
884 2085 1054 2172 dequibus
1074 2090 1157 2156 inter

5 2227 6 2272 ,
118 2185 271 2257 utrosque
279 2173 487 2250 convenisset,
498 2171 645 2236 volebant
654 2173 728 2258 jure
738 2172 930 2258 disceptare3
955 2174 1036 2238 utris
1048 2188 1155 2240 autern

117 2257 243 2322 colonia
265 2257 375 2323 finisset
397 2258 584 2345 adjudicata,
604 2255 663 2322 hos
677 2281 715 2322 ea
728 2258 837 2342 potiri.
879 2257 1069 2335 ,Quinetiam
1084 2283 1156 2326 ora-

5 2353 6 2370 *
117 2343 189 2407 culo
203 2342 368 2428 Delphico
378 2367 440 2408 rem
455 2355 678 2410 controversam
693 2343 890 2409 committere
900 2344 1058 2410 volebant.
1092 2348 1156 2412 Sed

116 2427 233 2493 bellurn
250 2429 319 2493 fieri
346 2451 411 2494 non
435 2430 590 2506 sinebant,
607 2431 700 2514 idque
713 2432 950 2496 dissuadebant.-
974 2430 1104 2517 alioqui,
1128 2435 1155 2496 si

115 2514 160 2578 illi
173 2516 238 2578 vim
253 2515 315 2580 ribi
329 2517 479 2593 iacerent,
495 2514 645 2580 dicebant
658 2537 692 2580 se
706 2529 851 2580 coactum
866 2518 905 2581 iri
921 2515 1031 2580 auxilii
1041 2521 1168 2599 preste

114 2602 220 2686 diique
233 2623 340 2679 causa,
355 2601 426 2668 illos
440 2603 499 2692 sibi
513 2599 618 2668 facere
631 2602 759 2678 amicos,
783 2623 861 2687 quos
881 2601 1013 2680 nollent,
1036 2603 1153 2669 alteru-

115 2697 180 2751 tros
194 2709 318 2765 corum,
335 2689 391 2773 qui
411 2689 553 2774 potentia
568 2702 646 2758 tunc
665 2700 862 2772 praestarent
902 2687 1061 2752 Corinthii
1076 2712 1153 2755 vero

115 2773 190 2856 ipsis
221 2776 464 2856 responderunt,
493 2775 520 2837 si
544 2795 638 2838 naves
662 2786 695 2838 et
717 2773 872 2838 barbaros
897 2773 937 2838 ab
970 2774 1153 2859 Epidamno

115 2859 321 2936 abducerent,
344 2881 377 2923 se
396 2861 638 2927 consultaturus.
684 2857 768 2924 Nam
791 2873 873 2937 ante,
890 2881 956 2924 rem
984 2882 1049 2924 non
1071 2863 1152 2926 bene

115 2965 147 3008 se
167 2945 289 3010 habere
304 2946 456 3022 dicebant,
472 2946 498 3010 si
517 2947 563 3010 illi
586 2944 714 3032 quidem
740 2945 971 3022 obsiderentur,
995 2945 1054 3030 ipsi
1076 2967 1152 3011 vero

110 3030 232 3113 judicio
246 3033 486 3098 contenderent.
532 3034 654 3096 Contra
673 3053 748 3096 vero
765 3031 929 3117 Corcyrrei
941 3031 1101 3110 dicebant,
1117 3056 1153 3100 se

114 3116 176 3182 ista
206 3115 356 3192 facturos,
387 3117 414 3181 si
444 3132 477 3181 et
505 3116 551 3182 illi
577 3117 773 3181 abducerent
806 3139 870 3194 eos,
894 3119 949 3202 qui
978 3099 1152 3202 Epidamni

114 3215 213 3267 erant.
259 3204 302 3266 Se
315 3202 411 3267 etiam
426 3217 554 3287 paratos
569 3225 634 3267 esse
655 3202 806 3280 dicebant,
822 3217 858 3266 ut
872 3204 998 3287 utrique
1012 3225 1065 3268 suo
1080 3203 1152 3269 loco

112 3302 288 3366 manerent,
305 3287 471 3374 foedusque
495 3287 644 3365 facerent,
658 3287 812 3372 tantisper
836 3287 914 3352 dnm
932 3287 1091 3374 judicium
1113 3290 1151 3355 fi-

114 3388 188 3439 eret.

156 3468 209 3526 29.
234 3461 280 3525 At
301 3460 461 3526 Corinthii
484 3459 563 3526 nihil
590 3462 704 3525 horum
726 3459 839 3538 facere,
862 3483 921 3526 nec
947 3447 1023 3544 ipsis
1035 3483 1150 3547 parere

114 3545 301 3612 voluerunt:
325 3547 381 3611 sed
394 3559 565 3634 postquam
581 3548 721 3632 ipsorum
737 3568 832 3611 nares
845 3545 949 3632 plenae
963 3547 1103 3626 fuerunt,
1117 3562 1150 3615 et

114 3633 186 3697 socii
203 3631 389 3710 adfuerunt,
408 3633 616 3698 caduceatore
628 3633 802 3719 praemisso,
820 3633 873 3717 qui
887 3632 1067 3720 Corcyraeis
1082 3634 1150 3700 bel-

112 3716 175 3782 lum
197 3721 289 3804 prius
316 3718 482 3797 indiceret,
505 3733 602 3804 portu
617 3721 771 3784 solventes
798 3739 871 3783 cum
896 3723 1099 3807 septuaginta
1118 3735 1150 3787 et

113 3805 254 3956 ᾳυίιιςέο
268 3803 413 3882 naribus,
429 3819 462 3870 et
474 3805 600 3870 duobus
614 3803 751 3870 millibus
761 3805 867 3893 gravis
882 3817 1053 3884 armaturae
1063 3806 1150 3870 mili-

112 3901 187 3969 tum,
238 3889 425 3978 pidamnum
441 3914 548 3956 versus
564 3891 765 3974 navigarunt,
782 3891 900 3955 bellurn
918 3892 1097 3978 Corcyraeis
1112 3892 1148 3959 il·

111 3973 214 4042 laturi.
263 3976 408 4048 Navibus
422 3993 529 4042 autam
543 3990 678 4063 praeernt
693 3978 850 4042 Aristaeus
867 3977 1008 4054 Pellicae,
1024 3988 1057 4042 et
1074 3977 1148 4042 Cal·

5 4093 6 4124 t
111 4059 234 4129 lierates
262 4062 385 4140 Calliae,
407 4076 440 4128 et
464 4063 620 4128 Tintanor
642 4063 825 4127 Timanthis
837 4065 940 4148 filius.
987 4063 1148 4128 Peditatui

110 4171 182 4215 vcro
212 4149 422 4224 Archetimus
451 4149 621 4235 Eurytimi‚
636 4161 681 4226 ¹et
704 4149 883 4214 lsarchidas
907 4148 1029 4213 Isarchi
1042 4151 1147 4233 filins.

111 4234 287 4323 Postquam
304 4248 409 4300 autem
427 4236 466 4300 nd
491 4237 560 4322 agri
584 4236 747 4301 Anactorii
775 4237 903 4300 Actium
929 4247 1145 4320 pervenerunt,
