2996 4782
453 276 704 344 HISTORIAE
727 275 818 344 LlB.
841 277 866 342 Ι.
1139 285 1181 344 65

131 459 166 514 et
181 449 343 516 Isthmum
359 449 491 516 domum
506 463 713 516 reverterunt.
756 449 969 518 Athenienses
983 471 1058 514 vero
1078 448 1182 516 altero

131 551 213 602 etse
315 537 380 602 irno
394 535 437 602 ab
451 535 512 602 hac
531 559 641 626 pugna
654 537 706 604 die
721 537 960 623 expeditionem
976 537 1017 600 in'
1026 535 1181 618 Boeotios,

131 559 663 724 duoeWmnidqsurceperunt.
709 622 752 688 Et
773 623 861 710 apud
877 622 1067 774 OEnophpta
1083 622 1180 689 Boeo-

130 721 185 776 tos
200 709 317 795 proeho
331 722 535 796 superarunt,
550 731 728 797 agrumque
742 709 907 776 Boeotium
928 732 966 774 ac
983 709 1011 774 P
1034 731 1179 776 ocensem

133 797 168 860 in
191 819 283 862 suern
309 809 496 881 potestatem
520 797 723 885 redegerunt,
747 813 779 860 et
795 795 1050 880 Tanagraeorum
1072 817 1181 862 muros

131 881 280 948 demoliti
306 895 392 963 sunt,
421 895 454 948 et
480 883 660 948 Locrorum
688 883 907 968 Opuntiorum
937 895 1065 948 centum
1095 882 1181 948 viros

130 969 756 1142 mississet?isthmi&
772 969 1180 1142 tlsszttltssttttzt

132 1141 194 1208 bus
215 1142 418 1220 dediderunt,
432 1142 484 1208 his
504 1142 754 1221 conditionibus,
778 1157 814 1207 ut
833 1143 918 1208 urhis
941 1163 1050 1207 muros
1070 1141 1179 1209 demo-

131 1229 279 1309 lirentur,
296 1222 390 1296 nares
405 1230 577 1307 traderent,
594 1245 626 1294 et
640 1229 832 1330 imperatum
854 1227 1008 1331 tributum
1026 1231 1057 1294 in
1074 1245 1179 1330 poste·

130 1315 519 1480 munditiei?
550 1315 1069 1483 ntttttlt'tdhillii
1078 1337 1180 1470 1¹:521

129 1488 369 1556 demoniorum
385 1490 511 1556 novalia
525 1489 744 1565 incenderunt,
761 1504 793 1553 et
809 1487 994 1554 Chalcidem
1013 1489 1178 1556 Corinthi·

131 1597 227 1642 orum
255 1577 363 1642 urbem
390 1588 552 1662 ceperunt,
571 1591 603 1640 et
627 1597 783 1642 exscensu
808 1600 826 1639 e
850 1576 985 1642 navibus
1006 1577 1039 1642 in
1061 1590 1178 1642 terram

130 1661 226 1738 facto,
245 1661 411 1748 Sicyonios
425 1661 541 1748 prelio
556 1663 710 1728 vicerunt.
737 1721 744 1728 .
1122 1671 1126 1680 '
1190 1689 1193 1696 ·

178 1757 252 1816 109.
274 1748 485 1816 Athenienses
506 1771 592 1826 vero,
615 1762 648 1814 et
670 1748 758 1826 socii,
781 1748 889 1836 quiin
912 1747 1057 1836 AEgypto
1074 1746 1177 1827 erant,

130 1833 240 1902 adhuc
255 1835 303 1900 ita·
314 1836 496 1914 manebant,
511 1848 542 1901 et
554 1835 641 1900 varia
655 1834 946 1922 bellorumfgenera
958 1836 1078 1922 experti
1092 1835 1177 1902 sunt.

129 1921 282 1988 Primum
307 1922 392 1988 enirn
415 1921 626 1988 Athenienses
642 1920 789 2008 AEgypto
810 1921 1032 2006 potiebantur:
1062 1922 1179 1989 deinde

131 2010 303 2074 Personae
334 2008 407 2074 Rex
437 2009 523 2074 misit
549 2007 785 2074 Lacedaemona
815 2007 1042 2097 Megahezum,
1061 2009 1176 2076 ,virum

133 2093 276 2172 Persam,
297 2117 372 2162 cum
395 2094 550 2181 pecuniis,
571 2109 617 2172 ut,
642 2094 879 2179 Peloponnesiis
902 2095 942 2160 od
966 2095 1177 2179 irruptionem

128 2182 163 2246 in
186 2203 302 2269 ugrum
318 2181 464 2248 Atticum
484 2181 662 2248 faciendam
685 2179 837 2266 impulsis,
860 2179 900 2246 nb
916 2181 1062 2270 AEgypto
1082 2183 1178 2250 etism

131 2267 345 2335 Athenienses
366 2281 530 2334 averteret.
576 2268 640 2334 Sed
662 2290 734 2334 curn
751 2269 823 2334 resi
849 2268 875 2332 si
897 2290 962 2332 nnn
983 2263 1176 2348 succederet,

129 2366 169 2420 ct,
189 2355 338 2440 pecuniae
367 2353 484 2422 frustra
511 2367 815 2432 consuurerentur3.
867 2354 1022 2442 egebazns
1047 2355 1177 2442 quidem

129 2462 204 2506 eum
218 2443 374 2526 pecuniis,
390 2464 463 2527 qum
477 2441 611 2526 reliques
625 2454 726 2518 erant,
744 2443 774 2506 in
790 2442 902 2508 Asiam
913 2443 1016 2506 rediit.
1062 2441 1100 2506 M
1162 2479 1177 2494 ·

130 2527 244 2592 bmnrn
262 2549 337 2592 vero
356 2528 475 2616 Zopyri
482 2529 603 2612 filium,
619 2528 723 2592 virum
742 2527 971 2606 Persam,cun1
994 2465 1177 2608 inpentffis

129 2613 232 2704 copiis
247 2615 394 2690 comisit,
410 2615 466 2702 qui
481 2615 623 2680 terrestri
642 2613 940 2766 itinerpiproiectus,
956 2628 988 2679 et
1003 2613 1177 2702 AEgpptios

127 2713 160 2764 et
180 2701 416 2786 sociosproelio
430 2701 514 2778 vicit,
530 2713 563 2766 et
578 2701 711 2768 Graecos
774 2699 924 2786 emphide
945 2699 1081 2786 expulit,
1105 2713 1176 2768 tan·

127 2785 267 2875 danque
295 2789 329 2852 in
357 2787 561 2872 Prosopitide
589 2787 693 2852 insula
722 2810 772 2854 eos
801 2787 957 2852 conclusit
964 2811 974 2865 ς
1007 2810 1045 2852 ac
1075 2789 1107 2852 in
1137 2811 1176 2854 ea

2 2953 3 2962 ἵ
128 2895 248 2940 annum
272 2873 433 2963 integrum
454 2887 487 2939 et
508 2896 563 2938 aex
585 2896 708 2938 menses
729 2873 864 2954 obsedit,
886 2873 999 2952 donec,
1015 2875 1176 2940 exsiccato

127 2959 220 3026 fossoe
235 2960 338 3038 elren,
354 2974 387 3026 et
409 2983 493 3048 aqua
513 2959 578 3024 alio
600 2983 719 3038 aversa,
736 2959 850 3036 effecit,
866 2973 902 3026 ut
919 2983 1014 3026 naves
1037 2961 1069 3024 in
1091 2963 1176 3027 sicco

127 3047 341 3124 considerent,
357 3060 389 3112 et
404 3067 521 3134 magna
536 3045 648 3112 insulae
662 3069 737 3132 pars
755 3047 947 3112 continentis
963 3048 1062 3112 instar
1076 3062 1172 3114 esset:

127 3135 329 3220 insulamque
343 3155 416 3200 oum
431 3132 575 3219 peditatu
590 3155 626 3198 eo
640 3133 799 3219 trajiciens
814 3133 909 3218 cepit.
1007 3204 1011 3216 „
1034 3195 1037 3200 .

172 3229 246 3287 110.
273 3222 327 3286 Sic
342 3220 440 3308 igitur
461 3220 626 3305 perierunt
648 3242 697 3284 res
712 3220 913 3296 Graecorum,
930 3219 984 3306 qni
1006 3219 1122 3284 bellum
1139 3223 1174 3284 in

126 3307 342 3394 Qyplosex
357 3328 457 3375 annos
512 3319 642 3383 sueram,
658 3319 742 3370 etex
767 3305 873 3372 multis
893 3307 998 3388 pauci,
1012 3328 1071 3391 pcr
1086 3305 1174 3370 Afri·

2 3393 3 3420 *
126 3415 197 3460 cam
220 3405 431 3470 transeuntes,
476 3414 606 3480 yrenem
630 3393 707 3459 salvi
731 3407 959 3478 pervenerunt:
983 3407 1015 3458 at
1031 3392 1174 3480 plerique

2 3599 3 3630 l
126 3579 174 3630 ter
199 3566 323 3652 Regem
339 3568 549 3652 Amyrtmum,
572 3566 626 3650 qni
649 3565 681 3630 in
706 3565 875 3649 paludibus
897 3565 1063 3652 regnabat,

2 3541 3 3576 p
125 3480 304 3564 perieram.
349 3479 512 3565 AEgyptus
526 3501 602 3544 vero
625 3482 656 3542 in
674 3479 773 3564 Regis
792 3479 944 3544 ditionem
968 3479 1073 3556 rediit,
1080 3503 1173 3634 prse-

1111 3589 1174 3634 unc

2 3636 4 3690 l
126 3653 212 3718 euim
244 3665 379 3738 propter
410 3651 536 3734 paludis
566 3651 819 3738 magnitudinem
849 3673 1040 3737 expugnare.
1063 3654 1173 3741 nequi-

126 3751 260 3804 verunt:
281 3737 379 3805 simul
400 3738 507 3817 etiem,
522 3739 598 3823 quio
613 3738 667 3824 qni
690 3737 822 3823 paludes
836 3741 909 3806 illos
929 3738 1082 3818 incolunt,
1099 3754 1174 3805 aunt

127 3823 361 3913 AEgyptiorum
389 3824 630 3892 bellicosissimis
675 3823 790 3892 luerus
816 3847 891 3890 vero
914 3823 1064 3890 Afrorum
1092 3827 1170 3904 Rex,

126 3913 181 3998 qui
204 3909 307 3978 fuerat
328 3928 423 3976 autor
445 3910 589 3980 omnium
613 3910 724 3976 harum
748 3931 955 3998 rerumquae
976 3912 1008 3976 in
1025 3911 1173 4000 AEgypto

126 4010 200 4064 sunt
219 4013 330 4086 gestae,
347 4021 404 4082 per
425 3998 638 4083 proditionem
658 4014 779 4082 captus,
797 4000 827 4060 in
851 4019 977 4064 crucem
1002 4010 1050 4064 est
1071 4013 1172 4064 actua.

128 4085 340 4152 Athenienses
355 4105 441 4162 vero,
464 4084 581 4170 aliique
602 4085 689 4157 socii,
706 4085 759 4170 qui
781 4084 1012 4172 qninquaginta
1034 4085 1171 4153 triremi-

125 4170 183 4239 bus
198 4172 293 4254 vecti,
308 4171 373 4236 suis
387 4172 569 4247 successuri,
585 4171 618 4234 in
634 4169 815 4256 AEgyptum
830 4171 1040 4258 navigabunt3
1063 4193 1171 4236 rerum

124 4270 284 4346 gesnrnm
309 4279 441 4346 prorsus
463 4257 576 4347 ignari,
601 4257 646 4326 ed¹
662 4257 867 4328 Mendesium
892 4257 965 4324 Nili
989 4279 1090 4325 cornu
1113 4279 1172 4344 ap-

621 4353 678 4408 ut
