2982 4786
420 325 667 394 HISTORIAE
691 329 775 396 nm.
798 329 838 393 V.
1094 339 1159 399 809

115 507 222 562 autern
238 497 334 584 legati
353 499 579 584 pervenissent,
594 512 626 564 et
647 521 720 566 eum
735 499 796 566 alia
819 499 1071 580 denunciassent,
1087 513 1156 568 tum
1193 507 1256 560 ¹³0ss-

114 583 210 646 etiam
226 582 267 646 ad
283 598 462 649 extremum
477 585 642 662 dixissent,
658 586 718 650 nisi
733 588 963 652 lacedemonii
976 587 1155 653 societatem
1174 574 1264 688 3¹33·

115 689 189 732 oum
207 668 330 734 Boeotis
344 669 454 734 initam
469 669 666 750 dirimerent,
680 672 734 757 qui
747 672 850 738 soedus
863 693 960 738 seeum
973 673 1054 737 inire
1064 673 1156 738 nolu·
1171 671 1270 766 015„ss

115 767 219 835 erant,
233 777 267 818 se
281 777 417 841 quoque.
428 776 502 820 oum
517 757 652 843 Argivis,
669 779 845 843 eorumque
865 759 958 822 sociis
975 759 1155 824 societatem
1187 759 1272 860 :ff

113 838 272 906 facturos:
306 841 544 906 Lacedaemonii
566 841 809 927 responderunt,
825 864 858 906 se
878 845 1060 910 societatem
1082 866 1155 910 cum
1186 865 1215 914 υ·
1230 831 1258 918 ¹c.

117 923 240 990 Boeotis
255 925 366 990 initam
383 947 448 991 non
470 927 671 1008 diremturos,
687 933 776 1012 (nam
792 928 937 994 Xensres
953 929 1103 1013 Ephorus
1124 943 1157 996 et
1184 930 1258 985 Vm·

115 1009 179 1086 aiii,
204 1023 361 1098 quotquot
381 1011 520 1097 ejusdam
543 1012 688 1078 factionis
709 1025 811 1089 eraut,
834 1014 1004 1092 evicerant,
1030 1028 1065 1080 ut
1086 1016 1156 1080 haee
1191 993 1257 1094 ³³4·
1310 1093 1314 1098 Ι

114 1093 254 1179 herent,)
272 1097 402 1162 foederis
421 1110 528 1164 tamen
546 1097 769 1183 jusjurandum
793 1098 888 1164 Nicia
908 1111 1041 1184 rogante
1062 1122 1156 1166 reno-

114 1195 243 1247 varunt.
287 1181 466 1248 Verebatur
480 1185 576 1261 enim,
592 1205 633 1248 ne
643 1183 737 1248 rebus
752 1184 900 1248 omnibus
914 1205 1044 1268 prorsus
1059 1185 1156 1266 infeo-

115 1267 155 1331 tis
170 1265 286 1344 abiret,
301 1289 339 1332 ao
353 1267 438 1333 mals
457 1268 620 1353 audimt(
643 1269 708 1335 uod
725 1271 821 1334 etiam
844 1267 971 1351 accidit)
989 1271 1075 1355 quod
1097 1269 1156 1334 foe-

116 1351 230 1416 derum
255 1373 329 1416 cum
353 1353 606 1418 Lacedaemoniis
622 1291 844 1420 iaciendorum
866 1366 959 1420 autor
980 1376 1048 1420 osse
1069 1355 1156 1422 vide·

114 1449 214 1502 retur.
253 1436 337 1504 Cum
350 1453 456 1504 autem
465 1439 533 1523 ipse
547 1439 702 1517 rediisset,
717 1450 750 1504 et
764 1439 974 1504 Athenienses
984 1441 1156 1524 audissent,

114 1522 197 1588 nihil
211 1545 231 1586 e
246 1522 497 1590 Lacedaemoniis
518 1525 722 1611 impetratum
736 1523 842 1602 fuisse,
864 1524 1029 1591 ooniestim
1042 1527 1156 1628 indig-

115 1610 185 1674 nari
200 1623 375 1694 coeperunt,
391 1622 423 1675 et
437 1610 585 1695 iujuriam
601 1610 661 1676 sibi
676 1611 742 1675 beri
755 1623 919 1694 ¹putantes,
936 1632 1008 1676 cum
1025 1613 1156 1700 Argivis

115 1715 291 1780 eorumque
304 1695 396 1760 sociis
411 1695 557 1780 (aderant
570 1697 655 1760 enim
671 1695 728 1773 illi,
741 1697 781 1760 ab
793 1696 961 1766 Alcibiade
967 1697 1155 1781 introducti)

113 1779 237 1846 soedere
250 1802 289 1846 ao
303 1783 483 1848 societatem
499 1781 651 1860 iecerunt,
667 1780 717 1846 his
731 1781 844 1850 verbis.

156 1873 212 1936 47.
235 1876 259 1910 ‘⁶
274 1868 426 1934 Fmoana
439 1872 583 1936 iecerunt
593 1867 816 1952 Athenienses,
830 1885 862 1937 et
873 1873 997 1960 Argivi,
1010 1884 1042 1937 et
1056 1871 1155 1938 Man-

113 1951 203 2034 tinei,
219 1963 252 2017 et
267 1953 348 2032 Elei,
365 1957 396 2020 in
419 1977 519 2021 annos
534 1969 671 2034 centurn,
687 1978 747 2040 pro
761 1980 794 2022 se
808 1957 894 2041 ipsis,
916 1971 949 2023 et
969 1979 1031 2042 pro
1051 1959 1154 2038 sociis,

114 2037 231 2123 quibus
254 2043 380 2127 utrique
401 2057 552 2124 praesunt,
575 2043 698 2108 sincera
719 2055 752 2107 et
771 2043 949 2121 oommoda,
974 2059 1037 2108 tam
1058 2055 1155 2125 term,

113 2145 210 2209 quam
227 2129 316 2191 mari.
362 2126 458 2192 Nefas
472 2141 578 2194 autem
590 2129 630 2192 sit
645 2129 794 2216 Argivos,
809 2141 842 2193 et
857 2127 962 2205 Eleos,
978 2141 1011 2193 et
1032 2128 1155 2194 Manti-

112 2230 201 2287 neos‚
224 2232 398 2298 eorumque
418 2215 531 2291 socios,
556 2212 814 2292 Atheniensibus,
839 2235 877 2278 ao
906 2215 1009 2294 sociis,
1038 2214 1155 2300 quibua

113 2295 325 2362 Athenienses
344 2299 510 2383 imperant,
526 2320 616 2362 arma
629 2300 808 2364 detrimenti
830 2320 925 2364 causa
939 2298 1067 2365 inferre.
1111 2299 1156 2365 Et

110 2381 236 2446 nieiraim
250 2382 337 2448 nehs
351 2384 392 2449 sit
406 2386 625 2461 Athenienses,
640 2406 814 2470 eorumque
828 2385 939 2461 socios,
963 2385 1101 2472 Argivis,
1124 2397 1158 2450 et

114 2463 215 2546 Eleis,
235 2479 266 2532 et
290 2469 474 2549 Mantineia,
496 2490 670 2554 eorumque
690 2471 783 2534 sooiis
805 2470 870 2534 ulla
893 2469 941 2534 rel
961 2468 1082 2546 fraude,
1106 2469 1157 2536 vel

111 2551 359 2620 machinatione.
404 2555 470 2619 His
491 2555 726 2620 oonditionibus
745 2554 964 2631 Athenienses,
987 2568 1020 2619 et
1033 2555 1156 2640 Argivi,

113 2649 147 2702 et
162 2635 244 2714 Elei,
259 2653 293 2703 et
308 2635 468 2706 Mantinei
482 2641 546 2705 sint
559 2640 636 2706 socii
647 2653 774 2705 eentum
789 2661 900 2706 annos.
946 2638 1029 2704 Etsi
1050 2638 1157 2704 hostes

112 2721 148 2786 in
180 2725 420 2790 Atheniensium
450 2745 566 2790 arum
595 2723 775 2802 invaserint,
802 2725 928 2828 Argivi,
953 2735 986 2789 et
1015 2724 1096 2802 Elei,
1123 2736 1156 2790 et
1222 2757 1225 2762 ·

112 2807 272 2874 Mantinei
289 2810 431 2876 Athenas
445 2747 492 2876 si
501 2831 595 2895 opem
609 2811 773 2876 ferendam
788 2821 929 2887 venrant,
943 2820 1042 2894 prout
1055 2811 1158 2875 Athe·

111 2892 237 2958 nienses
255 2895 329 2976 ipsis
350 2896 624 2996 denunciaverint,
646 2896 769 2961 ratione
790 2916 893 2998 quarn·
910 2897 1063 2996 acerrima
1084 2909 1156 3043 flot-

111 2993 224 3130 iiii
236 2980 1156 3154 ii⁰rissiii¹isir⁰hbisiissffh⁵riimitiis&

111 3169 175 3234 pro
190 3149 280 3216 hoste
293 3149 459 3232 habeatur,
474 3165 506 3217 et
518 3175 540 3217 s
553 3151 674 3216 cunctis
685 3150 734 3214 his
749 3149 926 3216 civitatibus
940 3151 1018 3214 bello
1025 3159 1157 3234 petatw

110 3257 152 3299 ac
166 3248 308 3302 veretur.
353 3237 443 3302 Nulli
459 3259 534 3302 vero
549 3237 663 3302 haram
678 3236 842 3300 civitatum
856 3234 974 3299 bellurn
990 3237 1156 3298 communi-

109 3330 161 3384 ter
181 3320 347 3404 surreptam
371 3323 520 3388 adversus
545 3323 638 3386 istam
660 3323 789 3388 hostium
811 3320 973 3386 civitatem
996 3317 1156 3404 deponere

109 3405 216 3483 liceat,
232 3408 293 3470 nisi
307 3409 429 3473 eunctis
443 3411 522 3474 idem
537 3407 690 3472 videatur.
736 3406 880 3470 Vicissim
896 3417 1001 3468 autem
1018 3401 1155 3468 Atheni·

109 3513 202 3556 enses
220 3513 349 3578 quoque
372 3496 489 3580 Argos,
513 3493 723 3569 Mantineam,
738 3503 771 3556 et
793 3491 866 3556 Elin
882 3489 924 3554 ad
946 3511 1040 3573 opem
1053 3487 1157 3553 feren-

110 3575 188 3641 dam
204 3578 458 3662 profiaisoantur,
473 3580 499 3643 si
514 3578 619 3646 hostes
633 3576 806 3643 invaserint
821 3577 852 3640 in
865 3597 980 3662 agrum
991 3573 1155 3653 Eleorum,

111 3675 168 3726 aut
184 3661 439 3740 Mantineorum,
452 3675 507 3730 aut
526 3664 734 3752 Argivorum,
749 3675 846 3747 prout
859 3659 911 3726 hae
926 3661 1067 3726 civitates
1081 3661 1158 3744 absis

109 3747 626 3904 {35:⁴⁶⁰ttti¹¹t'⁴⁴⁰tttt:t
650 3749 1102 3910 tto'ttntttttntttl
1104 3745 1158 3896 *2³13

111 3919 376 4000 Atheniensibus,
389 3857 575 4007 eigArgiris,
591 3931 623 3984 et
638 3917 822 3996 Mantineia,
837 3931 870 3983 et
892 3917 979 3982 Eleis
993 3938 1054 4001 pro
1067 3916 1159 3980 hoste

109 4003 281 4085 habeatnr,
306 4017 339 4070 et
368 4029 385 4070 a
410 4006 531 4071 eunctis
557 4005 606 4068 bis
635 4005 814 4068 civitatibus
838 4013 985 4068 vexetur.
1030 3999 1157 4065 Bellum

109 4103 218 4156 autern
244 4091 395 4156 adversus
415 4092 501 4156 hanc
523 4091 681 4154 civitatem
703 4099 868 4172 maceratum
889 4087 1049 4170 deponere
1070 4083 1158 4149 nefas

109 4175 165 4254 sit,
180 4175 242 4240 nisi
256 4176 576 4243 cunctis-civitatibus
591 4178 670 4238 idem
685 4175 840 4240 videatur.
888 4173 1048 4236 Praeterea
1068 4169 1159 4233 nulls

107 4263 222 4328 tamn
241 4263 398 4329 ciuitatum
407 4263 639 4348 soederatawm
660 4283 719 4346 per
732 4279 844 4347 agrurn
869 4277 972 4332 suum.
988 4267 1042 4324 sut
1056 4255 1156 4358 socio·

607 4367 628 4409 x
648 4355 666 4410 3
