2964 4786
351 323 416 384 ⁴26
720 307 1024 380 TilUCYlilDlS

255 503 316 554 neit
347 485 535 553 reficiendas
556 485 673 574 adegit,
695 485 721 549 si
743 505 806 570 qua
828 484 981 550 damnum
1004 479 1134 570 aliquod
1157 477 1342 581 accepim,
1362 489 1395 542 et

239 571 331 682 Ἠ,
349 574 510 639 onerarias
525 571 675 673 pfodaxit
689 583 764 636 ante
777 570 1014 676 suumurallum,
1028 569 1114 656 quod
1135 568 1177 634 ah
1192 569 1281 652 ipsis,
1295 581 1395 649 spor·

235 699 335 760 mm„
350 674 402 724 tus
416 658 557 725 conclusi
572 658 653 735 loco,
669 669 743 722 ante
756 677 852 723 naves
868 679 899 722 tn
916 677 996 722 marr
1010 655 1153 721 defixum
1173 652 1295 717 fumat:
1318 669 1396 713 nne·

249 763 289 809 sa
301 761 325 810 a
344 747 448 810 rarius
463 765 538 810 vero
552 744 663 808 binum
678 743 805 808 circiter
814 743 965 844 jugerum
981 743 1085 828 spatio
1099 743 1183 806 inter
1194 761 1227 803 se
1240 738 1397 802 distantes

252 823 321 872 Μ
348 831 527 908 cohoeasit,
550 843 597 908 nt,
620 831 647 893 si
669 851 734 915 qua
754 849 844 893 nans
868 843 1078 917 premeretur,
1100 828 1164 910 ipsi
1183 837 1292 889 tutum
1315 835 1398 886 meet

182 921 185 930 '
246 889 322 1002 {4⁸1
349 915 518 1006 refugium,
534 929 566 982 et
580 935 690 981 rursus
707 935 767 1000 per
786 917 888 982 otium
910 913 1049 980 exeundi
1069 910 1212 977 facultas.
1258 907 1397 974 Atheni-

245 1017 331 1066 usare
348 1023 440 1069 enses
452 1018 560 1068 sutem
576 1002 609 1066 iu
626 999 676 1067 his
696 1002 888 1090 apparandis
909 1014 1013 1070 tutum
1035 997 1120 1064 diem
1140 997 1182 1064 ud
1197 1007 1328 1062 noctem
1346 1015 1397 1060 ns-

248 1082 325 1131 Μὴ·
348 1111 411 1176 qne
425 1099 679 1154 consumserunt.

345 1191 348 1198 '
393 1185 446 1242 39.
472 1173 633 1241 Postridie
654 1195 732 1239 sero
754 1173 958 1260 Syracusani,
973 1170 1126 1238 maturius
1146 1168 1291 1258 quidem,
1307 1189 1398 1253 quast

347 1272 432 1339 unte,
449 1259 503 1325 sed
520 1272 625 1325 tumen
641 1258 752 1324 wdem
774 1271 807 1324 et
827 1257 985 1344 peditatus
1004 1273 1037 1332 et
1055 1255 1161 1323 clamis
1175 1268 1309 1332 constas,
1325 1275 1397 1319 snm

348 1344 598 1412 Atheniensibus
612 1343 840 1411 conflixerunt.
885 1345 970 1412 Cum
985 1355 1091 1410 autern
1105 1341 1247 1407 adversis
1260 1339 1398 1405 nasibus

347 1429 1398 1614 :tttlttttlsstt'tt‘ttntttwffltn

347 1614 442 1680 runtt
473 1603 577 1669 donec
605 1603 751 1680 Ariston,
779 1601 949 1703 Pyrrhichi
969 1605 1070 1687 filius,
1097 1601 1300 1676 Corinthius,
1327 1619 1398 1662 cm·

347 1689 450 1770 nium,
461 1689 519 1777 qui
532 1709 606 1754 curn
622 1690 829 1756 Srracusams
838 1703 917 1770 erat,
928 1689 1069 1773 optimus
1078 1686 1288 1777 gubernator,
1301 1685 1401 1750 stadt

342 1777 461 1926 putati}
480 1797 548 1874 suoe
566 1757 673 1878 classis
695 1774 840 1876 ducibus,
856 1784 893 1840 ut
913 1777 1073 1878 mitterent
1092 1772 1134 1839 ad
1147 1793 1216 1854 ens,
1229 1769 1398 1921 quihpiq

347 1881 446 2032 tm
462 1871 1399 2098 fflqtsssmssttffi

347 2035 490 2198 tun,
513 2053 627 2184 m:
645 2045 1342 2207 ttet‘lnttltttn⁶t⁰tnt⁰n
1366 2125 1400 2179 u

347 2215 457 2269 nautae
470 2203 537 2269 illic
550 2204 697 2291 expositi,
709 2205 815 2270 statim
825 2206 922 2292 juxta
936 2225 1032 2271 naves
1045 2201 1253 2292 pranderent,
1265 2211 1300 2266 et
1315 2200 1400 2266 intra
1478 2215 1480 2222 ’

347 2289 446 2354 breve
466 2292 601 2374 mutium
622 2309 741 2369 rursus,
758 2290 854 2378 idque
872 2290 984 2357 εοάοω
1002 2289 1066 2373 die,
1081 2289 1297 2355 Athenienses
1317 2285 1399 2352 nihil

347 2373 532 2461 hujusmodi
547 2387 765 2462 exspectantes
778 2378 1037 2465 aggrederentur.

391 2469 446 2528 40.
470 2463 578 2550 Atque
591 2461 626 2526 hi
648 2462 778 2549 quidem
798 2463 888 2548 sijau
906 2465 1006 2530 uerbis
1024 2461 1155 2529 adducti
1167 2461 1323 2527 nautinrn
1340 2458 1399 2524 mi-

347 2561 468 2626 serunt,
484 2559 516 2612 et
531 2559 686 2614 meruatns
706 2565 878 2636 apparatus
894 2561 951 2616 est.
996 2549 1041 2616 Et
1056 2547 1250 2634 Syracusani
1264 2557 1400 2632 repente

347 2634 381 2698 in
396 2635 531 2720 puppim
546 2637 736 2722 remigantes
750 2645 781 2699 et
800 2637 904 2701 cessim
925 2645 1040 2726 euntes,
1054 2633 1167 2702 urbem
1181 2655 1290 2699 versus
1305 2631 1398 2697 nan·

413 2719 457 2784 du
471 2742 505 2784 se
522 2732 723 2805 receperunt.
768 2721 812 2786 Et
832 2723 939 2786 statim
954 2743 1106 2787 exscensu
1123 2719 1221 2798 fuam,
1235 2719 1281 2784 ibi
1295 2738 1400 2820 pran-

370 2805 437 2868 ium
461 2819 652 2872 sumserunt.
699 2806 910 2873 Athenienses
934 2828 1022 2886 vero,
1046 2807 1272 2884 existimantes,
1295 2825 1398 2890 ιμοι,

348 2903 385 2956 ut
408 2913 430 2954 a
455 2913 489 2957 se
512 2892 622 2970 victos,
649 2891 691 2957 ad
720 2913 810 2957 suam
832 2894 943 2960 urbem
975 2894 1009 2958 in
1034 2893 1171 2979 puppim
1200 2891 1400 2978 remigantes

349 2997 416 3040 sese
431 2978 582 3063 recipere,
597 2998 655 3064 per
674 2977 775 3044 otium
798 2981 833 3042 s'n
851 2981 925 3045 ls'tus
944 2981 1071 3068 egressi,
1087 3001 1161 3045 cnm
1177 2977 1308 3056 adalia,
1324 2991 1399 3042 tuns

347 3061 389 3127 sd
414 3063 586 3148 prandium
608 3062 842 3149 expediendum
865 3087 900 3130 se
920 3066 1136 3143 coutulerunt,
1156 3064 1243 3150 qnod
1265 3061 1399 3127 nullum

268 3173 273 3184 ·
347 3149 460 3214 navale
473 3149 622 3234 proelium
643 3148 779 3234 surplius
798 3173 837 3215 eu
856 3151 911 3216 die
931 3173 965 3216 se
985 3151 1212 3218 commissuros
1230 3161 1400 3234 putarent.

347 3235 746 3321 stupueruntque
766 3236 900 3301 navibus
914 3237 1079 3303 instructis
1101 3239 1136 3302 in
1155 3259 1206 3302 eus
1219 3257 1331 3301 russam
1346 3235 1399 3300 in-

347 3317 515 3386 vehuntur.
569 3319 621 3386 Illi
650 3340 727 3386 vero
755 3343 874 3411 magno
901 3343 975 3388 cum
1006 3323 1157 3399 tumultu,
1187 3334 1221 3386 et
1248 3321 1400 3408 plerique

342 3405 455 3491 jejuni,
471 3406 561 3472 nullo
581 3405 695 3471 ordine
714 3429 807 3474 naurs
825 3410 1090 3488 conscenderunt,
1106 3421 1138 3473 et
1155 3429 1242 3495 aegre
1261 3406 1399 3472 tandem

346 3489 473 3557 ousian
488 3494 565 3576 ipsis
579 3492 715 3558 iverunt.
762 3491 805 3559 Et
820 3515 895 3560 curn
914 3495 1112 3582 aliquamdiu
1125 3493 1186 3560 sibi
1200 3506 1362 3572 meantes,
1377 3516 1399 3559 a

346 3595 380 3640 se
409 3589 522 3644 mutuo
551 3577 791 3656 abstinuissent3
824 3591 935 3666 postea
962 3582 1101 3666 'placuit
1128 3579 1399 3661 Atheniensibus,
1476 3597 1477 3606 ¹

346 3679 413 3728 nnn
435 3663 555 3730 diutius
577 3663 622 3730 ibi
648 3663 802 3744 cuncnri,
824 3667 878 3732 sed
903 3687 1001 3754 qnam
1023 3667 1190 3736 celerrime
1212 3669 1309 3734 lusca
1339 3687 1398 3754 ag·

378 3879 755 4004 ifflffifflffihi,
766 3878 884 4009 ,dm
895 3884 1066 4009 alapiam.
1077 3955 1106 3999 ut
1122 3949 1257 4000 numne
1275 3961 1291 3996 a
1308 3947 1398 4010 dp*

201 4065 207 4078 ·
346 4011 429 4058 hisare
439 4017 622 4070 superacutae.
631 4013 674 4058 aad
685 4014 869 4073 qumpssrnmn
880 4027 938 4062 eum
950 4017 1022 4062 haste
1030 4016 1219 4070 madum·
1240 4012 1320 4062 Valla.
1355 4011 1398 4068 ut,

346 4075 407 4122 dum
419 4079 593 4122 caecarentur
600 4075 711 4134 petam
722 4078 819 4132 talem
834 4079 971 4140 semetipsis
987 4081 1129 4128 lassitudine
1145 4081 1332 4140 superarentur.
1365 4078 1399 4126 11

347 4139 397 4184 est.-
412 4141 514 4198 longam
525 4139 631 4185 inediam
644 4140 784 4198 tolerantes,
795 4143 904 4190 sinerent
915 4158 959 4190 sun
969 4157 1070 4204 corpora
1080 4143 1204 4204 fatiscere,
1214 4151 1239 4194 et
1249 4145 1282 4190 ab
1297 4156 1329 4189 ea
1341 4149 1397 4189 tau-

347 4215 422 4262 quam
433 4203 465 4248 ah
476 4203 544 4248 hoste
554 4203 681 4251 debellari.
714 4205 793 4252 Potest
804 4210 880 4255 tusus
892 4206 1031 4257 ἅλίηιιθιι
1041 4206 1254 4273 ssmljsimplitlus,
1262 4205 1398 4272 &fertus

348 4267 499 4328 “malm
509 4267 606 4332 mlvi»
629 4269 710 4331 Supi-
742 4271 821 4321 lm.
