2996 4782
6 253 8 382 l

6 405 8 442 l

435 281 684 352 HISTORIAE
708 281 798 349 utu.
819 225 846 348 l.
1113 289 1153 347 41

6 445 7 470 l
106 415 216 530 enim,
247 450 336 540 quod
365 453 563 538 producitur,
600 454 789 541 plerumque
821 451 1021 518 calamitosos
1053 453 1159 520 exitu·

119 537 237 603 hebere
251 539 342 604 solet.
379 543 408 604 A
422 540 536 628 quibus
550 543 673 625 utriqroe
686 555 719 606 et
732 541 851 625 puriter
863 539 1026 617 obsumus,
1037 553 1070 604 et
1084 551 1159 606 utro

120 624 218 688 modo
240 626 353 688 rescit
374 646 508 703 cessure,
524 627 645 692 incerte
662 626 730 690 eles
751 637 902 690 tentetur.
948 623 992 688 Et
1014 624 1159 690 homines

116 713 267 794 plerique,
283 733 382 797 quum
401 711 441 775 ud
463 711 580 776 bellum
601 709 855 797 proficiscuntur,
871 732 921 775 res
943 710 1032 796 prius
1045 733 1159 800 eggre-

118 795 264 876 diuntur,
279 818 358 883 quos
371 809 482 882 postes
492 819 603 881 gerere
616 797 794 882 oportebat.
840 795 951 872 Quum
968 811 1074 862 eutem
1089 819 1159 863 ιιιιι-

120 879 155 960 ΙΙίιι
171 882 242 966 jem
258 893 459 968 premuntur,
474 883 759 950 consultationibus
772 895 916 948 utuntur.
962 883 1047 948 Cum
1060 882 1160 971 igitur

119 987 226 1051 neque
238 968 372 1056 nosipsi
387 967 494 1033 adhuc
504 969 539 1034 in
552 968 618 1034 ulls
633 969 812 1055 hujusmodi
826 968 921 1056 culpe
935 969 1043 1048 simus,
1055 991 1159 1057 neque

120 1074 175 1116 vos
191 1055 227 1116 in
246 1077 285 1117 eo
299 1077 367 1119 esse
380 1055 554 1132 videamus,
570 1077 625 1120 vos
641 1075 815 1132 monemus,
831 1056 907 1120 dum
922 1055 1084 1142 integrum
1098 1069 1158 1134 est,
1188 1057 1190 1062 ’

121 1139 266 1288 titt
280 1141 767 1292 tttttf‘tmtlt‘ttttltit:
778 1140 1161 1314 ‘iiiiii’uiiialiil

119 1308 250 1374 foederis
278 1321 384 1398 puoto.
428 1312 559 1399 Alioqui
585 1313 674 1378 Deos
697 1313 866 1396 studerunt,
891 1333 930 1377 ec
953 1313 1161 1399 jurisjurandi

120 1397 275 1496 presides
288 1399 465 1501 contesteti,
481 1421 546 1477 vos,
562 1399 589 1463 si
607 1398 694 1500 bello
711 1421 770 1501 pos
788 1399 959 1477 lacessatis,
974 1399 1161 1484 propulsare

120 1482 378 1636 oelzllaellie?
391 1500 797 1636 ¹iiiiidilidnlddsmdeilrldlrstlnt.
850 1569 1023 1659 Postquam
1053 1583 1160 1637 nutem

123 1653 362 1730 Lscedoemonii
378 1659 545 1722 audierunt
559 1659 717 1722 sociorum
732 1660 876 1744 querelas
889 1658 1043 1723 adversus
1059 1657 1161 1725 Athe·

121 1740 255 1818 nienaes,
272 1753 304 1806 et
328 1765 400 1829 quae
416 1743 626 1808 Athenienses
643 1744 802 1821 dixerunt,
818 1746 986 1809 summotis
1000 1744 1159 1823 omuibus,

119 1826 204 1890 inter
227 1828 346 1913 seipsos
368 1829 523 1894 derebus
545 1830 755 1915 praesentibus
777 1829 957 1898 consultore
982 1844 1161 1915 coeperunt.
1287 1859 1289 1862 ·
1362 1903 1373 1924 x

122 1914 232 1997 Atque
246 1916 348 1999 major
361 1915 487 1980 illorum
503 1937 577 2001 pars
591 1916 790 1979 consentiens
803 1915 937 1979 eundem
948 1915 1023 1979 tulit
1034 1928 1160 1981 senteu-

121 1999 210 2076 tiam,
229 2000 440 2066 Athenienses
459 2004 526 2087 jum
541 2003 656 2088 injuste
670 2023 776 2088 egere,
792 2013 823 2066 et
842 2003 1080 2086 quamprimum
1092 2001 1158 2066 bel·

122 2083 187 2148 lum
203 2107 271 2149 esse
286 2085 475 2152 iaciendum.
529 2086 741 2152 Archidemus
756 2096 831 2150 v'ero
844 2089 986 2172 ipsorum
1008 2087 1090 2167 Rex,
1104 2090 1160 2174 qui

121 2185 153 2234 et
166 2171 311 2255 prudens
325 2189 357 2237 et
371 2174 530 2238 modestus
544 2175 593 2238 vir
607 2195 675 2239 esse
689 2172 866 2256 videbatur,
881 2175 913 2238 in
928 2171 1068 2239 medium
1084 2195 1159 2259 pro·

1 2349 2 2352 Ἴ
121 2279 258 2342 gressus,
274 2257 358 2323 hanc
370 2259 480 2325 habuit
495 2262 682 2325 orationem.

165 2349 219 2408 80.
244 2349 265 2384 “
276 2345 349 2409 lusu
365 2369 503 2433 quoque,
521 2347 769 2425 Lucedaemonii,
784 2346 956 2411 multorum
978 2348 1047 2432 jam
1062 2345 1174 2426 bellos

1 2395 2 2488 f
122 2448 192 2492 rum
209 2451 280 2493 sum
298 2432 429 2516 peritus,
447 2446 478 2496 et
498 2432 568 2496 illos
583 2433 624 2496 de
638 2429 736 2509 vobis,
752 2433 807 2518 qui
829 2445 906 2497 sunt
925 2431 1035 2496 eedem
1055 2445 1159 2512 estete,

1 2515 2 2548 ;
121 2535 182 2599 qua
200 2539 273 2598 ego,
284 2521 365 2600 pnri
380 2521 501 2601 peritia
518 2522 671 2602 preditos
691 2541 753 2582 esse
774 2519 881 2594 vide03
905 2519 951 2582 ite
971 2531 1008 2582 ut
1029 2533 1161 2602 propter

1 2619 2 2662 1
122 2601 314 2685 imperitiam
333 2605 439 2670 nullus
454 2608 588 2688 spectum
612 2603 686 2668 belli
701 2603 834 2689 cupidus
850 2605 893 2670 sit
905 2603 1040 2680 futurus,
1057 2604 1157 2690 (quod

123 2687 230 2752 multis
253 2690 395 2772 eccidiu)
415 2713 518 2777 neque
533 2694 568 2756 id
581 2691 701 2755 bonum
716 2702 872 2755 actutum
887 2691 928 2754 sit
947 2689 1158 2775 judicaturus.

1 2779 2 2812 ³
125 2772 201 2838 Hoc
215 2789 323 2840 sutem
340 2775 468 2854 bellum,
484 2777 524 2841 de
539 2799 604 2863 qno
618 2797 704 2840 nunc
718 2775 914 2856 consultatis,
930 2777 954 2838 si
970 2777 1040 2861 quis
1053 2777 1160 2862 ipemn

65 2865 67 2868 ’
119 2863 280 3010 qqpienter
293 2864 509 2948 perpenderit,
521 2885 585 2927 non
602 2861 770 2926 minimum
784 2861 852 2925 iore
865 2864 1049 2946 comperiet.
1074 2861 1159 2926 Nem

163 2969 272 3012 versus
293 2950 422 3036 quidem
448 2949 695 3035 Peloponnesios
714 2960 746 3012 et
767 2946 920 3012 finitimos
937 2957 1056 3013 nostres
1077 2949 1160 3012 vires

118 3046 194 3098 sunt
215 3055 318 3120 prope
339 3041 441 3120 peres,
460 3047 493 3099 et
507 3037 575 3100 cito
592 3034 633 3098 ad
654 3033 780 3120 singule
799 3055 900 3098 cortem
919 3036 1036 3118 oppida
1052 3035 1159 3098 venire

120 3141 301 3202 possumus.
348 3121 411 3186 Sed
426 3123 575 3186 adversus
591 3120 683 3194 uiros,
695 3121 751 3206 qui
765 3132 798 3182 et
813 3141 925 3208 ugrum
942 3119 1055 3204 procul
1070 3119 1158 3185 inco·

119 3205 201 3285 lunt,
217 3219 251 3270 et
273 3219 427 3293 proeteree
449 3229 556 3272 rerum
576 3207 810 3271 maritimarum
828 3217 903 3269 sunt
916 3205 1110 3290 peritissimi,
1125 3217 1158 3270 et
1221 3223 1226 3229 ·

118 3295 245 3357 caeteris
270 3293 420 3359 omnibus
441 3295 536 3358 rebus
561 3293 681 3378 optime
710 3302 784 3356 sunt
813 3291 972 3368 instructi,
995 3302 1028 3354 et
1051 3291 1157 3376 privu-

118 3380 168 3456 tis,
192 3393 226 3443 et
247 3378 385 3465 publicis
407 3379 531 3465 opibus,
553 3391 586 3443 et
607 3379 751 3455 navibus,
774 3388 805 3442 et
826 3377 926 3464 equis,
944 3389 977 3442 et
997 3377 1106 3454 ermis,
1125 3387 1160 3442 et

119 3463 289 3529 hominum
303 3467 408 3551 copis,
425 3477 544 3552 quante
558 3466 592 3528 in
606 3464 696 3528 nulls
709 3464 772 3529 ulie
795 3463 931 3528 Graecioe
945 3475 1037 3547 purte
1049 3477 1107 3541 est,
1122 3464 1158 3528 in

119 3571 185 3614 uno
198 3551 365 3616 dunuxat
377 3552 460 3628 loco,
474 3557 643 3636 (prseteree
653 3573 729 3614 vero
739 3548 856 3614 multos
870 3549 973 3637 socios
988 3549 1157 3700 vectipules

119 3637 266 3718 habeon)
289 3659 354 3723 quo
376 3637 504 3702 tandem
527 3636 624 3701 modo
649 3636 768 3701 bellum
790 3634 940 3700 adversus
962 3634 1039 3700 istos
1098 3635 1158 3700 cile

118 3725 280 3808 suscipere
293 3721 445 3810 oportet?
466 3732 498 3788 et
520 3745 585 3810 qua
602 3745 638 3787 re
657 3721 766 3800 fretos,
781 3743 856 3786 cum
878 3722 977 3786 simus
997 3721 1158 3807 imperati,

119 3833 173 3875 nor
193 3813 275 3874 adeo
296 3809 466 3875 festinare?
488 3812 540 3875 An
563 3807 684 3873 classe?
706 3810 753 3872 At
775 3810 831 3871 luc
852 3806 1016 3872 inferiores
1039 3829 1157 3872 sumus.

121 3897 184 3962 Sed
206 3896 285 3961 sisi
308 3895 462 3981 perendae
481 3917 611 3982 operam
632 3894 754 3971 danus,
777 3906 809 3958 et
830 3915 888 3958 nos
910 3894 1058 3958 adversus
1088 3897 1158 3959 illos

120 3983 325 4060 instruamus,
339 3985 373 4046 in
386 3985 601 4066 hacpnrando
614 3989 760 4065 ’tempus
774 3993 904 4045 teretur.
949 3980 1014 4045 Sed
1027 3979 1158 4044 fortasse

120 4069 273 4154 pecunia?
289 4069 336 4136 At
344 4070 405 4135 isto
412 4068 514 4135 multo
524 4068 619 4134 οιίιιιι
627 4087 737 4132 sumus
748 4065 922 4145 inferiores,
929 4087 988 4133 nec
998 4068 1032 4132 in
1042 4065 1157 4133 oernsio

393 4260 538 4323 rumpere
549 4274 610 4324 opus
619 4261 672 4309 crit.
706 4259 767 4308 Atti.
800 4234 900 4307 fluns»

632 4401 679 4567 ζ
814 4429 930 4556 <N

505 4563 547 4638 ἱ
